1942 3308
805 278 1089 327 ..57-

182 410 327 468 Itaque
354 407 549 453 Manilius
589 423 707 452 suum
740 424 903 452 versum
937 421 1119 467 pangere
1150 406 1281 468 potuit
1315 421 1473 450 memor
1501 404 1587 449 eius
1616 403 1708 461 loci,

182 480 252 537 qui
275 481 315 522 in
339 479 739 537 Metamorphosibus
762 487 907 533 exstat,
937 493 1071 536 neque
1092 486 1317 521 statuamus
1340 493 1503 520 neccsse
1528 483 1589 519 est
1614 491 1707 519 eum

181 549 378 591 Tristium
396 557 587 606 quartum
607 549 755 590 librum
779 549 1018 605 inspexisse,
1043 548 1111 606 qui
1130 563 1237 590 anno
1262 549 1306 589 ll
1331 554 1372 589 et
1394 547 1530 604 priore
1546 545 1641 587 anni
1658 545 1709 587 12

181 626 299 675 parte
329 618 578 675 compositus
610 617 791 660 eiusdem
819 618 915 658 anni
951 618 1004 659 12
1035 624 1188 659 aestate
1213 617 1274 659 vel
1306 623 1503 658 autumno
1532 614 1707 657 Romam

182 687 347 729 videtur
377 687 560 743 perlatus
602 702 689 728 esse
728 685 924 739 (Cramer
956 686 980 729 1.
1011 686 1036 729 Ι.
1070 701 1110 743 p.
1141 687 1169 728 4
1199 693 1282 730 not.
1322 687 1381 738 l).
1443 683 1711 741 Quapropter

183 756 259 798 etsi
297 754 555 808 Cramerum,
595 756 716 813 primi
759 755 850 797 libri
883 770 1044 797 versum
1079 756 1162 798 329
1206 761 1452 810 argumento
1484 768 1572 795 esse
1603 752 1708 795 arbi-

160 828 336 867 'tratum
369 825 530 866 initium
564 825 685 866 huius
723 824 816 866 libri
858 839 966 866 anno
996 824 1045 865 12
1083 824 1222 865 fictum
1255 838 1357 877 csse,
1387 838 1479 864 cum
1509 822 1708 864 Tristium

181 894 208 938 l.
240 894 280 938 4.
313 893 496 936 earmina
536 894 576 934 in
621 893 773 935 recenti
813 900 958 950 poetae
1002 892 1200 934 memoria
1242 899 1390 944 essent,
1430 891 1549 934 certis
1587 904 1709 946 argu-

181 963 331 1005 mentis
349 962 540 1004 refellere
562 977 735 1019 nequeo,
755 969 892 1004 tamen
916 962 1198 1003 necessitatem
1226 961 1345 1003 huius
1368 961 1522 1002 arbitrii
1541 974 1708 1018 possum

182 1047 350 1088 negare.
413 1031 536 1084 Quod
569 1039 707 1073 autem
746 1047 799 1074 cx
831 1031 1011 1073 Ponticis
1044 1031 1229 1088 epistulis
1261 1031 1567 1088 deprompsisse
1597 1028 1708 1071 vide·

182 1109 297 1144 retur
328 1108 463 1158 poeta,
499 1101 599 1142 nihil
638 1101 806 1143 omnino
840 1101 877 1142 in
910 1101 1042 1158 primo
1076 1101 1179 1142 libro
1207 1100 1360 1144 inveni.
1423 1101 1510 1141 lam
1539 1113 1708 1141 consen·

181 1177 348 1214 taneum
381 1171 488 1224 est¹)
520 1170 676 1228 priores
704 1170 904 1212 Tristiurn
947 1178 1084 1227 partes
1115 1170 1250 1212 Roma
1287 1170 1517 1227 profectum
1548 1168 1588 1209 in
1621 1167 1709 1224 ipso

182 1240 329 1282 itinere
361 1240 560 1283 Ovidium
592 1240 816 1282 confecisse
847 1240 1117 1297 singulosque
1139 1239 1263 1281 libros
1294 1239 1450 1281 misisse
1482 1239 1521 1280 in
1550 1238 1707 1289 urbem,

182 1309 249 1351 ubi
292 1308 481 1351 celeriter
512 1309 840 1364 divulgarentur,
886 1318 929 1349 ut
970 1324 1236 1366 quamquam,
1281 1324 1362 1365 quo
1405 1309 1492 1350 fere
1524 1316 1709 1364 tempore

181 1378 357 1436 primam
389 1393 556 1420 manum
588 1378 871 1420 astronomicis
914 1386 1053 1420 noster
1095 1378 1349 1435 imposuerit,
1388 1377 1554 1419 aliunde
1595 1376 1710 1417 inscii

179 1463 336 1502 sumus,
378 1448 492 1489 nulla
527 1448 700 1490 imitatio
742 1449 893 1502 obstet,
938 1448 1157 1505 quominus
1201 1449 1280 1489 iam
1321 1463 1358 1492 a.
1400 1448 1452 1489 10
1493 1455 1534 1488 et
1573 1445 1709 1504 paullo

179 1524 273 1575 post
314 1532 406 1559 eum
458 1517 636 1574 primum
693 1518 843 1559 librum
895 1517 1072 1559 condere
1122 1517 1302 1574 potuisse
1347 1524 1537 1560 statuam.
1602 1516 1708 1558 Nam

172 1587 360 1644 *primum
392 1585 591 1628 Tristium
623 1586 787 1637 librum,
817 1601 939 1643 quem
973 1601 1054 1642 quo
1086 1594 1272 1643 tempore
1302 1586 1388 1642 ipse
1418 1601 1583 1628 carmen
1615 1601 1709 1627 con-

180 1655 348 1698 cinnare
376 1655 441 1698 vel
480 1656 614 1712 potius
646 1657 765 1698 edere
786 1656 932 1712 coepit,
965 1671 988 1696 a
1011 1655 1181 1697 Manilio
1210 1655 1362 1697 lectum
1394 1656 1594 1708 volumus,
1628 1656 1708 1697 iam

179 1726 318 1783 priore
345 1724 442 1767 anni
473 1724 621 1767 decimi
650 1732 766 1782 parte
794 1725 952 1767 Romae
982 1724 1224 1781 inspiciendi
1249 1732 1428 1781 potestas
1462 1725 1550 1769 fuit.
1589 1725 1709 1776 Quae

179 1809 272 1836 cum
305 1795 360 1837 ita
389 1795 484 1848 sint,
527 1810 608 1838 non
649 1795 876 1837 timendum
906 1795 1006 1836 mihi
1049 1801 1122 1848 est,
1167 1801 1211 1836 ut
1241 1795 1483 1852 particulam
1514 1796 1636 1837 modo
1670 1795 1708 1836 in

181 1863 293 1909 Man.
322 1865 344 1906 I
374 1865 457 1908 898
490 1866 545 1922 (p.
582 1867 629 1906 11
666 1872 705 1907 et
743 1866 808 1918 12)
842 1880 922 1906 non
956 1864 1056 1906 falso
1087 1865 1377 1921 interpretatus
1407 1866 1499 1909 sim.

319 1934 512 1977 Alterum
560 1934 709 1976 librum
758 1933 886 1975 multo
928 1940 1022 1990 post
1077 1933 1255 1990 primum
1303 1935 1579 1991 conscriptum
1622 1948 1710 1976 esse

180 2009 360 2046 statuere
398 2003 614 2048 Ovidianis
657 2003 768 2057 locis,
811 2018 914 2060 quos
957 2002 1149 2044 Manilius
1191 2003 1411 2045 imitabiles
1452 2004 1527 2045 sibi
1571 2003 1707 2059 elegit,

180 2088 262 2115 non
294 2073 494 2130 cogimur.
557 2073 666 2115 Nam
710 2072 751 2113 in
781 2072 858 2114 hoc
889 2072 992 2113 sicut
1034 2072 1074 2113 in
1116 2072 1250 2128 primo
1282 2072 1386 2115 libro
1419 2073 1555 2130 priora
1588 2073 1709 2114 modo

181 2141 323 2187 Ovidii
360 2143 541 2184 carmina
576 2142 756 2184 imitatus
788 2148 850 2184 est
881 2157 927 2183 ac
949 2149 1182 2199 postremus
1207 2142 1326 2184 huius
1358 2150 1504 2200 poetae
1532 2142 1708 2194 libellus,

179 2211 294 2254 cuius
323 2212 468 2254 similis
499 2211 611 2254 locus
643 2210 988 2268 deprehendatur,
1030 2211 1186 2268 primus
1218 2220 1289 2253 aut
1320 2212 1352 2253 si
1386 2213 1425 2254 in
1462 2229 1499 2256 v.
1529 2212 1612 2254 485
1645 2213 1709 2265 (ut

171 2283 375 2338 principe
406 2283 582 2338 dimicem
613 2286 696 2335 est,·
738 2279 818 2324 Ov.
852 2280 978 2324 Trist.
1013 2280 1052 2322 11
1089 2281 1168 2323 133
1202 2283 1262 2324 ita
1282 2283 1484 2338 princip-e
1515 2283 1710 2338 (liquam)

179 2357 461 2393 astronomum
505 2350 791 2394 Sulmonensis
833 2350 936 2391 vatis
978 2349 1224 2392 imitatorem
1266 2367 1355 2394 esse
1396 2360 1605 2408 putamus,
1649 2365 1709 2392 se-

180 2419 337 2461 cundus
359 2419 556 2462 Tristium
590 2419 695 2462 liber
725 2426 798 2463 est.
844 2419 911 2461 Ex
938 2419 986 2460 iis
1008 2419 1134 2473 libris,
1167 2421 1237 2477 qui
1260 2428 1353 2478 post
1375 2422 1484 2463 hune
1514 2421 1554 2463 in
1577 2421 1708 2463 lucem

180 2489 318 2532 emissi
358 2497 466 2543 sunt,
510 2489 693 2531 nondum
735 2496 874 2531 noster
914 2489 1078 2531 videtur
1120 2490 1278 2547 cepisse
1322 2491 1505 2534 haustus.
1568 2490 1709 2546 Neges

181 2558 290 2600 enim
320 2574 359 2603 v,
390 2558 437 2600 II
472 2559 552 2602 142
583 2562 638 2613 (et
671 2560 880 2615 {faculenta
921 2562 989 2602 sui
1030 2561 1187 2602 mundo
1221 2575 1306 2617 per
1350 2563 1546 2603 carticina
1585 2561 1709 2608 vatis)

180 2642 274 2669 cum
306 2627 446 2671 Ovidii
468 2627 547 2685 Ep.
577 2643 630 2670 ex
658 2629 706 2672 P.
735 2629 796 2671 IV
828 2629 866 2682 8,
899 2630 955 2672 43
989 2629 1095 2683 (Nec
1125 2634 1265 2672 tamen
1293 2631 1434 2686 officio
1470 2635 1609 2672 eatetm
1628 2644 1711 2685 per

181 2699 378 2739 carmina
397 2698 542 2752 facto)
575 2697 678 2740 adeo
709 2713 951 2754 congruere,
998 2705 1043 2740 ut
1074 2698 1234 2741 Manilii
1266 2714 1431 2741 versum
1464 2699 1552 2740 iure
1583 2698 1709 2755 possi-

321 2825 344 2863 1)
370 2826 412 2857 cf.
439 2825 602 2857 Teuffelii
630 2825 709 2858 hist.
733 2825 799 2858 litt.
826 2826 925 2859 Rom.
950 2827 970 2866 ἓ
997 2827 1085 2865 25ος
1123 2826 1158 2858 in
1186 2827 1309 2868 quinta
1335 2825 1488 2858 editione
1514 2825 1610 2857 edita
1635 2836 1709 2859 esse

182 2882 370 2923 exponitur
394 2882 561 2914 Tristium
588 2882 612 2915 l.
636 2883 652 2914 1
677 2883 711 2915 in
741 2883 867 2916 itinere
893 2894 975 2916 vere
1001 2895 1030 2916 a.
1057 2886 1088 2926 9,
1115 2885 1137 2916 l.
1167 2884 1200 2916 11
1225 2885 1288 2917 sub
1317 2884 1420 2915 finem
1447 2893 1476 2915 a.
1504 2885 1534 2925 9,
1561 2883 1582 2915 l.
1607 2884 1658 2915 111
1677 2895 1709 2918 a.

185 2940 238 2981 10,
262 2939 287 2972 l.
311 2940 362 2972 IV
387 2939 489 2972 initio
514 2950 546 2975 a.
577 2942 628 2981 11,
653 2940 676 2973 l.
705 2941 732 2972 V
758 2941 860 2974 initio
886 2951 917 2973 a.
947 2943 999 2974 12.
