1930 3320
933 308 1140 348 ..72-

296 399 409 439 nium
430 399 586 437 formas
604 399 643 434 et
659 394 823 444 ingenia
840 398 880 433 et
899 394 1063 433 habitus
1078 399 1146 434 aut
1167 393 1432 434 describendo
1454 396 1524 432 aut
1544 393 1765 433 alludendo

296 461 606 502 consumebant.
644 458 748 505 Quid
787 470 884 508 ergo
921 458 1091 506 mirum,
1123 458 1156 497 si
1188 458 1314 497 semel
1347 457 1488 496 rhetor
1519 456 1684 508 quidam
1715 456 1765 496 de

297 525 416 565 astris
443 523 519 562 sibi
547 521 800 573 loquendum
827 521 1078 561 decreverit?
1103 523 1160 561 Eo
1193 521 1420 573 praesertim
1453 524 1652 572 tempore,
1683 533 1765 572 quo

297 588 488 639 princeps
518 586 605 638 ipse
631 584 899 636 hominesque
930 584 1229 632 humanissimi,
1252 597 1325 623 nec
1348 584 1484 622 minus
1509 583 1701 633 ignarum
1727 587 1767 622 et

299 651 470 691 stultum
490 649 636 699 vulgus
657 648 889 698 astrologiae
913 649 1136 696 studerent,
1159 648 1371 699 sideraque
1401 646 1572 686 sollicite
1589 647 1765 686 interro-

299 718 458 766 garent,
481 726 572 766 quae
594 712 669 752 sibi
693 712 786 751 fatis
806 711 1009 751 destinata
1029 711 1168 751 suisset
1188 713 1367 751 fortuna.
1387 713 1534 761 Atque,
1555 710 1658 749 sicut
1679 710 1768 749 aliis

298 778 552 830 temporibus
578 776 710 816 multa
738 788 829 828 quae
859 775 910 814 ad
935 775 1174 826 religionem
1201 779 1271 814 aut
1297 774 1508 813 scientiam
1529 773 1769 825 spectabant

298 842 524 882 otiosorum
541 840 757 880 hominum
774 839 1105 890 elegantiumque
1120 837 1518 878 adolescentulorum
1537 837 1770 888 leviumque

300 905 546 945 feminarum
573 904 721 943 fabulis
747 903 903 954 agitata
931 907 1039 951 sunt,
1067 903 1126 941 ita
1149 903 1334 954 profecto
1361 905 1448 940 tum
1477 899 1701 951 astrologia
1728 900 1771 938 in

300 969 453 1020 animo,
476 973 521 1007 ut
540 969 597 1007 ita
623 967 770 1019 dicam,
792 971 831 1006 et
856 967 898 1005 in
922 979 991 1006 ore
1017 966 1231 1005 hominum
1261 964 1514 1004 versabatur.
1537 965 1639 1002 Nam
1660 962 1770 1002 vide-

301 1045 393 1072 mus
422 1033 465 1071 in
497 1032 676 1083 quadam
707 1030 890 1070 suasoria
915 1030 1205 1069 scholasticum
1234 1029 1443 1068 hominem
1464 1040 1546 1066 non
1570 1038 1703 1078 pauca
1722 1026 1772 1065 de

303 1109 352 1136 ea
369 1108 411 1135 re
431 1095 557 1135 verba
575 1095 716 1134 fecisse
741 1109 748 1132 :
775 1111 792 1130 (ι
815 1094 890 1141 Qui
910 1106 1006 1133 vero
1033 1093 1076 1132 in
1103 1092 1237 1132 media
1257 1105 1313 1140 se,
1336 1096 1380 1131 ut
1403 1091 1644 1143 praedicant,
1662 1091 1772 1129 fato-

299 1171 391 1198 rum
418 1159 564 1198 misere
589 1159 777 1210 pignora‚
802 1157 961 1197 natales
989 1157 1216 1208 inquirunt,
1244 1160 1283 1194 et
1311 1155 1486 1206 primam
1522 1154 1598 1194 aevi
1625 1154 1773 1192 horam

304 1222 489 1262 omnium
514 1234 717 1262 annorum
743 1221 900 1260 habent
921 1220 1130 1268 nuntiam;
1154 1232 1235 1271 quo
1267 1219 1387 1258 ierint
1413 1223 1528 1256 motu
1553 1217 1701 1267 sidera,
1731 1217 1774 1255 in

305 1298 407 1338 quas
433 1285 750 1325 discucurrerint
775 1288 927 1335 partes,
956 1289 1152 1322 contrane
1181 1283 1279 1321 deus
1310 1282 1480 1328 steterit,
1506 1293 1558 1320 an
1589 1280 1775 1332 placidus

304 1348 519 1389 adfulserit
538 1348 620 1396 sol;
643 1360 696 1387 an
718 1348 883 1399 plenam
904 1347 1053 1397 lucem,
1077 1345 1160 1398 [an]
1187 1346 1304 1384 initia
1328 1344 1532 1394 surgentis
1557 1343 1772 1395 acceperit,

302 1425 355 1453 an
376 1412 580 1452 abdiderit
604 1412 646 1450 in
670 1414 832 1450 noctem
857 1411 1071 1450 obscuram
1095 1412 1218 1460 caput
1244 1408 1363 1446 luna:
1389 1408 1586 1447 Saturnus
1605 1419 1776 1446 nascen-

303 1482 402 1528 tem,
425 1489 478 1516 an
498 1476 550 1515 ad
570 1475 679 1514 bella
704 1476 813 1514 Mars
835 1474 1020 1522 militem,
1044 1486 1096 1512 an
1117 1472 1374 1523 negotiosum
1399 1471 1439 1509 in
1471 1474 1653 1522 quaestus
1671 1471 1775 1510 Mer-

306 1540 442 1580 curius
475 1539 701 1591 exceperit,
733 1551 786 1578 an
816 1538 971 1577 blanda
1008 1537 1197 1576 adnuerit
1232 1535 1417 1575 nascenti
1453 1535 1611 1582 Venus,
1643 1547 1696 1573 an
1728 1546 1778 1573 ex

306 1603 453 1644 humili
484 1605 527 1643 in
558 1603 732 1642 sublime
757 1602 947 1654 Juppiter
971 1601 1123 1648 tulerit,
1150 1600 1356 1639 aestimant
1392 1612 1400 1638 :
1432 1602 1492 1637 tot
1517 1597 1624 1637 circa
1650 1609 1777 1636 unum

309 1672 433 1720 caput
460 1667 758 1706 tumultuantes
784 1666 894 1705 deos.
927 1681 945 1701 »
971 1666 1022 1703 At
1054 1664 1119 1703 hic
1149 1663 1282 1702 omnis
1315 1661 1522 1713 religionis
1552 1673 1698 1712 expers
1729 1673 1779 1700 ea

306 1731 542 1772 incredulus
563 1734 762 1782 tanquam
782 1741 889 1768 vana
908 1733 947 1767 et
972 1731 1208 1767 commenta
1228 1726 1383 1778 spernit
1402 1738 1410 1764 :
1435 1741 1453 1761 «
1478 1726 1648 1764 Incertae
1669 1724 1778 1763 enim

307 1796 428 1836 sortis
453 1795 627 1834 vivimus
655 1806 664 1833 :
700 1793 920 1845 unicuique
951 1792 1030 1831 ista
1058 1804 1133 1844 pro
1167 1790 1332 1841 ingenio
1365 1790 1591 1839 finguntur,
1619 1800 1704 1827 non
1729 1801 1779 1827 ex

307 1860 389 1900 fide
421 1858 599 1899 scientiae
627 1858 656 1896 ¹.
686 1874 705 1894 »
734 1858 833 1906 Quae·
861 1856 938 1895 nisi
970 1855 1158 1894 homines
1187 1854 1388 1893 delectare
1419 1851 1667 1898 debuissent,
1695 1845 1779 1891 non

310 1927 396 1964 tam
421 1923 588 1974 longum
616 1922 658 1960 in
683 1921 731 1960 iis
754 1920 875 1960 fuisse
901 1920 1109 1958 rhetorem
1140 1917 1276 1957 credo.
1305 1916 1420 1956 Unde
1447 1914 1622 1965 intelligi
1647 1918 1782 1966 potest

310 1999 382 2028 cur
403 1991 443 2026 et
463 1986 633 2026 Manilio
654 1983 900 2024 succurrerit
919 1982 1045 2022 talem
1069 1981 1287 2020 materiam
1308 1979 1472 2029 eligere,
1489 1983 1528 2018 et
1547 1979 1605 2018 ita
1623 1978 1782 2018 aridam

314 2063 362 2092 ac
382 2050 591 2091 difficilem
612 2050 696 2101 ipse
720 2061 811 2088 eam
828 2047 1086 2098 Judieaverit‚
1107 2049 1151 2084 ut
1172 2044 1380 2095 ingenium
1406 2042 1648 2094 explicantis
1674 2054 1784 2083 com-

314 2114 546 2166 mendaret,
568 2126 652 2152 non
672 2117 717 2152 ut
734 2112 857 2152 taedio
877 2114 1003 2163 atque
1023 2110 1118 2150 odio
1139 2109 1320 2159 legentes
1339 2106 1571 2146 conficeret.

1039 2319 1054 2360 I

367 2450 514 2488 Noster
526 2447 651 2499 igitur
667 2458 807 2486 versus
821 2445 870 2484 de
889 2447 1089 2483 astrorum
1110 2440 1325 2481 virtutibus
1342 2437 1581 2491 pangendos
1598 2435 1674 2475 sibi
1695 2446 1786 2486 pro·

318 2511 469 2584 posuit.
491 2512 593 2550 Nam
620 2509 713 2549 inde
737 2508 928 2561 sperabat
954 2518 1114 2546 summo
1141 2518 1233 2544 cum
1255 2504 1410 2543 honore
1435 2514 1508 2541 suo
1532 2499 1786 2539 declaratum

318 2575 384 2625 iri,
409 2578 565 2628 quanta
589 2573 793 2624 elegantia
822 2571 1069 2621 solertiaque
1095 2570 1137 2607 in
1159 2567 1384 2607 tractandis
1410 2577 1580 2617 poeseos
1608 2561 1788 2607 numeris

320 2639 441 2681 sciret
463 2638 536 2679 uti.
558 2637 682 2689 Cujus
708 2636 766 2676 rei
785 2636 847 2675 vir
866 2636 909 2674 in
936 2634 1078 2686 primis
1099 2633 1252 2685 peritus
1273 2632 1316 2670 L.
1339 2629 1483 2670 Muller
1509 2625 1788 2668 testimonium

324 2703 475 2745 summi
505 2701 698 2756 ponderis
723 2699 873 2748 attulit,
903 2699 945 2738 in
964 2696 1257 2737 Astionomicis
1283 2697 1509 2735 correctam
1536 2689 1788 2745 prosodiacae

353 2837 390 2891 .¹’
411 2837 494 2871 Seu.
513 2836 615 2876 rhet.,
632 2835 745 2873 Suas„
762 2834 814 2872 lv,
831 2835 865 2866 2e
884 2833 938 2866 ed.
956 2831 1141 2872 Kiessling,
1161 2840 1194 2871 p.
1212 2831 1262 2862 28.
