1936 3392
657 898 863 947 CAPUT
900 898 1149 947 PRlMUM

408 1127 464 1158 DE
501 1125 673 1157 MANILII
708 1124 896 1169 NOMINE,
936 1124 1105 1157 GENERE
1141 1125 1194 1156 ET
1228 1125 1394 1157 AETATE.

897 1339 913 1382 1

205 1445 308 1484 Cum
329 1445 560 1484 multorum
583 1457 633 1484 ex
651 1444 834 1496 antiquis
855 1444 1130 1496 scriptoribus
1158 1457 1287 1497 opera
1315 1449 1479 1484 tantum
1505 1445 1560 1485 ad
1582 1458 1660 1486 nos

150 1509 431 1563 pervenerint,
462 1522 596 1562 neque
633 1509 682 1549 de
715 1521 860 1549 eorum
898 1509 985 1548 vita
1004 1509 1275 1549 ac.moribus
1304 1514 1346 1550 et
1372 1510 1539 1561 ingenio
1573 1510 1660 1551 ulla

152 1587 329 1628 usquam
353 1575 508 1614 mentio
522 1574 874 1626 investigantibus
894 1578 1102 1622 occurrat,
1117 1574 1158 1613 id
1174 1575 1244 1614 uni
1259 1575 1346 1615 fere
1359 1575 1534 1615 Manilio
1553 1575 1660 1615 acci-

150 1639 225 1690 dit,
246 1643 292 1680 ut
311 1639 362 1680 de
382 1639 454 1679 illo
474 1639 595 1690 nihil,
618 1651 665 1680 ac
693 1651 745 1678 ne
772 1651 929 1679 nomen
953 1639 1139 1691 quidem,
1165 1643 1327 1680 constet
1357 1653 1366 1680 :
1393 1644 1438 1679 ut
1461 1652 1547 1680 non
1571 1643 1659 1680 tam

148 1708 276 1758 poeta
299 1704 455 1746 Velleio
478 1703 700 1744 Paterculo
728 1708 801 1744 aut
829 1705 876 1751 Q.
907 1703 1068 1752 Curtio,
1099 1717 1226 1756 quam
1256 1717 1410 1757 poema
1437 1705 1660 1757 anonymis

149 1769 232 1810 illis
250 1782 344 1822 quae
366 1769 544 1821 legimus
564 1773 636 1809 aut
653 1768 760 1809 falso
781 1769 858 1808 sub
877 1768 1084 1809 nobilium
1102 1773 1324 1822 poetarum
1343 1770 1515 1810 nomine
1533 1770 1661 1810 laten-

149 1835 262 1875 tibus
281 1834 447 1887 scriptis
466 1835 555 1875 vice
575 1834 756 1874 sortunae
777 1834 832 1874 sit
855 1834 1205 1887 comparandum.

204 1901 308 1940 Nam
336 1899 452 1940 nullo
482 1900 582 1939 satis
609 1904 721 1940 certo
750 1899 906 1939 indicio
930 1900 1149 1952 vulgatum
1180 1899 1284 1941 illud
1317 1900 1477 1941 Manilii
1506 1913 1660 1941 nomen

151 1965 404 2005 defenditur.
438 1965 532 2005 Sive
568 1965 678 2005 enim
715 1965 900 2005 Mallium
946 1965 1030 2005 sive
1066 1965 1273 2005 Manlium
1318 1966 1402 2006 sive
1442 1965 1659 2006 Manilium

153 2034 321 2083 poetam
342 2029 506 2070 codices
522 2029 563 2068 in
586 2030 708 2069 titulo
730 2030 1045 2070 Astronomicon
1072 2030 1319 2084 inscriptum
1348 2031 1508 2071 habent
1523 2032 1552 2080 ¹,
1575 2044 1661 2071 non

153 2108 203 2135 ea
228 2099 415 2135 veterum
443 2094 683 2134 testimonio
711 2095 859 2134 nititur
884 2095 1130 2148 appellatio,
1155 2096 1468 2149 recentiumque
1502 2096 1658 2136 scriba-

153 2173 246 2200 rum
265 2160 517 2213 conjecturis
538 2160 787 2213 imputanda
809 2164 885 2209 est,
899 2161 972 2214 qui
992 2161 1058 2201 vel
1079 2161 1268 2201 Gerberti
1286 2163 1338 2200 M.
1356 2162 1514 2202 Manilii
1530 2162 1660 2202 libros

153 2225 204 2266 de
226 2225 456 2278 astrologia
473 2226 652 2278 petentis
670 2225 684 2247 ²
706 2226 749 2265 in
768 2225 961 2279 epistola,
985 2227 1052 2266 vel
1071 2225 1195 2266 Plinii
1222 2238 1307 2266 non
1327 2239 1458 2266 unum
1477 2226 1661 2267 astrolo-

153 2291 232 2343 giae
258 2290 445 2331 deditum
471 2290 686 2330 Manilium
714 2291 870 2343 passim
899 2291 1127 2340 laudantis,
1150 2291 1216 2331 vel
1246 2291 1466 2331 Claudiani
1492 2304 1659 2344 quoque

153 2355 282 2396 Malui
306 2355 517 2396 Theodori
547 2356 686 2396 studia
716 2360 757 2396 et
789 2356 946 2409 scripta
975 2356 1186 2397 efferentis
1218 2357 1497 2397 meminerint.
1527 2357 1658 2396 Nemo

154 2433 254 2461 sane
280 2425 377 2462 ante
405 2425 568 2462 sextum
600 2421 809 2462 decimum
837 2421 1024 2462 seculum
1053 2421 1209 2462 Manilii
1238 2426 1312 2462 aut
1338 2421 1482 2462 Manlii
1507 2434 1662 2462 nomen

154 2484 356 2526 librorum
376 2485 505 2525 fronti
523 2485 781 2540 inscripsisse
808 2486 988 2539 videtur,
1012 2487 1138 2540 idque
1159 2499 1244 2527 non
1273 2486 1476 2527 traditum
1504 2498 1528 2526 a
1549 2490 1659 2526 vete-

154 2550 284 2599 ribus,
303 2550 375 2591 sed
398 2564 424 2591 a
446 2551 682 2592 recentibus
703 2552 880 2592 electum
908 2552 1025 2592 nulla
1046 2552 1296 2593 auctoritate
1323 2552 1657 2600 commendatur,

154 2615 496 2669 argumentisque
516 2616 853 2657 confirmandum
874 2621 951 2670 est,
974 2631 1068 2671 quae
1091 2617 1263 2670 quidem
1286 2617 1447 2657 desunt.

201 2745 229 2777 1.
251 2745 412 2788 Bechert,
432 2747 482 2780 De
497 2748 543 2780 M.
561 2748 702 2781 Manilii
720 2749 931 2782 emendandi
951 2750 1099 2782 ratione.
1120 2750 1260 2791 Lipsiae,
1284 2749 1376 2790 1878,
1393 2759 1427 2790 p.
1446 2751 1477 2789 5,
1498 2750 1534 2781 10
1556 2750 1591 2780 et
1611 2748 1664 2780 11.

155 2807 199 2819 -ψ
216 2791 345 2871 ξ-ιὲεὶετ,
368 2794 416 2826 De
436 2795 482 2826 M.
497 2795 636 2828 Manilii
656 2806 732 2839 quae
756 2797 922 2838 feruntur
943 2798 1207 2830 Astronomicon
1226 2798 1340 2830 aetate.
1360 2797 1549 2837 Gottingae,
1569 2795 1660 2834 1880,

160 2847 197 2881 p.
276 2863 284 2871 .

204 2886 236 2918 2.
257 2886 392 2928 Freier,
409 2897 463 2929 op.
485 2888 522 2927 l.‚
545 2899 580 2930 p.
600 2891 631 2922 3.
