1936 3392
822 291 1035 332 ...11-

907 429 967 472 ΙΙΙ

235 525 430 564 Attamen
442 522 565 574 longe
578 523 826 575 gravissima
838 526 964 576 atque
979 523 1313 576 implicatissima
1325 522 1500 575 quaestio
1515 522 1597 562 alia
1611 526 1689 573 est,

179 589 234 629 de
257 601 342 641 qua
361 588 476 628 varie
503 588 763 641 disputatum
793 592 855 628 est
878 602 886 627 τ
912 588 1063 640 quibus
1083 588 1239 628 scilicet
1266 587 1525 640 temporibus
1551 587 1688 627 Mani-

182 653 263 694 lius
281 653 351 693 ille
373 657 413 693 et
430 653 581 693 vixerit
593 657 634 693 et
645 667 798 707 poema
813 653 1039 706 scripserit.
1057 653 1101 692 Id
1121 653 1248 705 igitur
1267 665 1379 692 nunc
1397 653 1688 704 quaerendum,

180 718 252 760 eui
268 718 534 772 potissimum
556 719 1001 771 assentiamus,utrum
1022 718 1236 769 Scaligero
1259 721 1299 757 et
1314 717 1500 756 Bentleio
1518 721 1687 769 poetam

184 787 375 824 nostrum
392 784 580 835 Augusto
601 783 781 837 principi
802 783 1108 832 addicentibus,
1132 795 1186 822 an
1205 782 1364 823 Jacobo
1386 781 1686 834 Merkelioque‚

185 848 432 890 inchoatum
457 849 648 902 Augusti,
673 849 825 888 Tiberii
848 849 1108 901 temporibus
1129 847 1368 887 absolutum
1393 859 1564 886 carmen
1585 846 1691 886 exis-

185 913 448 963 timantibus,
472 927 526 954 an
545 914 723 966 denique
747 914 846 953 viris
869 914 978 953 inter
994 914 1223 953 Germanos
1215 901 1531 1016 Q
1558 911 1688 951 Lach-

186 991 316 1019 mann
336 979 365 1028 ¹,
386 979 528 1019 Freier
546 979 561 1002 ²
581 984 622 1020 et
643 979 816 1020 Cramer
837 979 868 1031 ³,
892 982 1026 1018 totum
1045 990 1150 1031 opus
1165 990 1210 1017 su
1265 977 1431 1017 Tiberio
1453 976 1690 1017 consectum

184 1043 497 1084 affirmantibus
514 1045 534 1083 ‘2

241 1111 417 1150 Summa
436 1122 536 1149 sane
554 1109 595 1149 vi
612 1113 654 1150 et
670 1110 777 1149 miro
796 1109 988 1148 acumine
1003 1108 1248 1148 Lachmann
1267 1112 1306 1147 et
1320 1107 1461 1148 Freier
1478 1108 1531 1147 ad
1546 1106 1695 1147 confir-

187 1174 391 1215 mandam
409 1174 606 1214 omnibus
639 1174 897 1226 argumentis
925 1174 1176 1214 sententiam
1208 1186 1327 1213 suam
1354 1173 1690 1225 disputaverunt.

187 1239 288 1280 Mihi
326 1244 470 1280 tamen
508 1252 595 1280 non
630 1243 930 1293 persuaserunt
965 1253 1017 1279 ex
1055 1239 1147 1291 ipso
1185 1251 1311 1292 opere
1350 1251 1555 1291 apparere
1582 1236 1695 1290 quod

187 1305 356 1353 docent,
381 1318 458 1345 nec
483 1309 651 1345 tanturn
679 1306 876 1357 expedire
904 1308 1110 1357 quantum
1142 1309 1337 1356 torquere
1366 1303 1523 1343 Manilii
1553 1315 1695 1343 versus

189 1370 271 1410 visi
301 1374 411 1410 sunt.
441 1370 544 1409 Cum
573 1373 713 1410 autem
747 1370 890 1410 Freier
922 1369 1110 1422 opinioni
1146 1368 1342 1408 institerit
1377 1381 1503 1420 quam
1537 1368 1697 1420 primus

191 1433 438 1475 Lachmann
476 1439 771 1487 proposuerat,
806 1447 983 1486 eamque
1017 1434 1148 1473 fusius
1177 1433 1431 1485 explicatam
1468 1433 1610 1472 multis
1648 1444 1697 1472 ae

194 1499 314 1540 novis
331 1499 506 1551 repertis
526 1500 786 1552 argumentis
805 1499 1018 1547 munierit,
1035 1499 1160 1550 hujus
1178 1498 1380 1550 opusculo
1402 1510 1574 1550 operam
1595 1498 1696 1536 dare

57 1597 84 1631 ἢ
194 1566 295 1605 satis
315 1565 407 1615 erit,
431 1564 603 1616 ejusque
630 1564 757 1604 verba
785 1577 832 1604 ac
860 1564 1044 1604 rationes
1070 1563 1295 1614 diligenter
1326 1563 1550 1602 aestimare.
1570 1561 1697 1614 Cujus

193 1629 238 1669 in
264 1629 506 1686 aegtissima
532 1629 816 1682 disputatione
843 1629 985 1669 omnia
1016 1641 1114 1668 sane
1142 1629 1358 1668 eohaerent
1386 1640 1435 1667 ac
1461 1630 1699 1679 congruunt

11 1726 18 1754 ς
69 1700 79 1724 Ν
112 1703 124 1723 ³
153 1686 303 1734 *inter
322 1706 364 1733 se
388 1705 397 1734 :
420 1694 567 1734 sedita
594 1694 809 1734 cohaerent
826 1706 874 1734 ac
896 1697 1150 1745 congruunt,
1171 1697 1217 1732 ut
1232 1692 1429 1745 quaedam
1453 1691 1558 1731 mihi
1577 1691 1698 1730 dubi-

194 1759 298 1799 tatio
331 1763 490 1810 surgat,
514 1759 727 1811 quomodo
761 1759 851 1798 fieri
885 1759 1030 1811 possit,
1060 1763 1107 1798 ut
1135 1758 1179 1797 in
1212 1770 1254 1797 re
1286 1761 1371 1796 tam
1403 1757 1582 1797 obscura
1612 1760 1700 1795 tam

195 1823 331 1864 multa
365 1837 413 1864 ac
448 1828 563 1864 certa
598 1824 794 1876 cuiquam
833 1827 1079 1876 appareant.
1112 1825 1168 1863 Ac
1212 1822 1356 1874 timeo,
1393 1834 1445 1862 ne
1483 1821 1700 1874 ingenioso

195 1888 286 1930 viro
319 1902 395 1929 sua
426 1889 532 1930 adeo
555 1890 763 1930 sententia
794 1889 1013 1942 placuerit,
1048 1893 1092 1928 ut
1126 1901 1273 1929 omnes
1302 1888 1391 1940 ejus
1427 1886 1702 1939 cogitationes

194 1954 318 2007 quasi
350 1954 550 1994 imbuerit
587 1959 628 1994 et
665 1954 876 2005 infecerit,
911 1967 1014 1994 neve
1054 1954 1187 1994 multa
1224 1954 1338 2007 apud
1377 1952 1591 1993 Manilium
1634 1951 1704 1991 de-

198 2018 459 2072 prehendere
476 2019 555 2058 sibi
572 2019 685 2059 visus
706 2020 771 2067 sit,
795 2032 889 2071 quae
910 2020 954 2058 in
974 2019 1063 2071 ejus
1089 2023 1254 2059 tantum
1283 2022 1421 2059 mente
1448 2017 1700 2057 insidebant.

251 2084 440 2124 Primum
461 2085 572 2124 enim
591 2097 640 2124 ea
657 2084 828 2124 omnino
841 2097 862 2124 e
881 2084 1163 2135 disputatione
1180 2088 1277 2124 sunt
1294 2084 1495 2133 tollenda,
1510 2095 1602 2135 quae
1616 2094 1702 2121 non

199 2148 260 2189 ita
285 2149 338 2189 ad
364 2149 518 2190 Tiberii
546 2154 737 2201 tempora
757 2150 977 2189 referenda
997 2154 1108 2198 sunt,
1131 2154 1178 2189 ut
1203 2149 1349 2188 iisdem
1377 2147 1639 2200 temporibus
1662 2149 1704 2185 et

198 2227 306 2268 opus
332 2219 373 2254 et
405 2215 653 2267 scriptorem
682 2214 959 2255 addicendum
992 2227 1079 2254 esse
1107 2214 1318 2262 evincant,
1349 2213 1421 2253 sed
1451 2213 1511 2252 ita
1537 2215 1702 2251 tantum

200 2283 377 2333 possunt
397 2279 557 2328 referri,
582 2280 617 2319 si
637 2280 728 2332 jam
756 2292 1000 2320 concessum
1024 2284 1067 2319 et
1087 2279 1357 2319 manifestum
1381 2277 1508 2318 fuerit
1534 2280 1702 2330 poetam

200 2348 298 2398 post
310 2346 544 2397 Augustum
561 2349 774 2386 mortuum
793 2345 848 2385 ad
866 2345 1159 2397 explicandam
1178 2343 1451 2396 astrologiam
1467 2342 1701 2382 accessisse.

197 2409 308 2458 Quid
327 2410 438 2450 enim
458 2410 501 2450 in
519 2411 584 2450 his
603 2410 790 2451 versibus
811 2415 970 2451 certam
992 2410 1256 2462 potissimum
1280 2412 1449 2449 aetatem
1470 2407 1707 2459 significat?

390 2513 540 2548 Funera
559 2522 646 2548 cum
670 2511 816 2547 facibus
837 2511 996 2548 veniunt
1010 2510 1203 2557 ‚terrisque
1224 2509 1424 2546 minantur

389 2565 574 2601 Ardentes
594 2565 674 2601 sine
695 2565 770 2601 fine
791 2576 920 2612 rogos,
940 2576 1027 2600 eum
1047 2563 1216 2600 mundus
1237 2566 1275 2600 et
1295 2563 1379 2610 ipsa

391 2620 563 2665 AEgrotat
582 2621 732 2663 natura,
756 2629 871 2655 suum
891 2618 1026 2654 sortita
1045 2617 1290 2665 sepulchrum
1312 2618 1341 2653 ⁴.

247 2718 278 2749 1.
295 2717 511 2758 Lachmann,
533 2718 646 2751 Klein.
667 2719 817 2761 schrift„
837 2719 966 2759 Berlin,
989 2719 1080 2759 1872,
1104 2719 1148 2758 ΙΙ,
1170 2719 1282 2758 42-45,
1299 2718 1348 2749 De
1368 2717 1471 2749 oetate
1491 2714 1643 2748 Manilii.

246 2765 277 2796 2.
297 2765 428 2805 Freier,
449 2775 503 2807 op.
526 2765 549 2797 l.

244 2811 278 2843 3.
296 2811 449 2848 Cramer.
470 2822 524 2853 op.
546 2811 581 2849 l.‚
604 2822 640 2855 p.
662 2814 692 2846 4.

246 2859 278 2891 4.
301 2858 435 2900 Manil.,
452 2859 602 2898 Astron„
625 2860 651 2900 1,
674 2861 824 2893 893-895.
846 2861 977 2901 Freier,
998 2869 1052 2902 op.
1075 2860 1112 2898 l.,
1132 2869 1166 2900 p.
1188 2860 1240 2892 31.
