1930 3320
755 247 1040 290 -39-·

139 374 296 416 etiam
341 374 478 416 habes
530 386 636 415 non
683 375 901 423 tantum,
963 372 1051 414 sed
1096 376 1142 414 et
1186 372 1208 415 I
1250 375 1303 415 36
1347 373 1459 415 Non
1502 372 1653 426 speeies

139 446 367 495 tantum,
398 443 483 486 sed
511 445 557 484 et
587 443 680 495 ipsa
705 443 893 495 potentia
921 455 1072 487 rerum.

256 514 358 554 Ast
403 513 658 569 particulam
711 512 932 568 antiquam
975 511 1042 553 bis
1090 512 1172 554 sibi
1221 499 1401 554 indulsit
1446 512 1649 554 Manilius

140 582 265 624 initio
297 582 543 624 hexametri
573 581 618 622 II
651 583 732 623 779
764 583 851 635 (ast
879 582 991 631 alii).
1032 581 1101 622 ΙΙΙ
1132 584 1214 623 227
1247 585 1333 636 (ast
1362 582 1484 636 illis).

252 651 322 692 At
350 651 563 708 particula
594 650 810 693 interdum
849 651 1088 693 secundum
1117 652 1187 693 vel
1218 652 1395 693 tertium
1434 651 1650 693 enuntiati

138 722 282 764 locum
314 721 500 763 obtinet:
541 721 778 764 secundum
809 721 832 763 I
864 723 966 775 282,
999 722 1176 764 tertium
1207 721 1272 763 IV
1302 723 1385 781 258
1427 720 1569 776 (codd.
1602 723 1650 771 et,

143 807 252 836 corr.
285 792 512 849 Scaliger).

258 861 438 904 Verum
470 863 607 904 semel
637 862 798 918 legitur
828 861 942 918 apud
973 861 1199 904 Manilium
1231 861 1304 913 ita,
1336 865 1383 902 ut
1414 875 1438 902 a
1459 859 1530 902 sed
1549 874 1648 917 par-

137 931 271 973 ticula
315 931 391 972 vix
433 930 606 972 differat
645 930 691 971 II
728 932 828 980 750;
879 931 946 972 bis
997 944 1136 972 verum
1180 930 1367 986 positum
1414 933 1483 971 est
1522 943 1649 985 prae-

131 1007 295 1056 'gressa
316 999 569 1055 negatione:
602 999 666 1040 IV
686 1000 766 1040 305
792 1013 854 1055 sq.
877 1006 1203 1041 nee-nec—verum
1231 999 1332 1040 aletis
1352 998 1442 1040 alia
1463 999 1651 1051 opposita

135 1072 195 1111 est
235 1094 291 1100 —
328 1069 477 1123 imayo.
537 1068 579 1110 V
610 1070 689 1110 199
719 1082 780 1124 sq.
821 1068 1006 1111 Venatus
1042 1081 1127 1110 non
1170 1068 1241 1110 ille
1286 1067 1467 1121 quidem,
1509 1080 1650 1108 verum

140 1153 263 1182 arma
293 1162 346 1170 -—
380 1139 539 1181 tribuit.

259 1205 380 1249 Vero
420 1207 568 1249 sexies
613 1206 821 1258 occurrit,
867 1205 1056 1262 positum
1102 1209 1202 1261 post
1237 1218 1309 1246 nec
1344 1205 1367 1246 I
1402 1207 1494 1247 194.
1538 1206 1648 1258 285.,

139 1280 240 1333 post
270 1277 356 1319 iam
385 1275 429 1316 ΙΙ
462 1277 559 1318 385.
606 1275 646 1317 V
681 1277 776 1329 157,
806 1280 905 1332 post
934 1276 972 1316 st
1002 1275 1070 1316 III
1102 1277 1198 1328 356,
1230 1280 1328 1331 post
1358 1289 1448 1317 cum
1478 1275 1514 1316 V
1552 1277 1646 1316 206.

528 1402 847 1444 Particulae
879 1401 1264 1444 disiunctivae.

254 1482 379 1534 Aut,
413 1482 509 1533 vel,
540 1496 594 1523 ve
623 1483 862 1539 particulae
888 1483 1062 1539 saepius
1094 1483 1208 1525 inter
1239 1497 1285 1524 se
1315 1482 1504 1524 variant:

135 1554 340 1594 aut—ve:
411 1550 457 1592 II
486 1553 569 1592 469
599 1551 710 1593 Aut
740 1551 877 1592 odium
901 1550 1120 1607 foedusve
1148 1554 1299 1606 gerunt
1314 1553 1357 1606 ¹).

134 1623 348 1663 ‘ve-aut:
395 1619 461 1662 IV
491 1622 542 1661 21
569 1635 631 1676 sq.
662 1620 960 1662 Fortunamve
990 1620 1080 1662 suis
1109 1620 1286 1662 invitam
1312 1619 1514 1674 prendere
1544 1620 1648 1662 votis

616 1689 726 1731 Aut
747 1688 897 1744 fuyere
927 1690 1164 1733 instantem.

134 1759 364 1801 aut-vel:
393 1758 459 1800 IV
481 1760 564 1801 484
588 1773 650 1815 sq.
680 1761 756 1800 aut
775 1783 830 1789 ——-
851 1758 955 1800 Aut
983 1761 1150 1811 septena
1176 1761 1334 1812 quater,
1365 1758 1443 1800 vel
1473 1772 1564 1800 eum
1593 1784 1646 1790 ——

808 1829 979 1882 fiyurat.

133 1896 339 1939 ve-vel:
388 1897 454 1939 IV
479 1898 562 1939 489
608 1898 788 1950 Quaeve
825 1899 947 1951 auyet
987 1897 1132 1950 quinto
1170 1911 1365 1949 numero,
1410 1898 1493 1939 vel
1530 1900 1648 1940 sexta

809 1966 969 2019 feretur
980 1965 1032 2023 2).

220 2034 263 2076 V
286 2035 368 2076 239
392 2049 454 2091 sq.
485 2033 754 2087 Disponetve
769 2033 804 2090 ³)
834 2035 945 2088 iuyis
974 2035 1162 2077 imitatus
1188 2035 1338 2088 fronde
1368 2036 1544 2087 choreas,

304 2102 466 2145 Robore
495 2103 575 2145 vel
595 2104 773 2156 proprio
799 2104 1024 2157 findentem
1053 2105 1102 2146 in
1132 2104 1322 2147 bracchia
1351 2104 1480 2147 ducet.

350 2171 408 2229 [V
438 2174 521 2215 698
553 2198 607 2203 -
637 2176 844 2215 vastusve
874 2173 958 2214 Leo
988 2174 1063 2216 vel
1093 2174 1292 2226 Scorpius
1320 2172 1445 2232 acer].

247 2242 355 2283 Aut
384 2242 621 2284 secundum
653 2243 866 2285 enuntiati
896 2243 1038 2285 locum
1070 2248 1254 2300 occupat
1283 2243 1306 2285 I
1340 2245 1433 2288 142.
1480 2244 1526 2286 Π
1549 2247 1644 2287 214.

134 2314 231 2355 474.
263 2313 360 2355 873.
406 2312 477 2354 III
508 2316 604 2355 555.
651 2312 716 2355 IV
747 2315 844 2355 383.

250 2380 285 2424 S
295 2382 373 2423 ive
403 2386 447 2424 ct
476 2394 558 2424 seu
593 2383 830 2440 particulas
863 2384 977 2426 inter
1009 2398 1055 2426 se
1086 2383 1270 2426 variavit
1299 2382 1503 2426 Manilius
1534 2384 1642 2426 locis

133 2449 222 2492 his:
269 2449 560 2493 1122—135
604 2452 1150 2504 sive-seu-sive-sive-sem
1193 2453 1262 2495 ΙΙΙ
1308 2455 1388 2495 149
1418 2468 1509 2509 sqq.
1547 2467 1645 2495 seu-

133 2519 532 2570 sive-ve—seu-aut;
563 2520 585 2561 I
616 2523 842 2563 865—-867
884 2522 1100 2573 sive-sive;
1141 2523 1327 2579 denique
1366 2535 1436 2564 seu
1473 2523 1511 2563 st·
1551 2524 1645 2575 quis

135 2587 216 2643 (ita
255 2587 399 2638 codd.;
437 2588 664 2632 Bentleius
705 2604 806 2632 nam
841 2591 879 2632 st
913 2591 1026 2647 quis)
1068 2617 1120 2622 —-
1159 2605 1230 2633 seu
1265 2592 1287 2633 I
1319 2594 1400 2633 637
1434 2606 1520 2646 sq.;
1560 2593 1644 2634 sive

137 2656 325 2712 simplex
354 2657 547 2712 positum
579 2663 646 2700 est
674 2659 696 2700 I
727 2661 823 2703 817.

230 2818 256 2860 ¹)
282 2816 299 2850 I
325 2816 392 2851 481
418 2820 461 2858 et,
501 2828 575 2851 non
598 2822 665 2853 aut
694 2818 874 2864 praebent
904 2819 1056 2855 codices.
1082 2821 1160 2865 11{²)
1186 2820 1238 2855 sic
1266 2820 1307 2865 G,
1341 2820 1493 2865 septima
1518 2822 1640 2865 fertur

135 2872 277 2908 codices
302 2874 425 2908 ceteri.
443 2875 457 2918 ΙΙ
476 2875 502 2918 ³)
528 2874 579 2909 sic
605 2874 665 2920 V2,
691 2876 752 2910 sed
778 2877 1030 2923 Disponetque
1055 2878 1234 2922 praebent
1262 2878 1405 2913 codices
1439 2878 1562 2913 ceteri.
