1936 3392
820 283 875 323 63

134 431 368 473 Democrito
416 435 455 470 et
506 430 574 483 qui
621 443 713 470 eum
747 434 980 481 sequuntur
1011 427 1250 484 Epicureis,
1286 428 1357 481 qui
1393 427 1564 468 doceant

133 511 235 552 forte
283 509 460 565 quadam
510 513 667 550 atomos
698 509 759 550 ita
791 510 1041 551 concurrisse
1075 511 1122 548 ut
1155 506 1251 547 inde
1285 506 1464 548 mundus
1497 505 1564 548 hic

133 593 246 630 ortus
267 588 341 638 sit,
370 602 446 641 ,sex
478 587 660 629 minimis
693 602 894 643 caecoque
929 591 1108 628 creatum
1133 586 1294 627 foedere
1316 585 1562 628 mundum.’'

200 666 270 718 „Si
318 667 424 717 fors,
474 666 674 708 exclamat
720 671 864 722 poeta,
917 668 981 718 „si
1029 665 1109 706 fors
1158 665 1237 706 ista
1269 664 1385 706 dedit
1417 664 1534 706 nobis
1553 699 1562 716 ‚

136 747 216 788 fors
246 747 337 802 ipsa
370 745 612 802 gubernet''‚
628 746 653 800 ¹)
685 750 776 788 tum
807 746 902 802 fors
935 746 1026 802 ipsa
1059 750 1146 786 esto
1179 759 1338 786 summa
1370 745 1445 786 lese.

195 825 258 867 Ex
306 829 547 882 argumento
596 825 688 867 libri
728 825 852 882 primi
884 826 967 870 iam,
998 824 1234 880 apparuisse
1267 823 1367 865 mihi
1401 824 1566 866 videtur

133 908 295 962 poetam
327 919 410 946 non
444 919 529 946 esse
562 905 834 946 astronomiae
857 904 1054 960 peritum3
1081 917 1185 957 quae
1208 902 1257 943 de
1279 902 1356 944 hac
1379 902 1566 944 doctrina

135 983 306 1040 protulit
336 998 422 1026 non
456 983 585 1040 pluris
618 988 714 1025 sunt
747 983 1001 1025 aestimanda
1033 997 1154 1038 quam
1179 996 1283 1037 quae
1306 983 1454 1038 cuique
1477 983 1565 1023 viro

134 1063 298 1105 erudito
346 1078 393 1105 eo
440 1071 622 1120 tempore
667 1067 783 1104 erant
814 1066 927 1104 nota.
991 1062 1046 1104 Et
1077 1063 1256 1118 primum
1290 1066 1353 1103 est
1385 1062 1567 1103 animad-

133 1142 375 1185 vertendum
406 1146 570 1198 poetam
603 1157 736 1198 neque
771 1146 1002 1184 accuratam
1034 1156 1168 1196 neque
1201 1142 1404 1196 integram
1429 1141 1567 1198 depin-

134 1235 228 1277 gere
275 1222 454 1264 universi
500 1222 749 1277 imaginem,
806 1225 1036 1263 accuratam
1085 1224 1126 1262 et
1174 1221 1376 1276 integram
1410 1220 1568 1263 scilicet

134 1315 216 1343 non
264 1301 299 1343 si
330 1305 562 1358 spectamus
595 1301 643 1343 ad
679 1305 858 1343 nostram
892 1301 1128 1351 scientiam,
1162 1301 1233 1342 sed
1267 1300 1433 1342 Manilii
1466 1305 1566 1343 tem·
1619 1355 1624 1361 A!

135 1380 256 1436 poris.
322 1379 386 1422 Ne
435 1380 718 1438 Hipparchum
769 1381 935 1436 quidem
986 1381 1223 1436 cognovisse
1269 1381 1442 1431 videtur,
1495 1381 1567 1435 qui
1611 1364 1627 1384 Ὗ

136 1464 277 1501 tamen
311 1459 403 1516 plus
437 1475 559 1514 quam
593 1460 754 1502 saeculo
788 1464 884 1502 ante
917 1475 1009 1501 eum
1043 1460 1172 1511 vixit,
1218 1460 1381 1515 quoque
1416 1475 1566 1511 „nemo

138 1522 293 1594 magis,
344 1545 391 1581 ut
438 1540 496 1581 ait
546 1539 771 1595 Plinius‚²)
820 1539 1107 1596 adprobaverit
1150 1540 1436 1595 cognationem
1471 1555 1564 1581 cum

139 1618 300 1660 homine
362 1619 540 1660 siderum
590 1620 824 1674 animasque
873 1623 1033 1661 nostras
1080 1623 1236 1676 partem
1287 1634 1373 1660 esse
1423 1618 1566 1660 caeli.’'

137 1695 200 1738 De
244 1696 410 1740 orbibus
460 1697 705 1747 ἐπικύκλοις
754 1702 796 1741 et
834 1696 1106 1752 ἐκκέντροις,
1158 1697 1307 1753 quibus
1355 1697 1428 1740 ille
1472 1713 1568 1740 usus

136 1781 198 1818 est
229 1777 280 1820 ad
312 1782 448 1820 motus
479 1778 739 1835 planetarum
771 1778 1054 1835 explicandos,
1088 1778 1198 1834 apud
1224 1782 1410 1820 nostrum
1434 1778 1565 1820 nihil:

136 1856 219 1899 duo
249 1861 412 1900 tantum
444 1859 560 1900 novit
592 1862 751 1910 motus,
786 1858 826 1900 in
861 1857 1025 1900 orbibus
1057 1856 1355 1913 ὁμοκέντροις,
1389 1858 1566 1900 alterum

137 1937 265 1991 totius
313 1937 414 1979 caeli
463 1953 487 1980 a
539 1937 623 1979 sole
673 1939 828 1979 oriente
872 1937 1125 1979 occidentem
1176 1953 1338 1988 versus,
1391 1938 1567 1980 alterum

135 2016 392 2073 planetarum
441 2016 609 2059 adverso
658 2016 770 2059 caelo
814 2017 886 2072 qui
919 2017 1142 2058 volvuntur
1174 2016 1236 2070 (I,
1275 2019 1411 2071 259),
1453 2016 1565 2059 Num

137 2097 294 2139 noverit
343 2095 464 2139 lunae
513 2102 554 2138 et
601 2097 859 2153 planetarum
898 2095 1013 2138 orbes
1046 2112 1069 2138 a
1101 2096 1353 2152 reliquorum
1385 2097 1566 2139 siderum

137 2176 296 2218 differre
345 2191 425 2218 non
476 2181 659 2228 constat,
710 2191 958 2232 quamquam
1007 2191 1056 2218 ex
1104 2176 1215 2218 hisce
1247 2176 1430 2218 versibus
1462 2176 1565 2218 effici

137 2260 294 2312 potest:
359 2255 748 2312 „Subsequiturque
803 2270 876 2297 suo
928 2255 1054 2297 solem
1110 2271 1208 2309 vaya
1263 2255 1384 2298 Delia
1417 2270 1565 2306 curru,

136 2340 177 2376 et
210 2336 393 2390 quinque
426 2335 595 2377 adverso
631 2335 828 2377 luctantia
860 2320 992 2377 sidera
1025 2336 1179 2377 mundo
1212 2340 1401 2377 exercent
1431 2335 1564 2377 varias

136 2419 306 2456 naturae
338 2414 429 2471 lege
472 2414 679 2456 choreas.”
704 2414 734 2470 3)
799 2414 925 2456 Plura
971 2419 1112 2456 tamen
1161 2415 1211 2457 de
1249 2430 1291 2457 re
1334 2419 1418 2457 tam
1451 2416 1567 2471 gravi

135 2509 219 2537 non
276 2495 450 2552 scripsit.
532 2494 715 2547 Omnino
763 2499 1016 2538 astronomos
1063 2509 1198 2550 neque
1247 2495 1389 2537 laudat
1435 2509 1566 2551 neque

135 2573 310 2626 refellit,
343 2574 415 2617 sed
448 2574 711 2632 philosophos
745 2575 816 2630 qui
850 2575 900 2616 de
923 2575 1185 2631 cosmogonia
1207 2580 1380 2631 egerunt
1402 2574 1565 2632 plures,

139 2652 444 2706 Democritum,
479 2653 791 2711 Empedoclem,
827 2653 1147 2711 Xenophanem,
1186 2654 1413 2712 Epicurum
1447 2655 1561 2698 alios.

184 2837 207 2871 ¹)
256 2840 289 2869 1.
315 2840 389 2868 494.

182 2897 207 2933 ’Ἰ
236 2900 339 2936 *His-t.
365 2901 437 2931 Nat.
463 2902 510 2934 11,
536 2902 588 2932 95.

183 2958 210 3004 ³)
256 2959 291 2991 1.
318 2961 379 2992 669
403 2971 491 2999 seqq.
