1936 3392
954 272 1164 313 ..12-

320 365 426 403 Fieri
442 368 578 403 autem
594 365 742 414 potest,
759 361 792 398 si
807 359 894 410 jam
911 358 1000 398 aliis
1015 360 1065 398 de
1081 360 1211 399 causis
1231 360 1423 399 Manilius
1438 361 1598 400 Tiberio
1620 361 1790 412 aequalis

323 428 444 466 fuisse
477 426 735 476 agnoscitur,
773 429 817 462 ut
849 423 1063 462 credamus
1098 423 1160 462 his
1191 424 1374 463 versibus
1412 429 1631 464 tremorem
1672 425 1788 464 illum

322 495 441 529 terrae
461 489 647 538 indicari,
674 499 756 539 quo
778 486 992 525 duodecim
1012 487 1116 526 Asiae
1138 487 1259 526 urbes
1285 487 1583 527 florentissima]
1605 488 1788 527 funditus

322 558 416 592 sunt
448 565 614 592 eversae.
648 551 726 591 Sed
757 549 870 589 nullo
904 549 1027 589 modo
1060 562 1110 588 ex
1140 550 1203 589 his
1235 551 1370 602 colligi
1401 555 1549 602 potest,
1580 551 1788 590 Manilium

322 617 484 656 Tiberio
517 617 638 655 fuisse
663 614 865 667 {equalem
896 626 904 652 ε
932 626 1027 652 nam
1059 613 1137 652 nisi
1165 614 1204 652 id
1234 615 1414 665 primum
1441 615 1539 654 satis
1569 615 1786 662 constabit,

316 681 405 732 jam
430 693 513 719 non
542 684 603 718 est
622 691 695 718 cur
721 682 911 730 putemus
934 677 1136 716 dicentem
1163 677 1212 716 de
1239 678 1427 717 universo
1454 682 1619 730 poetam
1645 679 1715 718 uni
1741 691 1788 718 ac

320 748 441 784 certae
472 744 530 783 rei
561 743 697 795 potius
727 741 911 781 allusisse
943 753 1068 791 quam
1101 741 1244 780 ceteris
1270 741 1451 792 ejusdem
1484 742 1644 793 generis
1668 742 1786 781 innu—

320 808 523 859 merisque
543 806 680 846 rebus.

371 873 451 910 Nec
481 871 528 910 iis
563 869 831 916 immorabor,
854 868 1002 920 quibus
1034 868 1174 907 Freier
1210 868 1434 915 contendit,
1472 868 1537 907 vel
1571 868 1787 907 obscuram

319 939 453 986 poetae
486 934 714 974 orationem
748 945 831 972 non
866 932 944 970 nisi
982 936 1087 971 tecto
1115 931 1290 983 principi
1322 935 1362 970 et
1397 931 1571 970 obscura
1605 931 1791 983 loquenti

321 998 499 1037 dedicari
517 998 697 1049 potuisse
715 997 725 1018 ¹
741 1011 749 1044 3
764 996 827 1035 vel
843 995 1071 1035 Germanici
1087 995 1378 1046 astrologicum
1394 994 1535 1034 thema
1549 995 1591 1034 in
1609 994 1789 1047 quadam

321 1065 436 1112 parte
467 1061 651 1113 reperiri,
684 1073 774 1111 quae
802 1058 1116 1110 jurisconsultos
1146 1058 1391 1109 urbiumque
1423 1063 1463 1097 et
1494 1058 1725 1097 conditores
1751 1062 1790 1097 et

320 1137 528 1164 eversores
557 1124 679 1163 certis
696 1124 821 1175 signis
848 1123 981 1162 reddit
1001 1123 1036 1170 ²;
1060 1122 1121 1161 vel
1147 1122 1357 1161 Manilium
1386 1121 1627 1161 Germanico
1651 1121 1789 1160 Asiam

319 1188 474 1239 petenti
486 1188 678 1228 comitem
689 1199 731 1226 se
743 1186 960 1234 addidisse,
971 1198 1018 1224 eo
1030 1185 1184 1225 scilicet
1196 1185 1377 1233 nomine,
1389 1186 1485 1237 quia
1498 1198 1522 1224 a
1533 1184 1788 1236 Colophonio

320 1252 484 1303 quidem
522 1250 725 1303 Apollinis
763 1250 932 1301 templo,
961 1249 1071 1301 quod
1102 1249 1365 1288 Germanicus
1395 1249 1514 1297 adiit,
1544 1249 1791 1288 arcebantur

319 1315 521 1361 volucres,
553 1314 741 1353 Manilius
768 1318 906 1352 autem
932 1313 1157 1351 novitatem
1183 1312 1319 1364 operis
1351 1311 1565 1359 extollens,
1586 1312 1790 1363 integram

317 1391 360 1418 se
381 1378 535 1418 undam
557 1389 742 1428 quaerere
760 1377 924 1423 fatetur,

508 1497 627 1539 Quam
648 1507 772 1543 neque
792 1497 928 1532 durato
950 1499 1148 1544 gustarunt
1162 1506 1225 1532 ore
1243 1497 1411 1532 volucres
1433 1497 1510 1539 ³...3

317 1620 384 1659 vel
404 1633 495 1660 cum
515 1623 756 1660 Germanico
777 1622 988 1673 antiquam
1017 1621 1150 1672 Trojae
1177 1621 1315 1660 sedem
1342 1621 1541 1668 invisisse,
1564 1621 1661 1672 quia
1681 1633 1794 1672 saepe

319 1685 536 1724 Homerica
554 1685 762 1737 {poemata
798 1689 1096 1724 commemorat
1129 1685 1169 1732 4;
1201 1685 1263 1724 vel
1299 1697 1568 1736 quaecumque
1603 1685 1653 1723 de
1687 1684 1790 1722 dolis

318 1749 531 1800 ruptisque
552 1749 773 1788 foederibus
790 1753 830 1788 et
847 1748 997 1798 linguae
1017 1760 1172 1787 veneno
1191 1748 1364 1799 scripsit,
1387 1761 1436 1787 ea
1456 1747 1594 1787 omnia
1613 1747 1655 1785 in
1675 1747 1790 1786 Piso-

319 1824 412 1851 nem
435 1812 654 1858 effinxisse,
678 1813 796 1863 eique
814 1813 936 1852 etiam
957 1812 1133 1851 Piscium
1155 1812 1337 1859 nomine,
1361 1811 1470 1863 quod
1498 1811 1660 1862 signum
1686 1811 1789 1850 dolis

318 1876 510 1928 imperat,
528 1876 711 1915 allusisse
726 1877 739 1899 ὅ
754 1889 762 1924 ;
780 1877 844 1915 vel
861 1876 1036 1927 denique
1052 1875 1183 1914 multa
1203 1879 1294 1926 post
1312 1875 1541 1914 Germanici
1559 1886 1699 1914 necem
1716 1886 1791 1926 per

319 1943 451 1978 totum
487 1952 653 1979 carmen
689 1952 856 1991 aspersa
890 1939 1015 1978 fuisse
1052 1939 1094 1977 in
1133 1939 1339 1977 Tiberium
1373 1950 1515 1977 amara
1547 1937 1788 1988 odioseque,

319 2004 575 2055 principique
593 2003 803 2052 destinari,
816 2016 907 2055 quae
926 2007 1049 2054 poeta
1063 2003 1105 2041 in
1123 2002 1390 2054 Scorpionem
1406 2001 1626 2040 maledicta
1640 2001 1743 2053 jacit
1756 2001 1786 2039 ⁶.

320 2067 422 2106 Sunt
454 2068 562 2106 enim
593 2067 682 2106 haec
709 2067 862 2114 omnia,
887 2079 978 2118 quae
1003 2079 1024 2105 e
1051 2066 1199 2105 curiosi
1233 2065 1496 2116 grammatici
1519 2068 1655 2104 mente
1681 2065 1791 2103 exsi-

319 2130 435 2178 liant,
458 2144 589 2182 neque
611 2131 742 2182 magis
759 2130 892 2170 refelli
913 2143 1037 2182 quam
1059 2130 1221 2169 defendi
1240 2129 1419 2181 possint!

371 2194 526 2234 Deinde
544 2207 709 2234 omnem
729 2207 893 2246 quoque
915 2195 964 2232 de
984 2194 1047 2232 his
1066 2193 1248 2232 versibus
1273 2192 1515 2242 abjudicabo
1543 2191 1791 2243 disputatio-v

320 2270 429 2305 nem,
458 2270 560 2309 quos
586 2259 866 2297 incertissimae
894 2257 1092 2305 lectionis,
1129 2260 1168 2295 et
1201 2256 1253 2295 ob
1278 2256 1319 2294 id
1350 2256 1483 2307 ipsum
1515 2255 1555 2293 in
1588 2255 1793 2306 principio-

320 2321 418 2361 satis
441 2326 559 2360 caute
590 2321 768 2370 habitos,
792 2326 935 2374 postea
961 2333 1044 2359 suae
1069 2319 1273 2372 opinionis
1305 2319 1454 2358 nimius
1474 2322 1635 2358 amator
1654 2318 1794 2357 Freier

362 2460 390 2490 1.
411 2458 539 2497 Freier‚
562 2468 615 2499 op.
638 2458 671 2495 l.,
696 2468 729 2498 p.
751 2460 800 2490 45.

360 2506 390 2535 2.
411 2504 475 2541 Id.y
496 2504 592 2541 ibid„
615 2515 648 2546 p.
667 2507 706 2536 72
726 2514 802 2544 sqq.
819 2522 854 2528 —
876 2504 1006 2543 Manil.,
1027 2504 1174 2534 Astron..
1197 2503 1252 2541 lV,
1273 2503 1422 2542 209-2113
1443 2503 1584 2535 545-552.

362 2553 391 2583 3.
409 2552 540 2586 Manil..
562 2552 710 2587 Astron„
728 2551 769 2589 Il,
790 2552 891 2582 53-56.

359 2598 390 2628 4.
412 2597 476 2634 Id.5
498 2597 594 2633 ibid„
618 2598 660 2636 ΙΙ,
681 2600 715 2629 et
734 2597 791 2636 Ill,
813 2598 826 2628 1
850 2606 927 2638 sqq.

361 2644 390 2674 5.
411 2643 541 2683 Freier,
555 2653 607 2685 op.
624 2643 659 2680 l„
677 2653 709 2683 p.
726 2645 774 2675 84.
791 2661 830 2665 —
844 2643 974 2678 Manil.,
991 2642 1139 2677 Astron„
1159 2642 1200 2680 11,
1221 2641 1372 2680 581-6073
1389 2641 1431 2680 ΙΙ,
1452 2642 1522 2679 596,
1544 2642 1620 2680 637;
1642 2641 1695 2678 lv,
1713 2642 1790 2681 573;

321 2690 361 2730 V,
383 2691 453 2722 647.

362 2738 392 2768 6.
414 2737 543 2776 Freier‚
561 2745 613 2777 op.
636 2736 671 2773 l„
694 2745 726 2776 p.
749 2737 798 2767 88.
818 2753 857 2758 —
877 2735 972 2767 Idem
994 2735 1121 2766 erravit
1142 2735 1304 2772 Jacobus,
1319 2734 1386 2766 alia
1411 2734 1453 2766 de
1473 2742 1587 2769 causa.
1606 2733 1787 2766 Manilium

321 2785 429 2823 ratus,
445 2782 634 2824 utjuvaret
647 2783 857 2824 Augustum,
876 2782 1039 2822 malignis
1052 2781 1168 2812 verbis
1181 2780 1321 2812 Tiberio
1341 2780 1501 2812 allusisse
1517 2780 1642 2820 (Praef.‚
1658 2789 1692 2820 p.
1706 2780 1788 2820 xv1).
