1936 3392
1110 298 1165 337 40

446 439 542 465 usus
590 426 674 479 ipse
721 425 962 479 aperuisset,
1019 425 1089 476 qui
1138 428 1178 463 et
1225 424 1266 463 in
1314 422 1428 463 nobis
1478 422 1623 476 aliquis
1670 428 1751 474 est,
1785 428 1827 465 et
1891 420 1894 423 ⁴

445 500 700 555 stupidorum
733 500 854 540 etiam
886 504 946 540 est
977 498 1216 552 magister?
1237 498 1314 538 Sed
1347 497 1683 551 quemadmodum
1715 499 1846 542 aliud⁴

447 578 507 613 est
538 576 676 612 ornate
707 571 846 625 loqui,
895 571 1007 612 aliud
1039 585 1158 625 pure;
1197 572 1255 612 ita
1287 570 1399 611 aliud
1431 573 1491 610 est
1523 570 1825 626 βαρβαρίζειν,

447 650 557 691 aliud
590 650 799 690 incondite
830 649 966 702 loqui3
1007 649 1115 702 quod
1147 649 1311 702 quidem
1343 647 1482 688 multis
1513 649 1728 704 imposuit,
1753 651 1826 704 qui

447 727 740 781 βαρβαρισμὸν
794 731 938 767 vocant
989 725 1244 766 inconditum
1277 739 1510 766 sermonem.
1574 724 1653 767 Illa
1698 741 1822 775 anus,

445 813 548 853 quae
580 800 622 839 in
654 798 920 853 Theophrasti
942 812 1121 839 sermone
1143 797 1472 852 peregrinitatem
1494 798 1674 849 notavit,
1697 799 1824 853 magis

445 876 602 925 Attice,
638 878 679 915 at
709 875 843 915 minus
875 878 1035 924 ornate,
1070 888 1190 927 quam
1218 872 1516 928 Theophrastus
1539 873 1652 928 loqui
1671 875 1824 930 potuit.

445 952 560 993 Idem
593 952 700 993 dicas
734 953 783 993 de
814 952 958 993 Livio:
993 952 1108 992 cuius
1142 951 1269 992 dictio
1291 951 1479 1002 ornatior,
1502 966 1622 1006 quam
1642 951 1826 995 Latinior

445 1028 507 1068 illi
555 1027 705 1068 Critico
752 1027 977 1077 videbatur,
1027 1028 1095 1080 qui
1146 1027 1459 1068 Patavinitatem
1487 1028 1539 1069 in
1571 1043 1618 1069 eo
1649 1028 1825 1070 animad-

446 1103 647 1154 vertebat,
698 1108 738 1144 et
771 1103 932 1158 quidem
967 1104 1131 1144 fortasse
1164 1103 1335 1154 iustius,
1370 1118 1491 1157 quam
1522 1105 1576 1154 ii,
1619 1105 1691 1158 qui
1721 1104 1826 1146 mili-

443 1184 539 1230 tem,
562 1181 633 1234 qui
656 1181 814 1234 scripsit
837 1179 1009 1220 diarium
1026 1179 1124 1220 belli
1141 1178 1352 1234 Hispanioi
1363 1180 1403 1234 ¹),
1429 1179 1639 1221 barbarum
1657 1184 1823 1231 vocant;

446 1267 537 1293 cum
575 1257 710 1293 tamen
742 1267 788 1293 eo
820 1252 968 1307 scripto
1001 1251 1103 1293 nihil
1135 1251 1324 1293 Latinius
1357 1252 1514 1307 concipi
1548 1253 1682 1308 possit.
1745 1253 1824 1294 Sed

446 1329 603 1370 horride
625 1329 738 1382 loqui
760 1328 876 1369 illum
898 1328 1091 1379 militem,
1117 1343 1236 1382 quem
1259 1327 1464 1368 horridum
1497 1335 1641 1370 vocant
1657 1334 1823 1385 poetae,

444 1419 527 1446 non
573 1410 654 1445 tam
698 1406 844 1446 mirum
876 1405 1004 1445 videri
1037 1404 1177 1455 debet,
1213 1419 1332 1458 quam
1365 1409 1506 1460 putare
1538 1405 1628 1446 ideo
1660 1404 1825 1447 barbare

446 1481 581 1534 loqui,
641 1481 749 1534 quod
802 1481 1019 1522 incondite.
1105 1481 1355 1523 Futilissimo
1407 1483 1535 1537 igitur
1586 1486 1823 1536 argumento

447 1558 579 1600 Lilius
625 1560 882 1614 peregrinum
929 1560 1157 1614 suspicatur
1194 1545 1492 1601 Μ311111111116Χ
1522 1558 1704 1601 sordibus
1737 1560 1823 1601 eius

446 1636 662 1685 orationis,
697 1650 799 1689 quae
829 1635 966 1676 nullae
999 1640 1106 1678 sunt.
1171 1636 1404 1678 Idiotismos
1435 1651 1528 1678 vero
1560 1637 1604 1677 in
1633 1636 1707 1677 illo
1739 1651 1822 1677 esse

445 1726 526 1752 non
572 1726 721 1766 paucos
767 1712 1081 1763 animadvertet,
1131 1713 1203 1766 qui
1250 1727 1338 1753 eum
1387 1716 1589 1754 auctorem
1637 1712 1822 1766 aequiore

445 1788 578 1828 animo
610 1788 776 1843 legerit,
812 1803 932 1842 quam
966 1788 1179 1844 Gyraldus.
1232 1789 1310 1830 Sed
1342 1789 1590 1839 idiotismos,
1624 1794 1665 1830 et
1685 1789 1719 1830 si
1742 1803 1822 1843 qua

445 1866 542 1902 sunt
588 1861 757 1911 similia,
796 1862 966 1916 ipsemet
997 1861 1123 1902 Poeta
1154 1868 1339 1913 excusat,
1377 1867 1466 1903 tum
1497 1861 1711 1917 asperitate
1742 1876 1821 1902 ma-

444 1938 591 1987 teriae,
639 1942 727 1978 tum
774 1942 950 1992 egestate
998 1937 1138 1979 Latini
1184 1939 1400 1988 sermonis3
1454 1942 1668 1980 contentus
1713 1937 1822 1979 nude

448 2016 610 2066 docere,
671 2016 779 2069 quod
827 2021 962 2057 ornate
1010 2031 1091 2058 non
1137 2017 1277 2071 possit.
1352 2015 1497 2070 Neque
1543 2031 1636 2058 vero
1683 2015 1819 2057 statim

447 2093 583 2133 omnia
615 2092 838 2134 damnanda
869 2097 986 2144 sunt,
1021 2108 1124 2148 quae
1154 2094 1327 2135 nitorem
1358 2095 1550 2135 sermonis
1578 2108 1660 2134 non
1681 2093 1822 2139 admit-

446 2174 563 2211 tunt:
604 2171 718 2224 quasi
749 2171 903 2212 minore
935 2186 1030 2213 cura
1061 2176 1101 2212 et
1132 2172 1296 2226 ingenio
1327 2171 1551 2213 tractanda.
1565 2173 1670 2222 sint,
1719 2186 1821 2225 quae

448 2245 497 2287 ab
530 2247 638 2287 omni
672 2246 787 2288 cultu
818 2247 1074 2302 eloquentiae
1105 2247 1259 2288 sterilia
1291 2252 1409 2299 sunt,
1443 2262 1562 2303 quam
1585 2262 1687 2303 quae
1709 2261 1821 2288 orna-

448 2327 583 2364 menta
614 2323 804 2364 orationis
835 2323 1070 2364 admittunt.
1135 2323 1237 2376 Quis
1270 2339 1391 2365 sanus
1421 2324 1567 2365 dixerit
1586 2322 1820 2365 Vitruvium

449 2398 614 2440 barbare
645 2397 787 2452 loqui?
847 2399 998 2441 Tamen
1029 2414 1147 2441 nemo
1179 2401 1305 2455 magis
1336 2399 1585 2442 incondite.”
1605 2399 1638 2454 2)
1772 2388 1774 2391 .

496 2850 519 2885 Ι)
566 2851 613 2881 Cf.
637 2851 763 2880 Teuffel.
788 2851 821 2879 R.
847 2847 893 2879 L.³
918 2859 987 2887 pag,
1012 2851 1083 2879 373.
1110 2851 1138 2878 8.

495 2910 519 2943 ²)
567 2911 611 2940 Cf.
637 2911 733 2941 etiam
759 2919 836 2947 qnae
861 2910 995 2940 Huetius
1018 2911 1050 2939 in
1076 2910 1205 2939 eandem
1231 2910 1424 2939 sententiam
1448 2910 1579 2948 scripsit
1603 2918 1673 2947 pag.
1699 2911 1748 2939 85.
