1936 3392
838 314 893 356 11

146 462 340 505 eademne
390 461 515 503 fuerit
562 463 690 516 atque
738 459 966 517 Lipsiensis
1011 462 1054 501 et
1097 456 1290 500 Vossiani
1334 458 1482 514 primi,
1521 457 1591 500 vix

144 540 317 585 dubium
367 541 496 583 videri
543 543 704 597 potest,
755 553 850 582 cum
899 538 1072 582 eandem
1119 535 1271 580 habeat
1310 536 1515 594 originem
1548 540 1591 580 et

143 620 317 664 duorum
352 635 544 663 versuum
578 619 782 676 spatium,
818 622 867 661 ut
899 619 944 662 in
977 616 1138 660 duobus
1173 615 1284 668 illis,
1319 616 1590 674 complevisse

143 699 327 752 dicatur,
389 703 430 743 et
489 714 637 742 nomen
696 698 864 742 Manilii
913 698 948 740 si
997 697 1199 754 scriptum
1244 695 1482 746 habuisset,
1544 697 1589 739 id

141 795 301 824 erasum
350 784 392 823 et
440 779 702 822 emendatum
753 794 837 821 non
886 781 1006 822 esset.
1074 776 1180 819 Cum
1227 776 1339 819 hisce
1372 775 1506 819 tribus
1539 791 1589 819 ex

140 859 312 917 reliquis
362 858 665 911 Bruxeliensis,
715 858 814 901 olim
849 857 1066 909 Cusanus,
1103 856 1314 914 conspirat
1347 870 1470 898 unus.
1536 855 1590 898 In

139 940 360 997 archetypo
407 939 541 995 igitur
589 938 738 981 vitium
787 938 870 980 iam
919 937 1091 980 latuisse
1131 936 1260 979 vides.
1326 935 1407 979 Sed
1438 935 1589 993 reliqui

139 1013 298 1058 codices
357 1012 468 1056 unde
527 1028 675 1055 nomen
736 1012 934 1069 petierint
997 1015 1144 1068 poetae
1205 1025 1290 1054 non
1351 1010 1472 1054 facile
1526 1015 1587 1053 est

139 1093 400 1149 investigare.
477 1091 585 1134 Nam
635 1107 657 1134 e
709 1090 850 1134 codice
882 1089 1087 1133 Vossiano
1141 1093 1165 1132 2
1202 1106 1270 1133 eos
1304 1090 1469 1133 haurire
1503 1105 1587 1133 non

139 1172 323 1230 potuisse
370 1176 509 1229 patet,
560 1187 654 1214 cum
704 1171 771 1214 hic
819 1171 1030 1228 plerisque
1074 1170 1240 1213 illorum
1279 1171 1485 1214 recentior
1515 1171 1584 1214 sit.

139 1252 339 1295 Omnium
372 1267 513 1295 eorum
543 1252 616 1308 qui
639 1251 806 1294 Manilii
829 1251 999 1294 nomine
1023 1251 1206 1293 carmina
1227 1251 1329 1293 haee
1350 1249 1586 1294 inscribunt

139 1336 203 1375 est
234 1332 479 1375 veterrimus
513 1333 567 1384 is,
609 1347 732 1388 quem
766 1331 979 1374 Antonius
1013 1331 1257 1374 Panormita
1289 1347 1310 1373 e
1333 1330 1585 1379 bibliotheca

138 1413 183 1456 in
230 1412 374 1455 Monte
426 1412 656 1455 Cassinensi
689 1414 837 1454 nactus
871 1427 958 1453 esse
992 1411 1158 1454 dicitur.
1225 1410 1306 1454 Sed
1339 1411 1438 1454 huic
1469 1411 1584 1454 testi-

142 1491 279 1533 monio
327 1505 474 1547 parum
512 1490 722 1532 fidendum
757 1505 844 1532 esse
881 1488 1110 1546 apparebit.
1176 1487 1430 1531 Laurentius
1473 1489 1583 1531 enim

140 1570 488 1622 Bonincontrius,
559 1571 632 1626 qui
680 1569 757 1612 hoc
809 1569 949 1612 codice
999 1584 1099 1611 usus
1148 1573 1233 1621 est,
1285 1569 1335 1611 de
1384 1584 1432 1611 eo
1481 1568 1582 1611 haec

137 1649 366 1707 scripsit:¹)
422 1649 534 1702 „Sed
588 1652 725 1692 tamen
781 1649 914 1692 multa
970 1648 1020 1692 de
1075 1649 1207 1706 ipsius
1262 1649 1583 1705 (astronomicon

136 1719 330 1786 auctoris)
373 1729 539 1772 nomine
582 1729 879 1786 perscrutando
935 1730 1075 1786 accepi
1119 1727 1169 1771 ab
1213 1729 1399 1772 Antonio
1431 1729 1584 1772 Panor-

136 1810 266 1862 mita,
318 1810 403 1852 viro
452 1809 714 1861 doctissimo,
763 1813 888 1865 atque
927 1812 1070 1866 poeta,
1118 1823 1247 1865 quum
1279 1808 1445 1852 Alfonsi
1475 1812 1579 1852 tem-

134 1889 303 1947 poribus
321 1889 352 1945 2)
411 1888 590 1946 Neapoli
652 1904 806 1940 essem,
871 1889 1070 1944 quosdam
1119 1888 1412 1946 quaterniones
1460 1888 1581 1931 valde

134 1968 395 2026 perturbatos
443 1969 854 2024 vetustissimosque,
907 1984 1010 2025 quos
1060 1985 1109 2012 ex
1154 1968 1414 2013 Bibliotheca
1449 1968 1580 2012 Cassi-

134 2050 251 2092 nensi
280 2065 322 2092 se
344 2049 546 2107 accepisse
570 2048 756 2103 dicebat,
781 2065 968 2106 quosque
989 2050 1094 2093 mihi
1115 2050 1291 2094 tradidit
1314 2049 1578 2107 dirigendos,

134 2129 178 2172 in
211 2127 362 2185 quibus
394 2130 439 2172 in
471 2130 584 2172 omni
615 2129 815 2173 librorum
849 2131 1054 2188 principio
1087 2130 1183 2174 talis
1217 2131 1435 2189 inscriptio
1463 2133 1574 2174 erat:

136 2208 178 2250 C.
231 2209 404 2252 Manilii
441 2210 584 2252 Poetae
617 2210 814 2253 Inlustri-⁹
844 2212 1140 2255 Astronomicon
1172 2212 1341 2267 Incipit.
1406 2211 1460 2254 In
1491 2227 1577 2254 cae-

132 2288 232 2330 teris
279 2287 396 2330 libris
443 2304 641 2332 numerus
683 2305 776 2332 cum
822 2291 965 2333 eadem
998 2291 1282 2348 inscriptione.
1349 2291 1466 2345 Quos
1498 2308 1576 2349 ego

134 2366 447 2423 quinterniones
464 2370 724 2426 transscripsi
747 2385 830 2412 una
854 2385 948 2413 cum
972 2370 1140 2414 Gallina
1162 2371 1329 2424 Siculo,
1354 2372 1398 2414 in
1422 2371 1574 2428 quibus

133 2447 257 2489 etiam
292 2448 491 2503 quosdam
525 2463 664 2491 versus
696 2449 887 2506 pluribus
920 2450 1021 2493 locis
1054 2451 1217 2504 inveni,
1245 2452 1422 2518 quos-ip
1428 2467 1580 2512 939915.

107 2525 496 2606 ΜΗ
531 2533 605 2570 aut
637 2529 929 2586 impressorum
963 2531 1103 2573 deesse
1125 2531 1327 2587 cognovit
1351 2531 1400 2574 de
1419 2531 1571 2587 quibus

131 2607 174 2646 et
226 2605 318 2647 aliis
370 2621 443 2648 sno
497 2607 587 2650 loco
643 2608 839 2652 dicemus.
921 2609 1051 2652 Cuius
1099 2611 1370 2654 vetustissimi
1418 2611 1571 2654 codicis

132 2684 377 2727 auctoritate
410 2692 620 2742 permotus
654 2703 737 2731 non
771 2688 941 2732 verebor
971 2690 1170 2733 affirmare
1202 2706 1277 2748 pro
1311 2690 1358 2734 C.
1393 2691 1569 2734 Manilio

177 2852 204 2893 ¹)
250 2857 346 2888 Teste
371 2857 536 2896 Scaligero
561 2869 634 2898 pag.
660 2860 679 2891 5
703 2861 826 2899 proleg.
852 2863 931 2893 ante
954 2864 1061 2895 notas.

175 2930 201 2971 ²)
249 2933 329 2965 Anu.
370 2936 597 2969 1442—1458.
645 2939 832 2971 Panormita
868 2942 940 2972 erat
976 2942 1064 2973 inter
1088 2943 1225 2975 comites
1248 2943 1336 2982 regis
1359 2945 1477 2984 poeta.
1510 2944 1564 2982 qui

135 2994 169 3024 et
192 2993 307 3026 librum
332 2996 372 3028 de
396 2997 496 3028 dictis
521 2999 556 3031 et
579 3000 678 3032 factis
702 3001 859 3040 Alphonsi
884 3003 983 3042 Regis
1007 3005 1153 3044 scripsit.
