1910 3250
123 405 282 446 demum
321 389 623 445 enunciationis
663 406 789 445 verb'o
834 402 979 443 suffixa
1020 402 1206 453 cuiquam
1246 402 1407 453 generis
1445 401 1607 442 dicendi

123 474 342 519 Maniliani
376 486 504 525 gnaro
543 476 730 524 suspecta
766 485 853 513 esse
888 474 1039 524 potest,
1075 472 1267 522 quoniam
1293 471 1403 510 etin
1430 472 1537 511 libro
1565 472 1608 511 V

124 543 450 594 diligentissime,
493 547 539 582 ut
573 543 754 583 ‚Iacobus
789 542 915 593 praef.
949 554 989 591 p.
1025 540 1135 580 XVI
1170 540 1336 590 iudicat,
1377 541 1606 591 composito

124 611 253 662 „que“
292 612 487 663 scriptum
521 614 583 651 est
616 624 692 662 pro
728 610 915 661 ‚‚etiam“,
949 610 1061 650 velut
1095 611 1250 660 (rursus
1285 621 1368 647 non
1404 610 1489 648 sine
1523 613 1606 649 sto-

124 681 264 720 macho
283 680 448 720 Bentlei
477 680 541 720 cui
561 681 726 720 obstitit
744 681 814 719 ille
834 680 876 718 in
895 691 1035 731 progr.
1054 679 1160 719 Lub.
1181 691 1221 729 p.
1243 680 1303 718 15.
1322 678 1413 718 Ind.
1431 691 1472 730 p.
1492 678 1606 729 218):

192 749 244 794 V,
267 751 354 788 327:
390 749 472 793 Qua
498 750 684 796 quondam
709 750 962 796 sonitumque
988 747 1109 784 ferens
1136 746 1316 794 Oeagrius
1342 746 1522 794 Orpheus,

124 819 263 858 eadem
302 819 473 869 ratione,
516 830 596 869 qua
638 818 748 870 apud
790 819 894 857 alios
937 817 1063 868 „nec“
1102 828 1178 867 pro
1210 829 1285 866 „ne
1326 839 1376 846 —
1418 817 1605 867 quidem“

122 887 306 927 habetur.
358 887 429 927 An
457 888 501 926 in
528 889 653 927 verbo
682 887 848 938 ‚,orbis“
875 891 938 926 ter
965 886 1142 938 repetito
1170 885 1337 926 haeres?
1392 886 1486 926 Tali
1514 887 1605 927 sim-

122 956 308 1008 plicitate
341 960 466 1008 poeta
500 969 621 1008 saepe
649 957 886 996 Lucretium
913 955 1106 995 imitatur.
1160 954 1287 1006 Legis
1314 955 1420 995 enim
1446 957 1482 1007 Ι,
1516 958 1606 997 256.

122 1027 217 1067 257:
252 1026 464 1066 ordinibus
493 1048 541 1054 —-
573 1026 738 1075 ordine;
769 1026 803 1075 Ι,
835 1027 922 1065 288.
951 1026 1046 1064 29οε
1082 1025 1124 1063 in
1152 1025 1303 1075 ipsum3
1338 1024 1373 1075 Ι,
1402 1027 1488 1065 149.
1519 1027 1603 1066 152.

125 1097 216 1136 157;
250 1107 388 1145 auras;
421 1095 499 1145 IV,
534 1098 621 1136 890.
650 1097 744 1135 892:
776 1095 978 1145 gubernat
1004 1115 1054 1124 -·-
1081 1094 1282 1145 gubernet
1308 1095 1492 1145 aliasque
1519 1095 1603 1135 alia

122 1164 164 1203 id
203 1177 342 1215 genus.
383 1186 434 1193 —
472 1163 659 1214 Denique
694 1165 1009 1215 perturbaturne
1043 1164 1116 1202 illo
1155 1176 1275 1203 versu
1311 1163 1603 1204 sententiarum

122 1233 366 1274 concordia?
406 1234 532 1274 Immo
561 1234 642 1273 duo
670 1236 869 1273 terrarum
897 1234 1015 1272 orbes
1042 1245 1090 1272 eo
1120 1237 1280 1272 servato
1310 1233 1473 1284 egregie
1495 1233 1603 1273 inter

122 1313 165 1342 se
193 1307 469 1354 opponuntur.
525 1302 634 1352 Quid
663 1315 759 1353 ergo
797 1325 845 1330 —
881 1315 931 1341 ne
958 1302 1107 1342 multus
1134 1303 1210 1341 sim
1242 1324 1290 1330 —
1324 1313 1414 1341 eum
1440 1304 1488 1342 ut
1513 1303 1602 1342 Ma·

122 1371 224 1410 uilio
259 1371 472 1422 indignum
505 1371 556 1410 ad
591 1372 744 1410 inferos
779 1374 825 1411 ut
858 1372 1062 1411 mittamus
1098 1371 1218 1410 nobis
1254 1371 1423 1411 suadet?
1483 1371 1603 1411 Nihil

121 1452 290 1492 prorsus
322 1441 365 1480 in
392 1444 653 1493 conspectum
679 1442 800 1480 nobis
828 1442 954 1480 venit.
1007 1441 1152 1490 Itaque
1180 1441 1364 1480 homines
1392 1441 1538 1480 doctos
1567 1442 1602 1480 si

121 1510 187 1549 vel
215 1510 426 1550 maximam
455 1522 542 1551 esse
570 1511 682 1550 illius
710 1523 851 1550 versus
879 1510 960 1549 vim
988 1510 1255 1559 divinassent,
1289 1509 1438 1560 opinor
1465 1522 1603 1550 omnes

122 1579 231 1635 omni
273 1591 350 1630 ope
390 1583 513 1630 atque
555 1593 680 1631 opera
721 1581 906 1619 enisuros
940 1579 1078 1629 fuisse,
1119 1582 1165 1617 ut
1199 1591 1290 1617 eum
1322 1578 1526 1630 integrum
1559 1580 1602 1618 in

7 1642 9 1644 ’
85 1682 90 1686 .
119 1648 442 1688 Astronomicon
477 1650 682 1688 volumine
720 1651 940 1688 servarent.
994 1649 1080 1687 Iam
1117 1651 1200 1687 stat
1233 1651 1423 1698 stantque
1455 1649 1602 1700 omnia,

122 1729 224 1767 quae
257 1721 427 1769 urgente
461 1731 582 1758 sanae
617 1718 762 1758 mentis
797 1717 949 1756 iudicio
984 1717 1079 1756 inde
1111 1717 1353 1757 efficiuntur.
1391 1738 1442 1746 —
1480 1716 1600 1757 Certe

122 1786 271 1826 Jacobi
297 1788 492 1838 impetum
520 1787 663 1839 (praef.
690 1800 731 1838 p.
750 1786 822 1837 V),
851 1798 931 1836 quo
960 1787 1096 1825 nullus
1125 1791 1196 1825 aut
1214 1785 1512 1837 imprudentior
1531 1791 1603 1826 aut

120 1855 341 1896 invalidior
367 1859 441 1907 est,
469 1857 660 1896 facillime
687 1857 901 1895 sustinent.
942 1855 1037 1906 „Ab
1057 1857 1147 1907 ipso
1169 1855 1379 1907 Sylvestro
1409 1856 1600 1908 (scilicetz

120 1926 312 1976 pontifice
346 1926 535 1975 maximo,
570 1926 639 1976 qui
666 1925 832 1965 Manilii
858 1925 1151 1964 Astronomica
1185 1925 1236 1963 ab
1271 1925 1398 1964 amico
1433 1925 1599 1976 petivit)

120 1995 271 2045 venire,
304 1994 440 2045 inquit
472 1995 555 2045 ille,
588 2007 728 2035 versus
761 1995 999 2046 suppositos
1026 1994 1230 2033 interdum
1258 1993 1458 2045 suspicari
1486 1994 1598 2034 soleo

121 2075 172 2102 ex
199 2064 295 2104 libri
322 2064 386 2103 IV
414 2076 471 2103 vs.
501 2067 596 2106 776:

297 2133 403 2178 „Qua
426 2134 571 2179 genitus
595 2133 807 2180 Caesarque
832 2144 935 2169 meus
959 2143 1055 2169 nunc
1079 2132 1244 2169 condidit
1268 2132 1431 2168 orbem“.

119 2203 270 2245 Refero
299 2203 405 2242 enim
432 2203 484 2241 ad
513 2202 707 2242 Ottonem
734 2203 814 2253 ΙΙΙ,
851 2213 1090 2252 quamquam
1115 2214 1177 2241 me
1206 2202 1395 2252 ignorare
1424 2200 1471 2253 (l)
1505 2214 1598 2252 pro-

118 2273 249 2323 fiteor,
276 2285 328 2311 an
354 2272 389 2311 is
418 2273 492 2311 sub
511 2272 642 2311 Libra
668 2275 786 2312 natus
816 2273 907 2311 sit“.
951 2271 1081 2321 Quam
1108 2282 1269 2310 causam
1293 2271 1444 2310 addens
1465 2271 1599 2310 editor

119 2341 190 2381 ille
209 2341 531 2380 Astronomicon
560 2342 718 2381 hastam
745 2342 787 2380 in
817 2354 858 2381 se
878 2342 1011 2392 ipsum
1030 2343 1225 2381 collineat
1242 2340 1442 2390 nobisque
1463 2345 1598 2379 osten-

119 2410 182 2450 dit
207 2410 257 2451 de
285 2422 327 2449 se
355 2411 446 2461 ipso
474 2411 608 2450 valere
627 2411 763 2461 verba,
793 2411 939 2460 quibus
959 2411 1221 2451 librariorum
1240 2410 1384 2449 menda
1402 2422 1426 2448 a
1445 2410 1598 2449 criticis

119 2478 320 2518 defendit:
360 2478 551 2530 „Nostris
587 2479 708 2518 etiam
742 2480 993 2530 temporibus
1027 2492 1111 2519 non
1144 2480 1195 2518 ab
1230 2479 1598 2530 interpolatoribus

120 2547 248 2601 multa
274 2550 316 2588 et
341 2549 442 2587 fiunt
469 2553 510 2587 et
538 2547 770 2588 scribuntur
797 2549 998 2588 absurda“
1028 2548 1180 2598 (Praef.
1208 2561 1247 2600 p.
1276 2548 1438 2598 XVII).

223 2615 310 2656 Iam
342 2617 385 2654 in
411 2617 573 2657 modum
600 2618 748 2658 Jacobi
776 2618 974 2657 alucinari
1003 2618 1038 2657 si
1062 2630 1137 2668 per
1164 2618 1275 2668 leges
1301 2618 1422 2669 huius
1449 2617 1596 2656 disser-

120 2684 291 2724 tationis
318 2684 472 2734 liceret‚
505 2690 685 2736 spectata
711 2687 875 2727 aliunde
904 2686 1136 2727 Germanici
1163 2691 1204 2727 et
1231 2687 1398 2726 Manilii
1424 2686 1595 2725 necessi-

121 2753 277 2804 tudine,
319 2754 500 2803 quamvis
541 2755 706 2805 ignarus
745 2757 901 2796 dierum
936 2757 1144 2807 natalium,
1184 2757 1358 2796 aliorum
1390 2755 1596 2795 hominum

123 2826 254 2863 sortes
280 2821 485 2874 praefecto
515 2822 698 2863 Orientis
726 2825 809 2864 sive
837 2826 1065 2866 commodas
1093 2826 1178 2866 sive
1205 2825 1349 2864 noxias
1376 2825 1419 2863 in
1446 2823 1594 2864 Astro-

1338 2898 1384 2935 6⁴}
