1910 3250
915 297 1189 336 ...24-

435 414 541 462 Quid
575 418 706 454 autem
732 415 780 454 de
809 428 854 454 ea
881 428 922 454 re
951 413 1122 455 senserit
1147 417 1181 454 si
1209 420 1424 466 quaeritur,
1458 419 1554 456 haec
1582 418 1662 456 fere
1688 418 1776 467 plu-

333 482 442 519 ribus
470 482 602 520 verbis
631 483 869 531 explicanda
887 483 1090 522 videntur:
1118 484 1352 533 „Equidem,
1380 485 1524 534 inquit,
1550 497 1704 534 precor,
1731 487 1776 523 ut

331 549 476 586 Fatum
502 549 543 586 in
571 550 755 588 civilibus
785 551 904 588 bellis
928 553 968 588 et
988 551 1098 588 clade
1121 551 1298 590 Variana
1320 553 1546 601 acquiescat
1568 563 1640 590 nec
1659 552 1777 600 plura

331 616 524 654 eiusmodi
540 617 581 654 in
597 617 700 655 mala
714 619 997 667 rempublicam
1012 619 1194 657 coniciat.
1223 619 1388 657 Utinam
1409 620 1576 658 devictis
1593 619 1776 657 omnibus

333 682 570 721 adversariis
612 685 785 734 populus
820 685 1026 723 Romanus
1067 697 1217 735 semper
1257 687 1402 724 habeat
1436 687 1668 736 principem,
1709 687 1777 735 qui

332 749 460 798 patris
501 750 627 788 instar
667 751 707 788 in
749 763 844 800 pace
886 756 925 789 et
959 752 1066 789 domi
1099 752 1282 802 imperet!
1344 753 1508 791 Utinam
1541 765 1611 802 per
1646 754 1778 792 omnia

333 817 490 854 saecula
522 817 615 855 talis
648 819 843 867 principis
879 819 932 855 sit
966 818 1006 855 in
1039 819 1166 856 tutela
1201 831 1326 867 neque
1354 820 1395 856 in
1422 819 1602 857 manibus
1631 831 1778 869 eorum,

335 884 403 932 qui
437 896 561 922 novas
596 897 657 923 res
693 886 917 923 moliantur.
975 886 1111 934 Atque
1139 887 1206 924 ubi
1234 887 1404 935 primum
1430 887 1598 924 alterum
1623 887 1778 936 patriae

333 955 486 999 patrem
518 952 601 990 vita
628 964 723 993 cum,
741 957 866 991 morte
895 958 1133 992 commutata
1160 953 1201 991 in
1229 967 1390 992 numero
1418 956 1580 994 deorum
1607 955 1776 994 colloca·
1823 1002 1829 1009 ἱ

333 1018 404 1067 vit,
439 1031 594 1068 semper
627 1020 772 1058 habeat
805 1021 984 1069 alterum,
1023 1022 1090 1069 qui
1125 1022 1261 1060 eodem
1293 1023 1423 1060 animo
1460 1023 1618 1070 efficiat,
1652 1026 1697 1060 ut
1729 1023 1777 1071 ie,

333 1086 396 1124 cui
424 1086 465 1123 in
494 1085 659 1136 imperio
681 1088 880 1137 successit,
908 1088 1019 1125 nulla
1037 1091 1149 1138 parte
1170 1089 1414 1127 desideretur
1435 1090 1497 1127 vel
1514 1089 1778 1138 requiratur“.

336 1153 491 1201 Quibus
528 1154 570 1190 in
605 1154 814 1193 sententiis
852 1155 930 1192 nisi
959 1156 1054 1203 quid
1081 1156 1334 1194 artificiosius
1362 1157 1565 1195 inventum
1591 1158 1660 1195 aut
1687 1156 1775 1194 sub-

334 1222 444 1260 tilius
471 1222 621 1260 dictum
647 1234 670 1259 a
698 1235 755 1260 me
784 1225 856 1271 est,
884 1223 924 1260 id
952 1235 1072 1261 unum
1098 1224 1202 1273 petit
1228 1227 1360 1273 poeta,
1389 1228 1432 1262 ut
1457 1224 1611 1263 civitati
1629 1224 1775 1273 princi-

333 1293 450 1339 patus
479 1290 673 1338 simulque
701 1302 821 1328 aurea
849 1302 963 1338 quam
990 1295 1134 1328 vocant
1161 1293 1269 1328 aetas
1299 1291 1380 1328 sive
1400 1292 1626 1340 Augustum
1645 1302 1776 1329 saecu-

334 1357 414 1395 lum
453 1361 692 1406 permaneat.
754 1357 892 1405 Atque
926 1358 1001 1396 hoc
1036 1370 1106 1395 sua
1141 1361 1282 1408 sponte
1317 1358 1424 1397 cadit
1457 1359 1498 1395 in
1531 1361 1637 1406 vota,
1663 1346 1778 1406 'quae

336 1425 492 1473 quidem
521 1425 681 1463 fuerunt
709 1425 919 1463 Octaviani
945 1428 984 1463 ct
1003 1426 1157 1464 Tiberii
1185 1427 1431 1474 temporibus
1458 1425 1644 1474 omnium,
1670 1425 1780 1464 velut

336 1491 486 1539 Ovidii,
513 1504 600 1530 cum
628 1493 818 1530 scriberet
846 1493 885 1531 in
914 1493 1048 1531 Fastis
1078 1493 1168 1542 (IV,
1195 1494 1431 1542 857-862):

472 1582 590 1626 „Urbs
617 1582 727 1617 oritur
751 1610 759 1619 .
784 1610 793 1619 .
817 1611 826 1620 .

511 1637 700 1673 Victorem
726 1639 831 1673 terris
855 1638 1066 1684 impositura
1090 1639 1229 1684 pedem.

470 1693 611 1729 Cuncta
635 1704 752 1739 regas,
776 1697 818 1728 et
842 1695 905 1729 sis
931 1706 1087 1739 magno
1113 1697 1192 1730 sub
1219 1695 1420 1730 Caesare
1445 1705 1622 1740 semper

516 1751 636 1796 Saepe
660 1751 794 1785 etiam
820 1750 966 1796 pluris
991 1752 1142 1786 nominis
1166 1752 1268 1786 huius
1291 1753 1405 1786 habe:

471 1808 520 1842 Et
557 1807 722 1852 quotiens
761 1807 903 1842 steteris
943 1808 1078 1842 domito
1118 1808 1277 1843 sublimis
1317 1809 1352 1842 in
1392 1809 1490 1851 orbe,

518 1863 674 1899 Omnia
699 1864 793 1898 sint
817 1864 1009 1899 humeris
1034 1864 1252 1899 inferiora
1275 1865 1399 1907 tuis“,

341 1968 412 1994 nec
439 1967 520 1993 non
541 1954 706 2003 Tiberii,
733 1957 779 1992 ut
805 1954 872 2002 qui
902 1955 1085 1992 omnibus
1103 1954 1281 2003 Augusti
1309 1955 1407 1993 actis
1435 1955 1690 1993 iureiurando
1711 1967 1779 2004 ap-

337 2023 519 2072 probatis
559 2022 669 2071 pacis
704 2026 858 2060 tantum
893 2023 1080 2071 operibus
1114 2021 1396 2072 rempublicam
1429 2023 1581 2060 munire
1614 2022 1779 2061 maxime

338 2090 546 2129 studuerit.
1258 2139 1263 2146 ⁸

438 2158 580 2206 Longe
608 2170 702 2196 vero
731 2158 889 2196 maximi
917 2158 966 2196 ad
995 2158 1310 2207 persuadendum
1330 2158 1518 2196 momenti
1537 2159 1577 2196 et
1593 2157 1783 2206 ponderis

339 2227 496 2265 videtur
530 2238 626 2275 esse,
664 2226 782 2275 quod,
820 2226 853 2263 si
887 2228 1047 2276 poetam
1073 2226 1190 2275 plane
1220 2226 1261 2262 in
1288 2226 1512 2263 universum
1539 2225 1687 2262 dixisse
1715 2223 1782 2262 da-

338 2307 435 2343 mus,
464 2294 597 2332 statim
625 2294 834 2332 verborum
859 2294 1059 2332 evanescit
1077 2293 1316 2341 ambiguitas
1338 2292 1651 2340 obscuritasque,
1679 2291 1782 2330 unde

341 2374 512 2411 quonam
545 2362 594 2399 de
628 2361 810 2411 principe
845 2361 1086 2398 haberentur
1121 2361 1302 2398 omnibus
1331 2360 1458 2397 adhuc
1486 2358 1643 2397 exstitit
1669 2359 1782 2396 dubi-

340 2430 455 2468 tatio.
511 2429 599 2477 Qua
633 2429 681 2467 de
717 2440 834 2467 causa
867 2429 1060 2466 affirmare
1094 2440 1168 2477 pro
1203 2439 1296 2466 vero
1332 2427 1456 2465 audeo
1491 2439 1514 2464 a
1541 2427 1616 2464 fine
1643 2426 1737 2464 libri
1763 2426 1784 2464 1

341 2497 549 2535 arcendam
584 2508 667 2535 esse
705 2508 788 2534 eam
822 2496 1118 2544 cogitationem,
1153 2507 1251 2543 quae
1279 2495 1408 2532 denuo
1437 2494 1622 2532 carminis
1650 2497 1784 2544 patro-

341 2577 434 2603 num
474 2568 567 2602 ante
608 2564 744 2602 oculos
779 2567 915 2612 ponat.
976 2563 1116 2611 Itaque
1151 2567 1190 2600 et
1223 2563 1350 2612 ipsius
1386 2562 1530 2601 Jacobi
1563 2573 1707 2612 magno
1741 2561 1784 2598 in

342 2643 475 2670 errore
515 2631 699 2670 existimo
742 2630 977 2668 sententiam
1009 2641 1106 2679 esse,
1149 2631 1216 2678 qui
1250 2631 1364 2668 deum
1398 2629 1625 2680 Augustum
1658 2628 1784 2667 solum

345 2711 429 2738 esse
456 2701 616 2738 censeat
641 2701 760 2746 atque
787 2697 942 2747 imperii
961 2709 1225 2736 successorem
1243 2700 1469 2736 terrestrem
1489 2697 1658 2746 quaeri
1676 2695 1785 2734 dicat

344 2777 471 2819 neque
501 2765 671 2816 dubitet,
705 2765 801 2817 quin
827 2764 933 2803 libro
962 2765 982 2801 I
1008 2765 1097 2803 finis
1124 2765 1235 2815 prius
1263 2764 1474 2814 impositus
1501 2763 1633 2813 fuerit5
1669 2774 1784 2812 quam
