1930 3320
895 266 1171 306 -14-

313 386 539 437 vulgaverit
572 398 846 435 nummumque
883 375 1114 436 argenteum
1147 391 1244 426 nota
1278 387 1420 427 sideris
1451 385 1762 438 Capricorni,

315 467 392 504 quo
428 457 544 492 natus
582 457 654 502 est,
689 454 992 504 percusseram)
1030 477 1074 483 --
1111 455 1242 492 Porro
1277 456 1382 504 apud
1418 454 1647 503 Pliniumss)
1683 457 1763 492 tra-

311 522 438 560 ditum
484 525 544 558 est
588 533 694 570 „non
739 521 863 559 multo
909 525 1003 570 post
1048 522 1202 559 obitum
1247 522 1374 571 patris
1423 521 1630 570 Caesaris,
1675 533 1762 559 cum

312 591 521 637 Augustus
550 589 666 626 ludos
694 588 842 626 faceret
869 589 1020 626 Veneri
1042 587 1260 638 Genetrici,
1288 589 1521 638 apparuisse
1550 587 1763 626 terrificum

312 668 456 705 magna
491 668 539 694 ex
572 659 688 705 parte
724 655 833 692 sidus
871 659 991 704 atque
1026 669 1105 694 non
1141 657 1282 694 leviter
1309 657 1475 705 piatum,
1511 655 1579 694 sed
1607 655 1656 693 ab
1687 653 1762 692 Oc-

312 724 474 761 taviano
515 723 727 761 admodum
763 722 935 760 faustum
970 726 1010 761 et
1044 724 1121 761 sibi
1157 724 1235 773 ipsi
1271 726 1406 762 natum
1442 723 1682 770 indicatum;
1721 724 1764 760 at

314 792 475 840 vulgum
502 790 730 839 credidisse,
764 802 810 828 eo
840 790 967 828 sidere
999 791 1213 840 significari
1244 791 1428 829 Caesaris
1456 791 1624 828 animam
1657 789 1763 827 inter

313 860 477 897 deorum
510 854 793 896 immortalium
829 859 990 896 numina
1024 859 1259 908 receptam“.
1317 859 1372 896 Et
1405 858 1617 908 Augustus
1651 857 1762 896 illam

314 927 469 965 stellam
497 926 660 974 Juliam,
688 930 789 963 teste
818 924 1020 975 Se1·vio‚¹⁴)
1052 926 1235 964 Caesaris
1263 926 1407 964 statuis
1435 937 1640 975 apponere
1669 937 1762 963 con-

315 995 454 1033 suevit.
482 1015 531 1021 -
570 993 726 1040 Quibus
760 993 896 1030 allatis
933 993 1172 1031 testimoniis
1208 994 1376 1031 efficitur
1404 993 1574 1041 quidem,
1608 994 1655 1031 ut
1687 991 1762 1031 Oc-

313 1062 518 1100 tavianum
545 1061 803 1098 concedamus
832 1061 872 1097 in
900 1061 1017 1098 rebus
1046 1061 1230 1109 gerendis
1258 1061 1555 1110 astrologorum
1582 1061 1762 1110 ipsorum

315 1128 531 1167 identidem
566 1128 737 1182 consilio
773 1140 884 1165 usum
919 1140 1004 1166 esse
1038 1132 1157 1176 atque
1192 1128 1464 1177 coguitionem
1499 1127 1599 1166 caeli
1637 1138 1762 1175 usque

314 1196 364 1234 ad
399 1201 563 1234 mortem
590 1196 724 1244 magni
753 1195 904 1233 fecisse.
960 1195 1039 1233 Sed
1066 1198 1220 1234 tantum
1247 1196 1372 1244 abest,
1404 1199 1449 1233 ut
1475 1195 1762 1234 Astronomica

315 1264 355 1301 in
376 1264 485 1301 illius
507 1275 615 1313 spem
634 1264 788 1312 gratiae
809 1263 959 1311 scripta
978 1274 1062 1300 esse
1082 1263 1174 1300 inde
1194 1263 1442 1312 colligamus,
1470 1265 1515 1301 ut
1533 1263 1762 1312 Augustum

316 1343 500 1380 negemus
549 1330 727 1379 quamvis
769 1330 942 1368 carmina
989 1331 1202 1369 recitantes
1242 1331 1389 1369 amicos
1431 1334 1472 1368 et
1510 1330 1682 1379 benigne
1722 1331 1764 1367 et

313 1399 514 1448 patienter
533 1398 791 1448 audiverit,¹5)
811 1398 1089 1436 astronomicis
1111 1398 1351 1436 carminibus
1367 1397 1489 1435 fuisse
1505 1398 1760 1436 oblectatum.

312 1465 416 1504 Nam
450 1478 498 1504 ne
533 1466 575 1503 id
607 1466 764 1514 quidem
792 1466 986 1503 silendum
1015 1469 1086 1514 est,
1121 1466 1318 1514 principis
1345 1465 1461 1503 huius
1489 1468 1583 1514 post
1610 1464 1762 1503 cladem

313 1534 533 1572 Varianam
551 1533 825 1571 morositatem
844 1537 961 1581 atque
981 1533 1237 1582 asperitatem
1246 1531 1288 1582 16)
1308 1533 1376 1587 vix
1394 1533 1575 1582 potuisse
1594 1530 1762 1571 tolerari

315 1613 339 1639 a
367 1602 514 1651 poetis
569 1601 753 1648 Denique
783 1601 815 1638 si
841 1600 917 1638 tibi
946 1601 987 1637 in
1015 1604 1182 1638 mentem
1210 1601 1363 1638 venerit
1389 1611 1548 1638 casuum
1575 1599 1762 1647 Labieni,

317 1667 468 1717 Severi,
499 1667 638 1706 Ovidii
667 1690 713 1695 —
742 1668 935 1717 scriptum
969 1680 1053 1706 esse
1087 1668 1137 1705 ad
1172 1668 1300 1716 ipsum
1328 1669 1557 1717 Augustum
1585 1666 1762 1715 quamvis

313 1748 443 1774 rerum
490 1736 719 1774 caelestium
766 1736 1130 1784 cognoscendarum
1172 1735 1358 1785 cupidum
1397 1735 1445 1772 de
1484 1733 1763 1772 adversissima

314 1815 452 1853 pugna
478 1814 633 1841 versum
661 1803 693 1851 I,
722 1804 814 1842 905:

491 1869 633 1916 „Saepe
658 1871 778 1906 domi
803 1870 910 1916 culpa
934 1872 1009 1915 est;
1033 1870 1256 1905 nescimus
1282 1870 1426 1905 credere
1452 1869 1588 1904 caelo.“

315 1938 435 1976 etiam
461 1941 557 1976 tunc
586 1939 662 1976 tibi
690 1951 782 1976 num
810 1939 961 1988 poterit
988 1938 1178 1988 probari?

417 2005 570 2044 Contra
597 2006 630 2043 si
660 2017 774 2054 quem
794 2006 953 2043 Manilii
981 2010 1195 2056 patronum
1222 2005 1386 2055 dignum
1413 2003 1606 2053 anquiriS,
1634 2003 1781 2042 faeere·

315 2085 395 2111 non
428 2085 591 2122 possum
624 2074 719 2122 quin
748 2073 998 2112 Tiberium
1026 2074 1100 2112 tibi
1130 2074 1288 2111 unicum
1315 2085 1550 2123 proponam.
1603 2071 1763 2110 Etenim

313 2141 355 2178 in
394 2141 500 2179 hunc
538 2141 588 2179 ab
631 2142 737 2179 omni
771 2146 885 2190 parte
920 2154 966 2180 ea
1002 2142 1160 2190 quidem
1194 2142 1294 2179 bene
1330 2140 1539 2190 quadrant,
1581 2150 1680 2187 quae
1713 2149 1762 2176 ex

312 2209 628 2247 Astronomicon
662 2210 767 2247 libro
806 2209 826 2246 I
860 2210 910 2247 ad
944 2210 1166 2259 principem
1202 2209 1340 2248 referri
1367 2207 1535 2258 possint.
1589 2205 1763 2244 Maxime

315 2288 415 2324 quae
443 2276 533 2315 inde
562 2289 585 2314 a
612 2289 727 2315 versu
757 2279 804 2316 10
831 2277 1047 2315 habentur:

467 2345 576 2394 „Das
604 2345 777 2383 animum
803 2345 985 2393 viresque
1014 2346 1124 2394 facis,
1153 2348 1197 2382 ut
1224 2356 1304 2381 non
1332 2346 1485 2381 tautum
1512 2342 1621 2379 iuvet
1648 2339 1764 2389 signa

367 2416 408 2450 et
443 2413 632 2450 adversos
668 2412 872 2450 stellarum
908 2425 1069 2451 noscere
1105 2423 1255 2458 cursus,
1295 2410 1363 2449 sed
1398 2409 1516 2448 etiam
1547 2407 1763 2457 impensius

363 2480 452 2530 ipsa
481 2481 582 2518 scire
610 2480 774 2528 penitus
802 2480 934 2529 magni
963 2480 1098 2518 mundi
1126 2478 1386 2530 praecordia“

404 2587 446 2630 ¹2)
472 2585 543 2621 Cfr.
567 2585 656 2621 Tac.
675 2586 722 2621 A.
739 2587 806 2629 IV,
831 2587 885 2621 38.
934 2585 976 2631 ι3)
1002 2585 1048 2621 N.
1064 2586 1112 2621 H.
1129 2585 1176 2629 II,
1201 2585 1232 2630 ξ.
1254 2585 1308 2620 92.
1354 2583 1396 2628 14)
1422 2583 1485 2619 Ad
1501 2583 1598 2618 Aen.
1614 2581 1662 2626 X,
1684 2582 1761 2618 316.

317 2642 389 2679 cfr.
422 2643 533 2678 etiam
558 2653 591 2677 a.
615 2642 662 2677 A.
686 2642 753 2685 IX,
776 2643 832 2684 47,
866 2642 993 2677 deinde
1018 2643 1141 2677 Herm.
1164 2641 1231 2685 IX,
1261 2653 1296 2687 p.
1320 2641 1397 2682 343,
1427 2640 1487 2674 ubi
1510 2639 1693 2675 Jordanus
1716 2637 1762 2672 de

312 2699 452 2745 templo
474 2699 556 2734 Divi
587 2698 675 2734 Julii
707 2698 887 2734 disseruit.
944 2698 986 2742 15)
1018 2699 1117 2734 Suet.
1149 2696 1231 2732 Oct.
1261 2707 1292 2732 c.
1321 2698 1377 2732 89.
1441 2695 1484 2741 ¹⁶)
1517 2695 1647 2732 Senec.
1677 2703 1762 2729 con-

313 2759 404 2792 trov.
428 2755 478 2800 11,
503 2757 556 2799 12,
583 2756 635 2791 12.
