1930 3320
707 298 962 339 2-974
1156 326 1162 336 ,
1510 307 1528 319 ·

97 387 356 430 ornamentis
388 391 624 440 temperata
656 392 698 428 et
729 388 983 438 illuminata,
1015 391 1104 427 tum
1136 386 1314 439 denique
1339 386 1509 429 ‚cunctis
1538 386 1603 426 di-

97 453 219 495 cendi
247 452 434 493 artificiis
459 451 691 506 figurisque
719 458 761 493 et
793 453 1024 502 sententiis,
1051 451 1202 505 quibus
1230 456 1320 492 tum
1347 451 1537 492 rhetores
1561 452 1605 492 in

96 518 312 560 auditoriis
350 519 521 571 plausus
563 518 818 568 eliciebant,
858 532 934 572 per
976 523 1111 559 totum
1150 517 1415 558 continenter
1451 530 1606 571 poema

95 597 227 638 usque
253 584 307 624 ad
333 583 567 624 molestiam
597 584 793 636 profusis.

146 650 199 690 Et
231 653 373 690 tamen
403 649 547 689 rhetor
575 649 652 689 ist‘e
675 661 773 689 vere
798 653 924 702 poeta
951 648 1041 699 fuit,
1063 648 1287 700 vividoque
1313 648 1481 700 ingenio
1508 661 1604 689 vere

95 714 381 756 admirandus.
410 715 471 754 Ea
501 714 612 754 enim
640 714 816 767 poeticae
841 714 1054 755 facultatis
1081 714 1142 754 vis
1169 717 1244 764 est,
1267 726 1361 766 quae
1385 726 1604 767 nunquam

93 780 147 820 sit
171 780 395 829 abolenda,
417 791 576 832 perque
613 779 758 820 omnia
783 779 886 820 vitia
912 779 1156 832 explicetur.
1181 779 1294 818 Licet
1314 778 1449 831 vigitur
1475 779 1604 818 Mani·

94 845 174 886 lius
201 844 420 886 rhetorum
451 844 676 898 disciplina
704 845 892 885 imbutus
918 844 969 884 ad
1001 843 1268 884 scribendum
1296 844 1483 892 accedat,
1509 844 1606 884 licet

93 910 238 952 omnia
274 910 492 950 rhetorum
534 909 712 950 artificia
749 910 937 951 materiae
971 909 1226 950 exornandae
1259 908 1474 958 adhibeat,
1509 909 1606 949 licet

94 975 346 1029 sapientium
374 979 558 1016 mentem
583 988 695 1028 saepe
714 975 781 1016 vel
804 974 991 1015 offendat
1012 974 1076 1015 vel
1099 977 1308 1027 torqueat,
1330 973 1430 1027 quid
1453 975 1606 1014 refert?

91 1042 222 1082 Poeta
240 1044 364 1081 natus
385 1045 476 1081 crat
499 1053 508 1080 :
531 1041 610 1081 fuit
636 1044 677 1081 et
704 1045 846 1093 poeta,
866 1044 1090 1093 postquam
1119 1039 1264 1079 rhetor
1290 1038 1426 1079 factus
1450 1041 1602 1080 fuerat.

91 1108 197 1148 Nam
227 1107 261 1146 si
291 1118 378 1146 non
414 1106 657 1146 flammeum
694 1105 875 1146 Lucretii
910 1110 1058 1145 aestum
1096 1109 1170 1145 aut
1206 1105 1403 1145 decoram
1442 1105 1604 1157 Virgilii

92 1171 312 1213 mollitiem
345 1170 544 1224 aequavit,
576 1184 652 1211 nec
689 1175 870 1222 tantum,
901 1175 1108 1223 quantum
1142 1170 1216 1218 illi,
1253 1174 1326 1210 aut
1361 1170 1496 1211 doluit
1530 1176 1605 1212 aut

23 1257 26 1259 v
91 1237 313 1278 miseratus
353 1242 431 1286 est,
473 1241 517 1276 at
555 1237 756 1289 cogitavit
793 1237 894 1288 alta,
936 1236 1199 1288 grandiaque
1239 1236 1405 1276 locutus
1444 1240 1520 1285 est,
1562 1240 1604 1277 et

93 1301 221 1343 verba
251 1302 423 1350 invenit,
456 1315 550 1355 quae
580 1302 816 1353 legentibus
844 1314 910 1342 res
941 1305 1307 1355 repraesentarent.
1334 1303 1440 1341 Nam
1470 1302 1604 1342 multa

92 1380 188 1408 cum
214 1367 422 1416 acumine,
442 1368 578 1406 multa
603 1367 740 1407 vivide
763 1367 927 1407 locutus
953 1371 1029 1415 est,
1053 1371 1094 1406 et
1117 1366 1214 1406 licet
1234 1366 1462 1420 saepissime
1484 1367 1601 1408 odio-

91 1445 162 1474 sus
183 1433 250 1484 sit,
275 1445 492 1485 nunquam
523 1435 635 1472 certe
660 1436 722 1472 est
747 1432 888 1485 gravis
917 1445 925 1472 :
956 1432 1065 1472 iram
1095 1432 1264 1483 legenti,
1288 1445 1375 1473 non
1405 1446 1600 1474 somnum

91 1498 185 1548 ciet,
205 1498 509 1550 Horatianique
531 1498 733 1551 praecepti
755 1510 933 1541 memor.

576 1618 832 1655 Mediocribus
855 1630 935 1655 esse
955 1618 1079 1666 poetis

327 1672 411 1708 Non
432 1670 484 1717 di,
506 1682 583 1708 non
603 1671 795 1717 homines,
815 1682 892 1708 non
913 1682 1136 1708 concessere
1155 1671 1361 1715 columnae,

91 1802 185 1830 cum
215 1802 302 1830 non
330 1789 474 1830 omnia
503 1788 661 1842 optime
689 1791 730 1828 et
762 1787 946 1840 cogitare
977 1791 1018 1827 et
1047 1786 1184 1827 dicere
1219 1786 1394 1838 valeret,
1423 1787 1601 1839 pessime

91 1855 226 1896 multa
254 1868 383 1908 quam
412 1853 679 1910 mediocriter
707 1852 873 1892 maluit.
899 1853 946 1892 In
973 1852 1120 1893 formis
1150 1858 1293 1892 tamen
1323 1856 1365 1892 et
1391 1852 1601 1893 coloribus

91 1919 373 1974 exprimendis
417 1919 523 1960 solet
567 1931 655 1958 esse
703 1918 1000 1967 admirandus,
1044 1917 1407 1970 creberrimosque
1457 1931 1602 1958 versus

92 1986 229 2033 finxit,
271 1985 344 2037 qui
378 1985 522 2031 oculos
558 1983 789 2035 legentium
830 1983 1036 2023 acerrimo
1076 1983 1261 2036 quodam
1302 1995 1599 2036 corporearum

93 2063 234 2092 rerum
260 2051 352 2090 visu
382 2049 586 2098 afficiunt,
616 2048 732 2088 nullo
761 2048 891 2088 animi
922 2052 1038 2088 motu
1068 2048 1134 2088 vel
1161 2048 1318 2100 ingenii
1339 2048 1499 2101 judicio
1527 2050 1600 2089 ad-

94 2116 227 2158 mixto
247 2129 256 2155 :
282 2114 388 2155 utin
404 2114 485 2154 hoc
508 2126 630 2153 versu
651 2126 660 2154 :

376 2226 421 2261 Et
442 2224 604 2273 pedibus
624 2223 744 2261 niveis
766 2224 956 2261 fulserunt
976 2234 1095 2261 aurea
1115 2223 1253 2268 vincla,

92 2347 340 2390 obversatur
361 2354 457 2390 ante
484 2349 628 2390 oculos
653 2348 825 2389 feminei
850 2348 1039 2402 corporis
1063 2348 1222 2388 candor
1247 2348 1357 2387 ssavo
1383 2346 1602 2387 distinctus

92 2414 278 2455 metallo.
299 2414 379 2455 Sed
406 2427 500 2455 eam
529 2418 625 2454 ante
646 2414 790 2454 omnia
815 2414 958 2454 dotem
983 2413 1148 2466 habuit,
1170 2426 1264 2467 quae
1286 2412 1501 2453 rarissima
1522 2415 1598 2460 est,

92 2491 168 2520 nec
203 2492 368 2533 semper
401 2480 597 2520 maximis
633 2479 889 2532 Manilioque
930 2478 1174 2520 melioribus
1213 2478 1349 2531 poetis
1382 2477 1559 2529 contigit
1588 2489 1597 2517 :

91 2544 394 2599 philosophicae
415 2546 573 2586 scilicet
594 2549 635 2585 et
656 2545 967 2586 mathematicae
989 2549 1029 2585 et
1054 2544 1239 2597 physicae
1267 2549 1308 2584 et
1334 2543 1599 2594 astrologicae

91 2609 274 2651 scientiae
301 2616 468 2664 reperta
493 2612 552 2651 ita
576 2611 767 2651 versibus
794 2611 1012 2663 expressit,
1043 2615 1088 2650 ut
1113 2610 1165 2650 de
1191 2610 1241 2649 iis
1267 2623 1363 2650 cum
1391 2608 1602 2649 subtiliter

91 2678 180 2715 tum
206 2676 367 2729 poetice
390 2677 648 2729 loqueretur,
675 2689 751 2717 nec
776 2677 900 2716 rebus
926 2676 1070 2725 verba,
1093 2680 1167 2716 aut
1190 2688 1256 2715 res
1283 2674 1422 2715 verbis
1456 2675 1599 2714 obsta-
1625 2669 1629 2674 ’

90 2743 197 2781 rent.
225 2742 332 2781 Tum
364 2742 476 2782 enim
510 2739 650 2782 acrem
684 2741 887 2782 orationis
916 2742 1107 2794 vigorem
1141 2754 1307 2781 summo
1339 2753 1433 2780 cum
1462 2739 1600 2791 splen-

90 2803 192 2846 dore
217 2818 413 2846 vcrsuum
438 2806 588 2847 extulit
610 2819 619 2846 :
643 2807 759 2860 quod
776 2807 866 2859 jam
887 2807 1124 2860 perspicere
1146 2805 1321 2860 potuisti
1345 2809 1408 2845 tot
1428 2809 1601 2856 tamque

90 2869 312 2911 luculentis
343 2872 446 2913 locis
478 2885 583 2925 quos
617 2871 670 2912 ad
705 2872 924 2913 scientiam
960 2873 1219 2926 pertinentes
1248 2883 1377 2924 supra
1412 2868 1597 2909 laudavi.

189 2942 338 2980 LAusoN.
1386 2942 1406 2976 7
