1910 3250
907 277 1184 318 ..26-

334 397 472 446 opinio
506 396 649 446 populi
683 395 868 445 Romani,
909 408 1079 435 summus
1110 397 1188 436 fuit
1225 397 1468 453 Octavianus
1505 400 1770 451 crediturque,
1817 387 1819 390 .

329 468 374 501 ut
401 476 521 512 supra
548 463 759 512 explicavi,
787 475 868 501 non
895 464 1014 502 modo
1042 464 1156 502 vivus
1185 466 1273 503 orbi
1301 469 1491 505 terrarum
1514 468 1683 506 feliciter
1700 469 1770 507 im-

328 542 500 580 perasse,
540 542 675 568 verum
715 532 834 569 etiam
868 531 983 568 divus
1018 532 1059 569 in
1094 532 1245 572 Julium
1280 534 1363 572 sive
1397 534 1626 584 Augustum
1660 535 1770 574 sidus

331 598 458 635 elatus
493 599 602 635 caelo
640 609 834 647 praeesse.
890 599 979 646 Qua
1013 599 1059 637 de
1091 612 1209 638 causa
1235 601 1345 638 nulla
1371 613 1537 650 prorsus
1563 602 1669 640 ratio
1697 611 1771 640 uos

330 665 441 713 cogit
468 677 623 702 versum
650 666 723 704 935
751 666 809 703 ita,
835 666 1104 715 interpretari,
1130 669 1176 706 ut
1196 667 1426 716 Augustum
1452 669 1556 707 inter
1582 669 1772 708 mortales

329 733 457 770 adhuc
490 733 648 781 morari,
681 738 823 782 postea
856 738 986 772 autem
1021 745 1091 772 sua
1122 735 1248 784 ipsius
1276 736 1405 774 anima
1431 737 1581 776 caelum
1606 737 1772 786 amplifi·

328 804 506 838 eaturum
543 812 628 838 esse
661 801 849 838 dieamus.
902 801 1023 838 Haud
1057 802 1159 840 enim
1192 803 1274 840 scio
1309 815 1360 840 au
1395 804 1504 842 nefas
1538 804 1591 842 sit
1621 805 1774 843 tantam
1823 824 1826 826 v

328 871 472 916 poetae
494 867 572 904 vim
591 867 740 916 afferre,
769 872 814 905 ut
833 869 918 906 sub
938 869 1237 917 praepositione
1257 881 1328 906 suo
1348 869 1432 907 iure
1451 882 1538 908 eum
1556 882 1668 911 usum
1686 882 1773 910 esse

335 947 420 972 cum
437 935 463 972 21
467 935 591 972 acobo
607 934 662 984 (p.
680 935 770 983 222)
787 947 984 984 negemus
1015 936 1141 983 Quam
1161 937 1339 974 voculam
1358 937 1451 975 licet
1469 937 1567 975 mira
1579 938 1774 976 varietate
1835 975 1837 979 .

331 1003 418 1040 loco
430 1002 597 1040 aliarum
612 1004 841 1052 protulerit,
857 1006 987 1041 tamen
1005 1003 1098 1052 quid
1108 1003 1246 1042 addita
1254 1005 1388 1052 aliqua
1396 1016 1568 1053 persona
1578 1004 1774 1054 significet

330 1070 493 1108 dubium
522 1083 601 1108 non
630 1074 702 1118 est,
733 1071 918 1118 quoniam
945 1071 1044 1108 bene
1074 1071 1360 1121 intelleguntur
1388 1073 1420 1120 I,
1448 1074 1539 1111 925:
1566 1072 1620 1110 sit
1645 1072 1775 1111 Roma

329 1139 414 1176 sub
444 1138 538 1175 illo
558 1138 701 1186 -1V‚
729 1139 794 1176 23:
825 1138 948 1176 Troia
976 1139 1061 1175 sub
1090 1150 1182 1176 uno
1211 1151 1290 1176 11011
1319 1150 1455 1178 eversa
1481 1140 1607 1178 viro:
1634 1151 1774 1189 nempe

329 1206 465 1244 eodem
506 1209 637 1255 pacto,
680 1218 757 1254 quo
798 1206 906 1255 apud
941 1205 1127 1244 Ovidium
1167 1205 1294 1254 (Fast.
1328 1206 1403 1255 IV,
1442 1206 1678 1255 857—862):
1719 1207 1774 1247 sis

326 1286 469 1324 magno
512 1274 584 1311 sub
623 1273 792 1311 Caesare
834 1285 996 1322 semper.
1060 1272 1229 1311 Constat
1271 1274 1396 1322 igitur
1428 1274 1478 1312 ab
1510 1274 1584 1312 hac
1618 1274 1775 1323 quidem

327 1345 455 1391 parte,
485 1342 590 1390 quod
618 1342 840 1391 posuimus:
869 1344 1017 1378 crescet
1043 1341 1191 1378 caelum
1212 1341 1430 1390 imperante
1450 1341 1651 1390 Augusto.
1689 1341 1776 1381 Nec

330 1413 460 1446 tamen
497 1413 700 1458 spectante
730 1409 840 1446 verbi
869 1408 995 1445 forma
1022 1408 1073 1446 ad
1099 1408 1273 1446 futurum
1301 1412 1454 1457 tempus
1481 1420 1691 1458 possumus
1717 1408 1776 1447 di-

333 1476 510 1514 iudicare
546 1476 789 1514 Octavianus
830 1475 991 1513 vivusne
1038 1475 1165 1513 adhuc
1205 1476 1313 1514 orbis
1349 1479 1542 1514 terrarum
1575 1488 1628 1514 au
1659 1475 1775 1515 divus

328 1545 428 1583 caeli
460 1545 730 1594 principatum
762 1543 956 1581 obtineat.
1011 1543 1161 1581 Versus
1189 1543 1305 1591 enim,
1339 1543 1407 1592 qui
1434 1547 1636 1593 postremo
1663 1554 1776 1593 prae·

326 1612 451 1652 cedit:

534 1679 634 1723 „Iam
659 1678 747 1713 facit
770 1678 848 1723 ipse
874 1678 962 1712 deos
987 1678 1166 1723 mittitque
1191 1678 1236 1712 ad
1262 1678 1382 1712 sidera
1405 1678 1558 1712 numen“

332 1747 382 1785 ad
418 1750 624 1796 utramque
661 1747 898 1784 sententiam
932 1746 1048 1784 facile
1083 1746 1419 1784 accommodatur:
1455 1758 1545 1784 nam
1571 1746 1778 1796 Augustus

333 1815 418 1863 ipse
447 1815 523 1852 fuit
549 1827 570 1852 e
599 1827 760 1852 numero
789 1826 937 1862 eorum,
967 1813 1030 1861 qui
1061 1813 1157 1851 deos
1185 1813 1324 1851 fecisse
1353 1813 1546 1862 feruntur,
1571 1826 1659 1853 011111
1681 1813 1776 1853 an-

330 1882 429 1920 saris
464 1882 594 1931 patris
628 1882 796 1919 animam
830 1883 1019 1930 poscente
1054 1885 1193 1918 senatu
1227 1881 1459 1930 populoque
1487 1881 1591 1919 inter
1617 1882 1778 1931 numina

327 1950 487 1988 rettulit
513 1962 559 1987 ac
587 1950 765 1998 fulgente
793 1961 864 1998 per
892 1950 1041 1997 septem
1068 1948 1152 1986 dies
1180 1948 1394 1986 continuos
1422 1948 1539 1986 stella.
1565 1948 1711 1988 crinita
1727 1949 1779 1988 ad

329 2017 464 2055 sidera
491 2017 611 2066 misit,
642 2028 720 2065 qua
746 2016 794 2053 de
822 2027 864 2054 re
886 2015 1054 2054 Ovidius
1083 2016 1208 2053 edidit
1236 2015 1349 2065 (Met.
1378 2014 1498 2064 VIII,
1516 2015 1778 2055 Sis-*Fam

325 2085 380 2133 ΙΙ,
417 2085 528 2135 143):

310 2159 312 2161 ·
600 2152 673 2194 „Ut
698 2152 787 2186 deus
813 2150 968 2186 accedat
995 2150 1097 2185 caelo
1122 2149 1338 2195 templisque
1361 2151 1508 2194 locetur,

599 2208 656 2242 Tu
682 2207 770 2251 (scil.
794 2207 934 2247 Venus)
958 2206 1107 2241 facies
1132 2208 1311 2250 natusque
1335 2207 1441 2241 suus“

327 2281 368 2315 et

669 2342 960 2386 „Caelestem
986 2341 1098 2376 fecit
1122 2341 1201 2375 ille
1225 2341 1433 2385 patrem“.

332 2422 430 2471 Nec,
470 2423 548 2459 nisi
589 2421 750 2459 aliunde
791 2420 944 2469 aliquid
985 2420 1084 2457 lucis
1125 2419 1320 2467 afferetur,
1361 2419 1402 2455 in
1438 2419 1614 2457 tenebris
1647 2430 1778 2459 errare

337 2491 447 2541 prius
481 2490 715 2538 desinemus,
761 2500 876 2536 quam
912 2487 1093 2536 neglecto
1128 2490 1333 2536 poetarum
1366 2486 1452 2524 iure
1485 2485 1582 2523 deos
1617 2497 1780 2526 numero

332 2561 543 2606 tantopere
582 2556 859 2606 pmsserimus,
900 2559 944 2592 ut
986 2555 1074 2602 quis
1114 2554 1230 2592 homo
1271 2555 1407 2603 plures
1448 2553 1544 2591 deos
1587 2553 1779 2592 creaverit

332 2637 518 2674 quaerere
558 2635 633 2662 nos
674 2626 869 2672 oporteat.
932 2622 1032 2660 Tum
1071 2621 1225 2666 demum
1268 2621 1368 2659 alius
1404 2620 1780 2670 circumspiciendus

328 2692 424 2737 erit,
473 2692 542 2741 qui
581 2691 768 2740 Augusto
818 2690 974 2728 saeculo
1025 2689 1252 2728 caelestium
1302 2695 1458 2728 coetum
1503 2688 1660 2730 auxisse
1699 2691 1776 2728 tra.-

319 2761 450 2800 datur.
