1936 3392
990 285 1174 324 ...6.-

398 374 552 424 Nempe
573 384 654 411 non
675 383 810 422 operae
832 371 1009 422 pretium
1030 376 1089 410 est
1110 373 1287 411 Gevartii
1313 373 1550 424 opinionem
1580 374 1765 414 refellere
1785 377 1814 424 ¹,

343 436 431 487 qui,
461 448 555 474 cum
585 435 693 485 apud
724 434 995 473 Claudianum
1025 435 1176 486 legeret
1205 437 1401 476 Manlium
1431 438 1718 486 Theodorum,
1746 439 1816 490 qui

344 511 453 537 anno
472 502 564 549 post
585 498 791 537 Christum
815 499 1096 538 trecentesimo
1118 501 1383 551 nonagesimo
1405 514 1514 540 nono
1532 502 1606 540 sub
1628 503 1810 541 Honorio

341 562 599 612 Arcadioque
621 561 849 600 Caesaribus
867 562 1007 601 consul
1028 563 1116 610 fuit,
1137 570 1290 602 naturae
1316 565 1436 603 sacris
1462 565 1676 617 mundique
1701 578 1815 604 vaca-

343 625 456 673 visse,
475 625 587 664 hunc
612 626 745 676 ipsum
766 626 889 664 fuisse
909 626 1218 665 Astronomicon
1241 628 1479 679 scriptorem
1511 629 1716 679 professus
1737 632 1812 667 est.

345 689 464 735 Quod
484 693 529 728 ut
548 689 651 728 falso
672 689 826 728 dictum
852 689 976 728 fuisse
997 695 1210 742 appareat,
1233 691 1331 729 satis
1358 692 1434 730 erit
1460 692 1666 742 integrum
1694 692 1814 731 Clau-

341 753 458 792 diani
487 752 640 801 locum,
669 766 751 804 quo
784 753 923 793 Manlii
952 754 1158 792 Theodori
1185 754 1320 793 studia
1349 755 1540 794 describit
1567 756 1596 803 ²,
1623 756 1813 806 invisere,

346 817 455 855 unde
481 817 598 855 illum
628 821 674 855 ut
699 817 889 868 quaedam
918 818 967 856 de
994 817 1095 856 ezelo
1123 821 1163 856 et
1188 818 1321 866 astris,
1345 818 1402 856 ita
1427 819 1558 857 multa
1585 819 1635 858 de
1655 831 1818 858 summa

346 884 509 919 naturae
536 880 649 919 libris
669 881 926 932 explicuisse,
947 893 1022 920 nec
1045 882 1325 920 astronomica
1343 881 1534 932 denique,
1557 882 1626 921 sed
1647 883 1819 934 physica

344 944 555 995 scripsisse
576 945 838 983 manifestum
860 945 952 985 erit.

399 1009 481 1047 Nec
501 1009 633 1058 magis
662 1008 794 1047 ullum
824 1022 873 1047 ex
901 1009 949 1047 iis
981 1021 1084 1059 quos
1110 1009 1266 1047 Plinius
1299 1012 1502 1047 memorat
1527 1008 1737 1047 Manilium
1771 1020 1821 1047 ea

346 1071 497 1122 quibus
518 1085 684 1123 operam
714 1072 859 1111 damus
884 1073 1165 1111 Astronomica
1191 1072 1397 1124 scripsisse
1423 1072 1686 1112 crediderim.
1715 1073 1819 1112 Nam

346 1136 559 1174 Manilium
585 1136 936 1187 Mathematicum,
960 1149 983 1175 a
1013 1149 1094 1188 quo
1116 1136 1374 1187 grammatici
1401 1135 1503 1175 sexti
1525 1136 1672 1175 decimi
1693 1135 1820 1174 seculi

345 1200 459 1250 apud
490 1200 669 1238 Plinium
695 1200 887 1249 legebant
907 1202 920 1222 ³
950 1200 1163 1250 cujusdam
1197 1199 1362 1238 obelisci
1394 1199 1598 1238 cacumini
1630 1202 1819 1238 auratam

348 1262 478 1314 pilam
493 1265 677 1313 Augusto
696 1263 879 1314 principe
895 1264 1015 1302 fuisse
1035 1263 1216 1301 additam
1240 1263 1289 1301 ad
1306 1263 1608 1313 dignoscendas
1622 1263 1820 1301 horarum

348 1326 544 1376 rationes,
571 1326 659 1376 jain
692 1339 775 1365 non
808 1327 1017 1377 appellare
1052 1327 1180 1373 decet,
1211 1339 1303 1365 cum
1330 1326 1556 1364 recentium
1579 1326 1819 1376 grammati-

346 1401 491 1428 corum
513 1402 711 1428 consensu
732 1390 948 1428 Facundus
974 1391 1111 1428 Novus
1132 1402 1206 1440 pro
1228 1389 1391 1427 Manilio
1412 1389 1453 1426 in
1476 1389 1586 1427 hunc
1605 1389 1743 1427 locum
1766 1388 1817 1427 sit
1846 1392 1849 1394 ’

345 1452 610 1504 accipiendus
629 1453 657 1491 ⁴.
682 1452 891 1491 Manilium
917 1465 1013 1498 vero
1040 1456 1287 1500 senatorem,
1316 1464 1439 1503 quem
1467 1452 1622 1490 Plinius
1647 1455 1822 1490 testatur

347 1517 614 1556 astronomiae
643 1516 844 1555 studuisse
864 1517 893 1564 ⁵,
921 1516 1022 1555 nihil
1052 1516 1221 1556 omnino
1246 1519 1488 1566 argumento
1518 1520 1592 1563 est,
1616 1515 1744 1554 libros
1771 1515 1822 1554 de

346 1580 602 1619 astronomia
622 1580 848 1631 scripsisse.
876 1581 928 1619 At
947 1581 1070 1619 refert
1093 1580 1202 1619 idem
1227 1579 1381 1618 Plinius
1407 1579 1487 1618 alio
1514 1578 1620 1626 loeo,
1644 1581 1819 1618 Romam

348 1643 494 1682 eadem
519 1655 623 1682 nave
653 1643 846 1682 advectos
872 1644 1008 1691 fuisse,
1038 1644 1211 1694 pedibus
1240 1643 1418 1691 cretatis,
1451 1642 1715 1681 «Publilium
1741 1643 1822 1681 Lo-
1887 1632 1899 1646 ⁶

348 1706 504 1755 chium,
531 1707 705 1746 mimicae
737 1720 867 1747 scenae
897 1707 1166 1754 conditorem,
1195 1711 1236 1746 et
1264 1706 1497 1757 astrologiae
1531 1706 1823 1745 consobrinum

347 1770 439 1821 ejus
472 1771 681 1810 Manilium
710 1771 980 1821 Antiochum,
1010 1771 1108 1810 item
1140 1770 1421 1821 grammaticae
1455 1770 1687 1810 Staberium
1722 1770 1824 1808 Ero-

352 1838 436 1873 tem
451 1835 480 1873 ⁶.
506 1850 524 1870 >›
550 1835 628 1874 Sed
647 1835 837 1874 conditor
859 1835 925 1874 ille
950 1835 1182 1885 astrologiae
1201 1834 1404 1882 Manilius,
1427 1834 1506 1872 hoc
1530 1833 1649 1872 titulo
1670 1832 1823 1883 dignis-

348 1898 480 1937 simus
507 1898 572 1937 cui
598 1903 783 1938 nostrum
811 1912 959 1950 poema
987 1898 1196 1945 reddatur,
1226 1898 1385 1937 ratione
1414 1902 1651 1948 temporum
1683 1897 1824 1935 exclu-

350 1962 476 2010 ditur,
500 1975 591 2001 cum
613 1963 783 2014 aequalis
801 1963 888 2014 ejus
907 1962 1120 2010 Publilius,
1141 1974 1319 2013 quocum
1340 1963 1514 2000 Romam
1533 1961 1726 2000 advectus
1747 1963 1823 2008 est,

349 2029 502 2077 quarto
538 2030 632 2064 ante
665 2027 834 2065 Caesaris
866 2038 1008 2065 necem
1041 2038 1148 2065 anno
1183 2038 1265 2065 non
1298 2025 1354 2064 ita
1384 2025 1548 2076 juvenis
1583 2023 1751 2072 obierit,
1782 2023 1824 2062 in

352 2093 545 2141 poemate
562 2102 658 2129 vero
680 2094 720 2129 et
739 2091 926 2130 Varianae
948 2090 1075 2129 cladis
1095 2093 1135 2128 et
1156 2089 1306 2128 Tiberii
1324 2089 1477 2128 mentio
1499 2087 1742 2140 reperiatur.

405 2154 462 2193 Ac
486 2166 537 2192 ne
558 2154 599 2192 id
619 2154 785 2205 quidem
814 2155 911 2193 satis
931 2157 1106 2201 constat,
1130 2154 1179 2192 de
1205 2153 1277 2192 illo
1299 2165 1420 2204 quem
1449 2152 1673 2201 quaerimus
1701 2154 1825 2203 poeta

350 2217 595 2256 Gerbertum
610 2218 812 2270 scripisse,
824 2231 917 2257 cum
935 2218 1164 2257 nesciamus
1185 2221 1321 2256 utrum
1339 2215 1468 2254 libros
1483 2215 1619 2254 soluta
1638 2214 1825 2253 oratione

350 2281 544 2332 scriptos,
568 2293 621 2319 an
647 2282 827 2321 numeris
853 2286 893 2320 et
919 2281 1091 2333 pedibus
1111 2281 1270 2320 vinctos
1290 2279 1521 2330 significare
1541 2278 1735 2318 voluerit.

397 2386 426 2415 1.
447 2386 606 2424 Bentley,
624 2385 763 2416 Manilii
781 2386 1037 2417 Astrononzicon
1055 2386 1078 2416 l.
1104 2384 1154 2424 V.‚
1177 2385 1266 2422 1739,
1288 2383 1407 2424 Praef.,
1423 2393 1458 2424 p,
1479 2392 1531 2422 XI;
1553 2382 1590 2414 G.
1609 2382 1646 2413 G.
1667 2381 1825 2420 Vossius,

353 2431 402 2462 De
431 2432 540 2462 Poetis
568 2431 710 2471 Latinis,
734 2441 808 2473 cap.
834 2432 863 2462 II
889 2431 1011 2472 (Opera
1040 2431 1167 2470 omnia,
1198 2431 1379 2467 16954701,
1408 2430 1531 2468 in-sol.‚
1558 2428 1824 2467 Anistelodami,

352 2479 379 2511 t.
401 2477 458 2517 111,
476 2487 509 2517 p.
530 2478 685 2518 241-242).

395 2525 426 2555 2.
449 2524 671 2563 Claudianus,
693 2524 733 2555 In
756 2523 806 2555 Fl.
827 2524 939 2555 Maelii
962 2523 1126 2555 Theodori
1143 2523 1364 2560 consulatum,
1386 2523 1424 2554 63
1441 2531 1533 2563 sqq„
1555 2522 1594 2553 96
1615 2530 1691 2562 sqq.
1796 2554 1810 2566 ,γ

394 2572 426 2603 3.
446 2571 570 2602 Petrus
590 2570 754 2607 Crinitus,
774 2572 823 2602 De
842 2571 953 2602 Poetis
974 2570 1103 2608 latinis,
1121 2571 1188 2610 XL,
1204 2572 1239 2608 13
1260 2569 1368 2601 Aldus
1388 2569 1578 2607 Manutius,
1594 2567 1649 2599 ed.
1672 2567 1764 2599 1499.

395 2617 426 2648 4.
442 2617 543 2656 Plin.,
562 2617 646 2649 Hise.
668 2619 753 2654 nat„
779 2618 921 2656 XXXVI,
943 2619 992 2655 10,
1013 2618 1062 2648 15.
1086 2618 1194 2648 Nemo
1215 2625 1310 2648 nunc
1328 2618 1483 2647 veterem
1503 2615 1692 2646 lectionem
1712 2613 1826 2645 Mani-

351 2663 440 2695 lium
454 2665 584 2695 tuetur.
599 2663 743 2695 Codices
758 2664 852 2695 enim
866 2664 924 2696 hie
939 2663 1091 2704 facundo
1106 2666 1166 2695 aut
1178 2661 1320 2704 fecundi
1333 2662 1477 2701 habent,
1495 2661 1587 2693 unde
1601 2669 1825 2701 nequaquam

352 2709 524 2742 Manilius
544 2712 659 2750 potest
680 2710 828 2742 extrahi.

395 2757 425 2788 5.
446 2755 512 2796 Id.,
533 2755 629 2794 ibid„
650 2757 688 2796 X,
709 2757 738 2787 2.

394 2804 426 2834 6.
447 2802 512 2843 1d.,
532 2802 627 2841 ibid„
649 2802 780 2842 XXXV,
800 2804 849 2843 17,
870 2804 921 2835 58.
