1930 3320
170 399 356 440 recedere
393 411 596 450 cogamur.
649 398 806 439 Narrat
838 399 958 450 enim,
992 399 1101 450 quod
1138 398 1363 443 Merkelius
1398 398 1486 449 ipse
1521 398 1649 449 addit,

170 467 391 508 Suetonius
420 467 584 507 omnino
604 468 787 519 Augusti
816 481 961 507 nomen
982 470 1032 508 ab
1054 469 1127 508 illo
1147 472 1340 518 tauquam
1359 467 1650 507 hereditarium

169 537 357 588 epistolis
391 536 443 575 ad
476 549 592 587 reges
632 549 678 575 ac
715 536 907 586 dynastas
944 539 1075 577 missis
1113 550 1200 576 esse
1234 538 1543 588 praescriptum.
1599 538 1648 576 ln

168 606 339 646 nummis
369 618 529 656 quoque
558 607 691 645 aurcis
719 607 956 658 plerumque
986 606 1154 646 Graecis
1184 607 1225 645 id
1254 607 1341 656 ipse
1372 606 1648 646 excudendum

166 675 336 714 curavit.
405 675 461 713 Et
512 676 563 714 ab
621 673 811 726 Ovidioss)
859 677 1079 725 aliquoties
1124 675 1342 725 Augustus
1388 675 1550 714 dicitur.
1598 697 1647 703 —

165 743 353 794 Denique
382 758 406 784 a
435 745 590 784 Tiberii
621 745 806 783 consiliis
837 745 1070 794 neutiquam
1091 744 1301 793 abhorret,
1328 744 1438 793 quod
1458 744 1648 784 laudatur

165 813 244 853 hoc
270 826 406 853 versu:

293 882 648 933 „Concessumque
675 882 784 932 patri
815 882 1007 920 mundum
1035 881 1153 920 deus
1183 881 1290 931 ipse
1321 881 1524 920 mereris“.

166 952 331 992 Etenim
365 953 486 991 etiam
522 952 555 989 si
591 951 756 1001 templa,
799 956 843 989 ut
879 953 1055 990 testatur
1089 950 1322 996 Suetonius,
1363 950 1543 989 flamines
1587 963 1647 990 sa-

164 1022 349 1061 cerdotes
382 1021 544 1060 decerni
581 1021 659 1059 sibi
694 1020 921 1071 prohibuit,
957 1021 1078 1059 etiam
1115 1021 1270 1058 statuas
1299 1022 1421 1068 atque
1449 1019 1646 1070 imagines

164 1091 244 1130 nisi
277 1089 538 1142 permittente
573 1102 615 1128 se
651 1090 764 1140 poni,
800 1090 1063 1140 permisitque
1102 1102 1148 1128 ea
1183 1090 1271 1127 sola
1307 1089 1561 1138 condicione,
1596 1103 1645 1128 110

162 1160 272 1199 inter
299 1159 513 1198 simulacra
539 1159 707 1197 deorum
729 1158 797 1197 sed
820 1159 929 1197 inter
948 1165 1183 1198 ornamenta
1204 1158 1363 1197 aedium
1382 1161 1645 1209 ponerentur,

163 1228 285 1267 etiam
327 1228 361 1266 si
401 1229 523 1267 talem
566 1228 742 1266 animum
783 1228 871 1278 ipse
909 1240 1112 1277 nunquam
1149 1228 1323 1266 mutavit
1362 1250 1411 1255 —
1453 1228 1494 1266 111
1530 1227 1644 1267 Urbe

163 1301 297 1337 tamen
337 1301 377 1336 et
418 1298 461 1335 in
501 1298 727 1348 provinciis
770 1309 852 1335 non
894 1297 1014 1336 modo
1058 1297 1138 1347 ipsi
1180 1309 1318 1335 verum
1359 1297 1481 1336 etiam
1523 1297 1643 1335 matri

163 1365 326 1404 divinos
354 1365 530 1405 honores
559 1367 739 1405 tributos
763 1379 849 1405 esse
871 1367 977 1405 inter
997 1379 1134 1404 omnes
1154 1368 1328 1405 constat.
1338 1366 1370 1416 Ἴ)
1412 1366 1517 1405 Erat
1536 1379 1644 1416 sane,

147 1424 208 1472 fut
236 1434 295 1473 ait
312 1434 490 1484 Plinius,
517 1436 828 1474 venustissimus
857 1436 1057 1474 referendi
1077 1435 1179 1474 bene
1200 1435 1447 1474 merentibus
1468 1436 1643 1485 gratiam

162 1514 262 1553 moe,
290 1506 337 1542 ut
365 1504 466 1542 tales
495 1504 729 1542 numinibus
758 1505 1052 1543 adscriberent.
1097 1504 1284 1543 Ceterum
1314 1504 1644 1554 quandoquidem

161 1573 279 1612 deum
314 1584 401 1611 esse
438 1585 575 1611 omnes
612 1576 767 1623 patrem
797 1573 1069 1622 crediderunt,
1107 1573 1171 1612 vel
1199 1573 1293 1611 inde
1322 1585 1527 1612 sacrorum
1554 1573 1644 1624 lege

160 1641 268 1680 filius
295 1643 338 1680 et
365 1641 452 1692 ipse
481 1642 601 1681 etiam
629 1642 782 1680 invitus
811 1643 890 1681 suit
917 1643 1124 1693 particeps
1152 1642 1395 1681 divinitatis.
1440 1642 1571 1691 Quam
1589 1643 1643 1682 ob

160 1722 243 1749 rem
282 1710 544 1749 admirationi
587 1724 668 1750 non
704 1714 778 1761 est,
822 1712 931 1761 quod
967 1713 1009 1750 111
1050 1711 1316 1761 inscriptione
1353 1711 1525 1760 quadam
1560 1711 1641 1750 duo

159 1778 340 1818 flamines
373 1784 738 1819 commemorantur
767 1781 859 1820 Tib.
893 1781 1006 1820 Caes.
1033 1779 1270 1830 Augusti.8)

265 1848 379 1897 Quae
407 1860 496 1887 cum
523 1849 582 1888 ita
616 1850 711 1899 sint,
746 1850 891 1888 hincne
922 1850 1107 1900 quaestio
1138 1853 1280 1888 nostra
1307 1849 1416 1889 haud
1444 1862 1640 1901 prospere

157 1916 302 1956 cedet?

261 1985 388 2024 Immo
434 1985 553 2024 nobis
595 1986 757 2035 quidem
798 1991 1046 2036 augustae
1088 1986 1198 2036 leges
1242 1987 1355 2026 nullo
1398 1988 1478 2027 iam
1519 1993 1640 2039 pacto

157 2055 443 2104 probarentur,
471 2055 506 2092 si
535 2054 587 2092 ad
617 2055 887 2108 Octavianum
914 2056 1180 2105 pertinerent.

264 2122 364 2162 Cum
392 2122 478 2162 veri
508 2126 616 2163 certe
647 2117 701 2162 sit
729 2124 975 2163 simillimum
1004 2137 1090 2163 eam
1115 2125 1307 2164 adiectivi
1328 2126 1510 2176 formam,
1541 2139 1642 2177 quae

157 2194 221 2231 est
247 2193 520 2242 „augustus‘ss
553 2193 732 2232 derivari
768 2207 792 2232 a
826 2194 986 2232 nomine
1024 2195 1218 2244 Augusti,
1254 2195 1312 2234 ita
1346 2198 1391 2234 ut
1425 2195 1640 2246 Augustae

155 2259 265 2311 leges
281 2259 470 2300 dicantur
485 2274 560 2311 pro
580 2262 738 2312 legibus
747 2263 927 2312 Augusti
943 2274 1068 2312 aeque
1084 2275 1130 2301 ac
1145 2276 1227 2314 pax
1244 2268 1285 2302 et
1299 2265 1643 2315 domusAugusta

156 2329 267 2380 apud
298 2328 491 2368 Ovidium
521 2353 568 2358 —-
599 2332 689 2381 quis
720 2334 793 2379 est,
825 2333 893 2381 qui
922 2333 1039 2370 nobis
1068 2333 1312 2382 persuadeat
1342 2334 1450 2373 istud
1474 2335 1640 2375 adiecti-

154 2410 247 2437 vum
273 2399 441 2438 eandem
467 2399 547 2438 vim
566 2400 715 2439 habere
738 2413 855 2450 quam
878 2403 1212 2450 ‚‚sacrosanctus“
1233 2403 1317 2442 sive
1338 2403 1640 2453 ,‚inviola.tus“?

156 2465 254 2505 Sine
295 2479 432 2506 errore
476 2469 604 2518 igitur
646 2470 811 2508 nomina
849 2470 1037 2509 Caesaris
1080 2477 1201 2521 atque
1236 2472 1417 2523 Augusti
1459 2474 1492 2511 si
1534 2475 1642 2513 inter

160 2535 374 2586 legendum
408 2537 702 2588 exaudivimus,
736 2540 835 2578 mire
871 2540 1058 2590 profecto
1091 2553 1300 2591 paeneque
1329 2555 1518 2592 perverse
1547 2557 1641 2582 con-

157 2603 333 2643 firmavit
358 2607 483 2655 poeta
509 2607 614 2645 hanc
643 2609 907 2648 sententiam:
949 2609 1053 2659 ‚,Tu‚
1083 2609 1234 2649 Caesar
1265 2611 1503 2662 Octaviano,
1532 2613 1640 2664 regis

248 2756 279 2804 θ)
304 2757 412 2795 Fast.
436 2759 466 2802 Ι,
490 2760 569 2796 531.
614 2761 674 2796 Ex
698 2762 822 2799 Ponto
846 2763 918 2808 IV,
943 2765 975 2809 9,
1001 2768 1056 2803 70.
1103 2765 1132 2810 ⁷)
1161 2767 1254 2803 Tac.
1278 2766 1377 2803 Ann.
1402 2767 1472 2811 IV,
1497 2768 1634 2803 36—38

158 2814 254 2852 Plin.
281 2815 329 2853 N.
354 2816 404 2853 H.
429 2816 479 2868 ΙΙ,
502 2818 535 2862 ’7,
559 2829 595 2865 p.
622 2820 690 2857 106
714 2819 766 2858 Si.
812 2821 840 2868 ⁸)
866 2821 940 2858 cfr.
963 2823 1063 2861 Ann.
1087 2823 1158 2869 IV,
1183 2825 1236 2860 15.
