1942 3308
849 243 1127 287 -54-

248 370 419 414 Moleste
458 376 592 412 autem
634 368 819 422 ferimus,
859 367 968 425 quod
1009 365 1168 410 fortuna
1207 369 1385 412 carmina
1422 369 1508 422 illa,
1550 383 1654 427 quae
1693 368 1732 411 in

247 438 425 493 Augusti
458 445 497 479 et
527 437 679 479 Tiberii
721 437 893 478 honores
930 436 1069 477 Tomis
1100 436 1270 479 Ovidius
1299 437 1533 493 composuit,
1561 444 1732 479 aetatem

249 507 353 547 ferre
383 520 462 546 non
502 505 662 556 sivitz1)
704 505 744 544 in
782 504 843 544 his
882 504 987 545 enim
1022 504 1213 545 nonnulla
1247 519 1270 545 a
1300 504 1527 545 Manilianis
1560 505 1735 560 Augusti

248 573 434 613 laudibus
474 587 552 613 non
593 571 851 613 abhorrentia
892 571 1013 613 fuisse
1053 571 1162 612 haud
1202 571 1359 625 iniuria,
1398 572 1553 628 opinor,
1591 572 1736 629 aliquis

248 640 483 696 suspicetur.

385 729 501 781 Quae
532 744 622 770 cum
655 729 709 770 ita
737 729 827 779 sint,
861 729 917 770 cis
949 728 1102 770 Manilii
1133 729 1242 779 loeis,
1275 744 1375 785 quos
1401 744 1523 785 supra
1554 728 1737 770 tractavi-

249 813 350 849 muS‚
393 812 439 839 eo
479 796 728 848 devenimus,
774 802 818 836 ut
857 796 1152 838 astronomicon
1192 797 1346 852 priores
1350 803 1574 858 sqfflffiffor
1614 796 1738 854 libros

249 867 438 922 Augusto
470 864 561 905 vivo
593 864 818 920 conscripta
849 878 935 916 esse
965 864 1209 918 censendum
1241 865 1303 907 sit.
1365 864 1417 905 Et
1449 879 1500 905 ne
1527 854 1738 920 inquirito

252 933 417 989 quidem
441 932 543 973 libro
575 931 795 987 quidquam
826 932 923 973 certi
947 932 1103 986 vestigii
1132 932 1246 983 inest,
1279 947 1358 988 quo
1381 931 1431 972 ad
1453 931 1605 973 Tiberii
1635 937 1742 973 aeta·

250 1010 330 1042 tem
361 1000 451 1040 duci
481 999 713 1042 debeamus,
771 999 918 1055 Neque
948 999 1054 1040 enim
1085 1000 1297 1055 quisquam
1326 999 1445 1041 hodie
1475 1014 1565 1040 cum
1596 999 1740 1040 Iacobo

250 1067 584 1124 interpretabitur
613 1083 649 1110 v.
683 1066 720 1105 V
747 1066 830 1107 513
857 1082 940 1122 sq.:

418 1136 533 1176 Hinc
564 1135 764 1189 Pompeia
795 1139 963 1176 manent
988 1140 1250 1176 monumenta
1281 1135 1484 1190 triumphi

419 1203 513 1244 Now
546 1206 746 1244 eafstincta
780 1205 877 1254 acie,
907 1217 1141 1259 semperque
1172 1206 1351 1245 recentia
1371 1204 1564 1256 flam-mis

418 1271 474 1312 Et
503 1271 798 1312 Mithridateos
827 1272 963 1312 vultus
996 1272 1145 1312 induta
1175 1276 1362 1326 tropaea.
1375 1273 1411 1324 2)

252 1338 532 1382 Certissimum
563 1345 622 1380 est
662 1339 701 1379 in
733 1338 934 1379 codicibus
969 1339 1040 1379 hos
1071 1354 1208 1380 versus
1251 1352 1441 1395 perverso
1483 1337 1624 1380 ordine
1651 1351 1741 1393 per-

251 1407 390 1458 hiberi,
429 1414 619 1462 recteque
657 1408 781 1448 verba
828 1406 883 1448 Et
920 1407 1031 1462 quod
1070 1412 1161 1449 erat
1199 1421 1387 1461 requam,
1419 1407 1595 1461 pelayus
1622 1405 1744 1459 suin·

250 1490 337 1517 mia
378 1476 606 1529 malorum,
647 1490 752 1530 quae
792 1481 883 1530 post
923 1491 961 1517 v,
1001 1475 1084 1516 513
1123 1475 1162 1516 in
1214 1475 1494 1530 manuscriptis
1541 1462 1742 1528 leguntur,

250 1550 341 1599 post
389 1560 426 1586 v,
467 1543 550 1585 542
591 1543 753 1584 videtur
792 1542 1009 1583 collocasse
1046 1542 1230 1585 Iacobus.
1301 1541 1381 1592 Qui
1422 1547 1631 1597 praeterea
1668 1554 1742 1596 pro

250 1614 347 1663 Zetes,
378 1611 486 1667 quod
515 1610 700 1663 traditur,
732 1611 770 1650 in
803 1626 840 1652 v,
871 1611 956 1652 514
982 1609 1171 1651 emendat
1201 1612 1311 1662 acie,-
1350 1623 1424 1665 per
1450 1611 1583 1650 aciem'
1606 1613 1740 1649 autem

251 1679 357 1720 bella
388 1678 520 1719 civilia
551 1678 637 1719 vult
664 1677 894 1732 significari,
941 1692 1045 1732 quae
1077 1677 1233 1718 theatro
1265 1676 1433 1732 Pompei
1465 1700 1518 1708 -—
1549 1677 1604 1716 ita
1634 1675 1741 1717 enim

253 1748 424 1802 Pompei
453 1750 716 1788 monumenta
738 1745 939 1799 intellegit
975 1768 1028 1774 —-
1051 1744 1149 1785 nihil
1177 1745 1403 1796 obfuerint3
1435 1744 1542 1800 quod
1570 1743 1742 1784 flammis

251 1829 331 1856 non
363 1814 487 1855 semel
525 1814 782 1868 absumptum
825 1819 865 1854 et
907 1813 981 1853 sub
1023 1812 1186 1854 Tiberio
1229 1812 1385 1854 restitui
1425 1818 1612 1868 coeptum
1643 1825 1743 1854 esse.

251 1882 403 1924 Tiberii
442 1881 564 1936 igitur
605 1880 744 1921 laudes
787 1880 852 1920 hie
892 1880 1128 1935 praedicari,
1199 1879 1479 1921 Concedamus
1518 1878 1743 1935 paullulum

252 1965 390 1992 veram
424 1963 510 1990 esse
549 1948 657 1990 illius
696 1948 967 1989 coniecturam
1009 1950 1147 1989 acie:
1186 1954 1317 1989 tamen
1359 1962 1438 1988 non
1480 1960 1642 1988 necesse
1684 1951 1744 1987 est

253 2018 494 2060 Tiberianae
543 2017 697 2070 aetatis·
735 2008 973 2057 allusionem
1025 2030 1244 2058 sumamus,
1312 2015 1474 2056 Etenim
1533 2004 1744 2068 Augustus

253 2100 414 2141 quoque
456 2091 499 2126 ut
546 2084 664 2126 aedes
705 2099 839 2125 sacras
881 2090 1080 2126 vetustate
1119 2083 1314 2139 collapsas
1355 2081 1490 2135 (Suet.
1534 2081 1626 2125 Oct.
1667 2081 1743 2132 303

253 2153 480 2194 Mommsen
531 2168 595 2194 res
639 2159 779 2208 gestae
829 2152 868 2194 d.
914 2153 1025 2206 Aug.
1073 2151 1208 2192 18832
1250 2166 1289 2207 p.
1328 2150 1424 2202 86),
1475 2149 1532 2190 ita
1576 2147 1744 2204 Pompei

253 2222 456 2263 theatrum
496 2220 682 2273 restituit,
726 2219 765 2261 id
808 2219 916 2275 quod
954 2233 976 2260 e
1016 2224 1277 2260 monumento
1308 2219 1530 2274 Ancyrano
1576 2216 1662 2269 (lat.
1703 2217 1743 2268 4,

254 2290 279 2330 9
321 2295 360 2330 et
397 2304 533 2344 graec.
579 2291 652 2341 10,
697 2289 771 2340 14,
817 2288 888 2341 15)
930 2295 1099 2344 apparet
1149 2288 1218 2339 (cf.
1263 2287 1363 2329 Iebb
1405 2287 1431 2330 l.
1470 2287 1495 2329 l.
1538 2301 1577 2342 p.
1620 2287 1744 2338 1393:

257 2358 509 2411 Capitolium
552 2362 588 2398 et
627 2357 870 2411 Pompeium
908 2356 1115 2398 theatrum
1153 2361 1372 2410 utrumque
1418 2368 1522 2410 opus
1561 2356 1746 2430 im'pensa

251 2426 411 2480 Jrandi
439 2426 566 2479 refeci
591 2427 679 2466 sine
703 2426 794 2466 ulla
819 2426 1091 2479 inscriptione
1117 2425 1297 2465 nominis
1316 2424 1404 2464 mei.
1438 2415 1747 2476 Καπιτώλ(ιο)ν

254 2491 325 2534 καὶ
373 2507 420 2534 το
460 2489 698 2546 Πομπνίου
743 2490 928 2547 θέατρον
974 2488 1173 2546 ἑκάτερον
1213 2505 1260 2531 το
1305 2486 1420 2546 ἔργον
1468 2482 1746 2540 α’ναλωμασιν

255 2557 470 2614 μεγίστοις
519 2551 786 2600 ἐπεσκεύασα
826 2551 927 2599 ἄνευ
974 2555 1214 2613 ἐπιγοαφῆς
1258 2557 1335 2598 τοῦ
1385 2554 1491 2609 εμοῦ
1538 2549 1747 2607 ὀνόματος

256 2675 335 2707 208.
383 2674 577 2704 Wilmanns
609 2673 727 2704 Leben
760 2672 830 2703 und
858 2671 1004 2703 Dichten
1032 2671 1214 2711 Walthers,
1250 2671 1348 2702 Bonn
1385 2671 1470 2703 1882
1502 2680 1535 2711 p.
1562 2669 1636 2711 107,
1668 2671 1744 2712 244,

257 2731 333 2762 441.
359 2729 451 2763 Suet.
477 2729 529 2762 ed.
555 2727 800 2760 Reifferscheid
825 2729 878 2759 66.

395 2787 422 2825 1)
445 2787 485 2818 ef.
510 2785 642 2818 Teuffel
667 2785 746 2817 hist.
770 2784 836 2816 litt.
861 2785 957 2816 Rom.
982 2784 1001 2823 ξ
1026 2784 1102 2816 250.

392 2843 422 2884 ²)
449 2843 489 2875 cf.
514 2843 630 2887 Progr.
654 2842 783 2875 Lubeo.
811 2841 896 2874 1836
920 2852 952 2884 p.
980 2841 1019 2873 13
1045 2850 1094 2884 sq.
