1930 3320
123 402 167 440 et
181 399 311 439 vitam
325 399 502 449 regeret.
515 396 657 436 Liceat
674 397 802 448 igitur
817 397 983 438 Manilio
999 411 1024 438 a
1043 396 1183 438 stoicis
1196 395 1431 446 descivisse,
1449 396 1562 449 quod
1577 396 1631 436 ad

125 464 271 504 mundi
291 463 495 514 originem
518 462 694 503 attinet:
718 463 820 503 illud
846 463 996 503 saltem
1022 463 1137 503 haud
1166 462 1323 515 injuria
1349 462 1629 515 requiremus,

123 530 158 569 si
188 529 309 570 stoici
334 540 488 568 nomen
517 527 577 567 illi
610 527 864 579 vindicatur,
887 532 934 568 ut
961 541 1053 568 cum
1084 528 1224 568 stoicis
1252 527 1302 566 de
1323 526 1513 567 moribus
1536 540 1630 567 sen-

125 594 217 635 tiat.
241 595 413 646 Nempe,
437 593 471 632 si
498 592 551 632 ab
578 593 782 645 Epicureo
803 598 930 646 poeta
957 594 1148 634 Lucretio
1172 597 1263 633 tota
1291 592 1437 632 mundi
1456 593 1632 646 physica

125 659 234 700 ratio
247 658 291 698 in
303 671 470 698 morum
485 662 698 711 praecepta
711 663 752 698 et
764 659 990 699 utilitatem
1005 660 1100 699 vitae
1115 658 1318 698 translata
1332 662 1409 707 est,
1429 658 1529 710 quid
1544 670 1631 697 non

126 737 177 766 ea
208 724 259 764 de
291 737 335 764 re
363 724 550 764 effundet
576 727 703 776 poeta
731 725 911 764 stoicus?
939 724 1067 775 Cujus
1089 724 1246 764 scilicet
1278 722 1508 775 disciplinae
1541 728 1628 762 tam

124 789 251 831 multi
269 790 383 830 fuere
407 789 494 842 qui,
517 789 703 830 carmine
723 790 788 829 vel
811 790 949 830 soluta
977 789 1183 837 oratione,
1203 788 1386 828 vividam
1407 788 1627 840 proferen-

125 859 189 896 tes
215 859 258 895 et
283 854 401 907 quasi
425 854 665 906 religiosam
694 855 993 908 eloquentiam,
1018 855 1223 894 incertum
1251 851 1628 893 et‘inconstantem

125 919 310 960 hominis
349 920 537 959 animum
576 920 783 972 corrigere
819 925 860 960 et
897 921 950 960 ad
983 932 1194 960 summum
1228 919 1387 958 bonum
1413 919 1628 970 Deumque

125 998 203 1039 per
227 997 374 1038 pacem
403 998 452 1026 ac
479 985 679 1026 virtutem
707 986 866 1038 erigere
894 986 978 1025 sint
1007 984 1160 1024 conati.
1191 985 1245 1023 Ut
1269 983 1457 1023 Persium
1480 995 1528 1022 ac
1556 984 1628 1023 Se-

125 1063 276 1091 necam
294 1050 504 1099 omittam,
527 1051 599 1104 qui
618 1051 659 1091 id
680 1051 817 1103 ipsum
838 1050 1160 1104 profitebantur,
1184 1049 1277 1102 quis
1296 1062 1381 1089 non
1402 1061 1476 1101 per
1493 1052 1629 1089 totum

123 1116 284 1156 Lucani
309 1127 494 1167 carmen,
531 1129 606 1168 per
641 1115 751 1155 hanc
786 1115 993 1156 bellorum
1033 1115 1218 1155 civilium
1258 1114 1476 1154 historiam
1509 1113 1630 1166 quasi

123 1180 352 1221 stoicorum
373 1181 491 1220 illam
508 1181 674 1234 igneam
689 1181 772 1220 vim
789 1181 986 1229 infusam,
1001 1194 1085 1233 qua
1106 1180 1292 1220 calerent
1313 1179 1454 1220 omnia
1475 1182 1629 1218 essent-

122 1258 205 1298 que
226 1245 428 1294 animata‚
442 1246 606 1286 sensit?
625 1248 771 1286 Nonne
791 1246 902 1286 idem
924 1250 1014 1286 erat
1038 1245 1105 1285 hic
1128 1246 1471 1298 exspectandum,
1495 1257 1629 1296 eoque

123 1311 275 1363 magis,
297 1311 410 1363 quod
446 1311 702 1362 astrologica
740 1311 848 1351 ratio
879 1311 970 1363 ipsa
1005 1311 1117 1351 viam
1153 1310 1315 1362 aperire
1348 1309 1628 1362 philosophia}

123 1376 427 1429 praeceptisque
447 1376 615 1416 vivendi
635 1376 870 1416 videbatur.

179 1441 228 1480 In
244 1441 402 1481 Manilii
415 1444 558 1480 tamen
571 1445 764 1492 poemate
782 1441 846 1480 vel
865 1441 1120 1493 paucissima
1141 1440 1389 1493 reperienda
1405 1444 1518 1489 sunt,
1534 1452 1627 1491 quae

126 1505 183 1545 ad
208 1505 338 1545 vitam
363 1510 474 1546 recte
502 1505 799 1546 instituendam
831 1506 1083 1559 pertineant.
1107 1505 1270 1545 Debiles
1296 1517 1397 1545 sane
1420 1505 1626 1551 homines,

126 1575 170 1611 et
189 1570 363 1611 claudos
391 1575 432 1611 et
455 1583 627 1611 mancos
653 1576 694 1610 et
714 1571 850 1611 luscos
877 1571 976 1611 satis
1003 1584 1112 1611 nova
1135 1570 1339 1611 solatione
1364 1570 1628 1618 adhortatur,

125 1648 178 1676 ne
199 1648 248 1676 ea
271 1648 382 1689 aegre
403 1636 541 1675 ferant
561 1649 654 1688 quae
676 1636 817 1675 attulit
837 1637 1007 1676 fortuna
1031 1650 1038 1675 :

316 1729 493 1776 Scorpios
514 1730 553 1766 in
574 1729 671 1766 libra
690 1731 879 1766 consumit
897 1730 1053 1766 brachia
1076 1741 1084 1766 ε
1105 1731 1252 1766 Taurus

317 1782 486 1820 Succidit
504 1783 544 1819 in
565 1794 677 1819 curvo
695 1783 856 1819 claudus
877 1783 974 1830 pede
997 1795 1005 1819 :
1028 1783 1171 1819 lumina
1194 1783 1336 1819 Cancro

315 1837 479 1881 Desunt3
502 1837 692 1873 Centauro
717 1839 894 1884 superest
913 1839 951 1872 et
971 1837 1156 1883 quaeritur
1172 1847 1308 1872 unum.

316 1890 378 1926 Sic
396 1892 547 1926 nostros
567 1901 676 1926 casus
698 1892 843 1926 solatur
859 1891 1027 1926 mundus
1049 1890 1087 1925 in
1109 1890 1232 1933 astris,

316 1943 577 1990 Exemploque
598 1944 709 1979 docet
727 1943 917 1990 patienter
937 1944 1080 1980 damna
1100 1944 1229 1980 subire
1253 1956 1260 1979 :

318 1995 448 2031 Omnis
467 2006 556 2031 cum
575 1996 667 2032 caelo
684 1997 848 2032 fortunae
868 1997 1034 2044 pendeat
1051 1997 1158 2042 ordo,

317 2051 479 2095 Ipsaque
501 2048 688 2085 debilibus
707 2049 921 2086 formentur
941 2050 1067 2086 sidera
1088 2050 1271 2086 membris
1293 2050 1320 2087 ¹.

181 2143 318 2182 Etiam
348 2143 391 2182 in
411 2143 560 2183 eodem
582 2143 706 2192 libro,
727 2157 854 2196 quam
876 2156 972 2184 rara
992 2145 1059 2184 vel
1077 2144 1120 2183 in
1147 2145 1270 2184 astris
1297 2144 1482 2184 amicitia
1511 2143 1564 2183 sit
1590 2149 1631 2183 et

127 2207 369 2258 concordia,
387 2212 574 2261 quotque
591 2208 700 2248 inter
715 2209 907 2249 homines
929 2222 979 2249 ex
998 2209 1156 2249 invidia
1178 2222 1225 2249 ac
1245 2209 1454 2249 discordia
1473 2208 1632 2248 scelera

127 2277 170 2313 et
183 2273 322 2313 clades
336 2273 600 2326 proveniant,
614 2274 801 2326 exponit,
812 2274 988 2326 locoque
1004 2275 1217 2315 communi
1230 2274 1407 2314 libenter
1421 2274 1626 2324 indulget,

127 2350 204 2378 nec
230 2338 463 2391 quidquam
485 2339 569 2378 fere
591 2339 640 2378 de
666 2339 865 2379 Romanis
882 2339 991 2379 vitiis
1019 2340 1239 2392 proprium
1262 2352 1309 2380 ac
1330 2339 1542 2392 peculiare
1562 2339 1630 2378 ad·

119 2401 242 2455 jicit:
274 2403 353 2443 nisi
376 2403 469 2456 quis
490 2404 534 2443 in
560 2403 610 2443 iis
638 2404 868 2456 quamdam
896 2405 946 2444 de
974 2405 1172 2457 praesenti
1203 2410 1393 2457 tempore
1414 2404 1629 2457 querelam

128 2467 374 2508 adnotabit:

317 2557 363 2592 Et
381 2556 440 2593 fas
461 2559 578 2605 atque
600 2557 707 2594 nefas
727 2557 906 2603 mixtum,
925 2559 1108 2606 legesque
1130 2570 1197 2606 per
1215 2558 1318 2606 ipsas

318 2608 435 2646 Saevit
453 2610 642 2658 nequities
658 2623 666 2655 ;
689 2622 821 2659 poenas
837 2612 921 2659 jam
938 2611 1053 2648 noxia
1072 2611 1186 2648 vincit
1206 2612 1233 2648 ².

130 2703 210 2744 Sed
229 2702 321 2756 ipsa
345 2704 418 2745 illa
437 2718 534 2746 rara
561 2711 768 2759 apparent
794 2707 838 2747 in
859 2712 979 2748 vasto
1001 2712 1212 2761 poemate,
1235 2720 1312 2748 nec
1332 2711 1458 2761 poeta
1483 2707 1631 2747 crebro

172 2833 203 2865 1.
222 2833 327 2874 Man„
345 2834 503 2875 Astron„
523 2836 566 2874 11,
588 2836 659 2870 258.

171 2881 202 2912 2.
223 2880 288 2919 ld..
308 2880 406 2920 ibid„
428 2882 470 2924 11,
489 2885 560 2916 601.
