1936 3392
1107 317 1158 355 38

451 455 674 505 ‚,Tuemini,
709 455 866 510 inquit,
900 459 1025 496 castra
1057 459 1096 495 et
1128 455 1332 509 defendite
1372 453 1615 508 diligenter''
1650 458 1690 495 et
1721 453 1818 496 Tac.

450 533 584 574 Germ.
621 534 694 574 14:
731 531 872 586 'sillum
906 531 1155 586 (principem)
1188 531 1419 580 defendere,
1442 529 1593 580 tuerffl,
1616 535 1662 572 ut
1682 531 1816 572 videas

448 623 529 650 non
560 609 663 649 iuste
695 607 886 648 Iacobum
919 607 1132 648 censuisse.

512 685 604 739 „Sic
652 686 770 726 etiam
820 689 936 726 totum
983 689 1022 724 et
1069 698 1174 725 omne
1203 683 1310 724 inter
1341 697 1382 723 se
1413 683 1470 723 ita
1502 683 1815 733 confunduntur,

448 766 495 803 ut
541 776 586 802 eo
633 775 728 802 aevo
773 775 796 801 a
842 761 1002 806 nemine
1048 760 1198 800 factum
1230 759 1365 799 videas
1376 775 1388 808 3
1434 773 1560 799 unum
1592 758 1816 814 exemplum

447 848 556 874 nunc
587 833 766 882 afferam,
800 831 873 883 IV,
911 832 1018 873 739:
1071 831 1287 880 Cinnama,
1320 845 1400 871 non
1433 831 1523 872 totis
1557 830 1702 885 passim
1732 845 1818 872 nas-

447 909 577 950 centia
607 909 771 962 eampis,
804 909 831 949 i.
865 923 899 949 e.
933 923 1013 948 non
1045 906 1238 962 ubique.”
1274 905 1409 948 Iacob.
1477 906 1590 948 Idem
1622 907 1664 948 in
1685 907 1818 949 indice

447 987 496 1027 ad
512 1001 623 1027 suam
640 986 858 1027 editionem
874 989 1075 1040 praeterea
1093 985 1171 1025 duo
1193 985 1326 1025 affert:
1347 984 1380 1034 I,
1404 985 1505 1026 560:
1528 998 1623 1035 ’,δεῖ
1640 988 1724 1026 tota
1737 999 1819 1026 sur-

447 1062 583 1116 gentia
628 1062 756 1102 sidera
788 1061 900 1102 luee’'
936 1065 974 1101 et
1012 1059 1086 1110 IV,
1124 1062 1231 1101 233:
1267 1064 1337 1110 „et
1369 1060 1462 1101 totis
1494 1063 1672 1102 armenta
1703 1061 1818 1116 sequi

446 1138 650 1193 pascentia
681 1135 863 1190 eampis”.
928 1135 1006 1177 Sed
1038 1139 1137 1176 totus
1168 1135 1254 1185 hic,
1278 1135 1321 1176 ni
1345 1135 1470 1186 fallor,
1494 1139 1541 1176 ut
1562 1126 1684 1190 vulgo
1692 1167 1704 1186 ,
1727 1149 1817 1177 cum

447 1213 567 1254 ablat.
611 1213 696 1254 sine
728 1211 1019 1267 praepositione
1052 1211 1331 1261 coniunctum,
1375 1211 1454 1252 fere
1487 1211 1592 1252 idem
1620 1211 1818 1266 significat

447 1293 568 1343 atque
595 1303 666 1342 per
697 1302 786 1330 cum
820 1301 973 1337 accus.,
1012 1290 1059 1327 ut
1091 1292 1170 1327 tota
1201 1288 1285 1327 luce
1316 1301 1444 1342 paene
1479 1287 1586 1328 idem
1617 1288 1670 1328 sit
1700 1289 1818 1342 atque

439 1381 512 1419 per
558 1370 674 1407 totum
716 1366 814 1406 diem
857 1364 1009 1420 (Iacob.
1042 1365 1127 1420 ipse
1159 1365 1452 1420 interpretatur
1483 1368 1603 1420 atque
1635 1364 1816 1420 supplet:

449 1442 544 1495 Used
591 1456 684 1482 sena
733 1455 972 1495 unoquoque
1021 1440 1084 1481 die
1117 1441 1232 1494 signa
1267 1441 1472 1494 surgentia.
1503 1441 1728 1482 memineris
1757 1463 1818 1472 —

445 1517 693 1571 totidemque
753 1521 946 1558 nocturno
997 1519 1175 1570 tempore
1231 1530 1301 1571 per
1353 1514 1504 1556 caelum
1553 1515 1764 1557 volitantia
1773 1515 1816 1566 ;''

448 1606 585 1633 vereor
630 1596 763 1632 tamen
810 1606 861 1632 ne
898 1591 999 1632 illud
1031 1605 1275 1646 unoquoque,
1325 1590 1433 1646 quod
1466 1591 1657 1640 inseruit,
1696 1591 1816 1633 nimis

448 1671 610 1721 urgeat;
660 1666 878 1721 Pingreus:
928 1681 980 1707 un
1015 1666 1111 1720 jour
1161 1667 1325 1721 entier),
1374 1671 1415 1708 et
1445 1666 1537 1708 totis
1565 1666 1708 1719 campis
1738 1666 1816 1708 fere

446 1743 553 1784 idem
599 1746 719 1796 atque
761 1756 831 1794 per
861 1745 956 1783 totos
987 1756 1152 1795 campos,
1209 1747 1255 1783 ut
1287 1757 1394 1797 verg.
1427 1744 1528 1784 Aen.
1561 1740 1668 1792 VII,
1705 1740 1814 1783 793:

448 1817 712 1872 „Insequitur
767 1817 925 1859 nimbus
982 1818 1160 1873 peditum
1215 1817 1460 1873 clipeataque
1507 1818 1598 1859 totie
1641 1817 1817 1872 Agmina

449 1894 666 1935 densentur
712 1894 865 1946 eampis.
929 1892 1136 1948 (Pingreus
1184 1894 1304 1934 vertit
1349 1892 1423 1943 IV,
1475 1894 1583 1935 233:
1631 1893 1729 1935 dam
1769 1894 1815 1935 de

640 2101 773 2135 Taurus,
797 2101 831 2130 et
854 2101 886 2129 in
911 2101 1050 2130 Geminis
1075 2101 1199 2138 aequali
1223 2102 1355 2131 brachia
1378 2102 1464 2132 sorte

642 2159 823 2188 scribuntur
847 2167 986 2189 connexa
1010 2160 1164 2195 humeris,
1188 2160 1361 2197 pectusque
1384 2160 1520 2190 locatum

641 2220 697 2249 sub
722 2219 839 2249 Cancro
864 2220 932 2254 est,
956 2220 1089 2249 laterum
1114 2229 1241 2256 regnum
1265 2221 1471 2257 scapulaeque
1494 2220 1626 2254 Leonis:

641 2277 774 2314 virginis
798 2278 830 2306 in
854 2278 1012 2315 propriam
1039 2278 1235 2308 descendunt
1258 2279 1315 2308 ilia
1337 2279 1471 2312 sortem:

640 2335 734 2365 Libra
757 2336 840 2371 regit
864 2336 990 2370 clunes,
1016 2337 1048 2365 et
1072 2336 1218 2374 Scorpios
1242 2337 1371 2373 inguine
1395 2337 1512 2373 gaudet

641 2395 798 2425 Centauro
822 2395 939 2425 femina
963 2396 1134 2431 accedunt,
1160 2396 1368 2434 Capricornus
1392 2397 1536 2434 utrisque

642 2453 777 2491 imperat
800 2454 834 2483 et
857 2453 1007 2490 genibus,
1032 2462 1154 2483 crurum
1177 2453 1340 2484 fundentis
1362 2454 1478 2491 Aquari

641 2513 808 2543 arbitrium
832 2513 900 2548 est,
923 2512 1091 2549 Piscesque
1115 2513 1227 2550 pedum
1251 2514 1312 2543 sibi
1337 2514 1407 2544 iura
1429 2513 1609 2552 reposcunt.

491 2566 548 2601 lv,
575 2567 635 2597 704
660 2575 747 2603 seqq.

642 2624 779 2661 Namque
803 2624 893 2654 Aries
918 2624 1037 2661 capiti=
1061 2625 1179 2654 Taurus
1203 2625 1378 2655 cervicibus
1402 2627 1534 2661 haeret,

642 2679 771 2709 brachia
794 2680 850 2708 sub
875 2678 1013 2708 Geminis
1037 2679 1222 2714 censentur,
1246 2680 1376 2716 pectora
1400 2680 1535 2716 Cancro,

641 2738 675 2766 te
698 2737 861 2774 scapulae,
885 2736 1052 2771 Nemeae,
1076 2737 1208 2771 vocant,
1232 2738 1327 2773 teque
1351 2738 1424 2773 ilia,
1448 2739 1560 2776 Virgo;

643 2793 734 2822 Libra
758 2791 836 2821 colit
858 2791 981 2826 clunes,
1006 2791 1039 2820 et
1063 2791 1208 2829 Scorpius
1232 2792 1361 2828 inguine
1384 2794 1514 2829 regnat.

645 2851 678 2879 et
700 2850 817 2880 femina
839 2849 1043 2884 Arcitenens,
1069 2858 1170 2886 genua
1193 2850 1226 2879 et
1251 2849 1459 2887 Capricornus
1481 2852 1619 2887 amavit,

643 2918 791 2948 cruraque
815 2909 959 2940 defendit
982 2909 1124 2943 Iuvenis:
1150 2910 1288 2947 vestigia
1311 2910 1426 2941 Pisces.
