1910 3250
980 245 1253 290 ..23-

372 369 479 428 apud
506 368 755 415 historicos“.
804 368 937 414 Valde
958 369 1146 429 equidem
1170 386 1325 427 vereor,
1356 387 1408 417 ne
1434 372 1504 418 ille
1523 388 1605 418 non
1631 380 1739 420 reete
1768 389 1858 421 ver·

372 439 477 482 terit.
537 438 629 480 Non
671 438 790 481 credo
831 439 965 482 dicere
1006 441 1180 483 voluisse
1218 448 1404 497 poetam:
1448 442 1499 484 sit
1526 443 1656 486 Roma
1687 444 1858 502 principi

371 506 548 547 subiecta
586 520 656 547 seu
697 513 837 562 pareat
875 507 934 560 ei3
973 508 1042 550 sed
1083 508 1404 551 subaudiendum
1444 516 1504 552 est
1538 513 1592 553 sit
1626 511 1759 554 Roma
1795 515 1858 556 in·

371 576 479 615 victa
507 573 581 614 sub
608 575 691 627 illo,
732 580 772 616 et
811 577 966 617 invicta
1005 575 1106 617 illud
1135 576 1325 632 supplere
1360 578 1554 633 cogimur,
1599 579 1650 620 ad
1687 594 1858 637 eamque

371 641 606 683 sententiam
631 642 837 698 anaphora
858 657 1019 699 quoque
1043 643 1207 699 (sit-sit)
1229 644 1429 688 adducere
1450 645 1620 700 videtur,
1642 661 1715 703 per
1736 662 1856 704 quam

370 709 603 764 saepissime
643 710 850 751 enuntiata
890 711 1077 753 similiter
1115 718 1304 755 contexta
1339 713 1404 755 vel
1444 714 1549 756 inter
1584 729 1628 756 se
1666 715 1858 757 concinna

371 777 683 832 coniunguntur.
744 777 897 820 Verum
929 779 980 820 ad
1011 779 1219 822 Tiberium
1249 781 1282 822 si
1313 781 1402 837 quis
1433 781 1505 824 hos
1536 796 1676 824 versus
1706 782 1858 824 referre

371 844 495 886 vellet
524 860 570 886 ac
599 845 634 886 F
638 845 754 887 reieri
785 846 1104 903 interpretationi
1135 848 1332 891 absurdae
1362 849 1591 903 verborum,
1633 865 1737 906 quae
1765 856 1860 892 sunt

369 914 423 953 sit
453 912 585 954 Roma
615 914 689 954 sub
717 914 803 965 illo,
841 914 1115 968 assentiretur,
1155 921 1337 957 nostrum
1366 930 1528 972 quoque
1558 923 1663 959 esset
1690 917 1858 960 interro-

370 994 482 1034 gare,
514 996 549 1023 a.
581 995 620 1036 p.
652 980 750 1024 Chr.
783 997 822 1026 n.
858 983 921 1034 16,
953 998 1032 1038 quo
1063 983 1170 1025 hunc
1201 983 1373 1039 primum
1405 984 1551 1026 librum
1582 984 1736 1026 Manilii
1766 1000 1857 1027 con-

371 1047 519 1088 fectum
560 1063 646 1090 esse
674 1049 816 1091 Freier
852 1050 951 1102 vult,
996 1051 1184 1107 numquis
1213 1051 1368 1094 Romae
1398 1051 1549 1103 fuisset,
1587 1052 1655 1108 qui
1685 1052 1856 1106 timeret,

371 1129 421 1156 ne
443 1115 639 1169 Tiberius,
663 1123 876 1174 postquam
898 1133 970 1174 per
992 1118 1197 1160 biennium
1226 1133 1355 1175 paene
1383 1125 1469 1161 tuto
1495 1119 1574 1161 iam
1596 1119 1653 1162 rei
1674 1120 1858 1176 publicae

370 1183 692 1238 gubernaculum
722 1185 862 1237 tenuit,
891 1185 1091 1242 imperare
1111 1186 1273 1242 quando
1295 1186 1508 1239 desineret,
1540 1187 1603 1230 vel
1629 1201 1722 1230 eum
1743 1203 1856 1245 prae-

370 1251 537 1307 cipitare
567 1251 755 1294 auderet!
815 1252 930 1294 Nihil
972 1253 1137 1309 quidem
1168 1253 1219 1296 de
1248 1254 1324 1295 hae
1352 1268 1397 1296 re
1424 1254 1615 1299 historici.
1671 1255 1771 1298 Inde
1799 1270 1858 1298 se·

370 1318 519 1374 quitur,
561 1326 605 1360 ut
633 1319 926 1376 ineptissimam
956 1320 1110 1363 Freieri
1149 1321 1461 1377 explicationem
1498 1337 1619 1378 quam
1650 1323 1858 1365 celerrime

369 1385 620 1428 Morboviam
652 1387 765 1429 abire
791 1385 1012 1431 iub’eamus.
1072 1388 1220 1442 Aliter,
1254 1395 1298 1430 ut
1323 1389 1479 1445 opinor,
1507 1403 1572 1431 res
1600 1404 1646 1432 se
1677 1390 1856 1443 habere-t,

370 1454 401 1494 si
433 1453 600 1495 dixisset
630 1461 769 1510 poeta:
815 1455 866 1496 sit
894 1470 1052 1511 semper
1080 1455 1211 1498 Roma
1239 1456 1314 1497 sub
1341 1456 1412 1498 illo
1441 1456 1506 1498 vel
1533 1456 1685 1513 aliquid
1714 1457 1855 1510 simile,

371 1528 415 1563 ut
444 1522 555 1577 legas
585 1522 664 1566 Ov.
695 1523 805 1567 Fast.
837 1523 900 1564 IV
933 1523 1014 1567 859
1045 1530 1081 1566 et
1113 1527 1170 1566 sis
1197 1539 1346 1580 mayno
1377 1524 1451 1566 sub
1482 1525 1659 1568 Caesare
1686 1540 1855 1582 semper,

373 1590 436 1632 vel
465 1590 580 1646 Calp.
613 1591 700 1634 Eel.
731 1591 793 1632 1V
827 1592 906 1632 144
937 1593 1162 1645 (Baehrens
1190 1608 1228 1649 p.
1262 1592 1309 1636 L.
1341 1607 1396 1636 m.
1426 1592 1558 1648 111p.
1588 1593 1682 1648 88):

1140 1672 1276 1726 Hunc,
1298 1687 1462 1728 precor,
1489 1673 1634 1725 orbem,

540 1740 641 1792 Hos,
662 1754 826 1795 precor,
857 1745 1049 1783 aeternus
1063 1742 1246 1796 populos
1274 1743 1394 1796 reye!
1415 1743 1470 1783 sit
1497 1742 1573 1783 tibi
1599 1742 1704 1783 caeli

550 1807 655 1850 Vilis
685 1823 803 1850 amor
833 1813 1102 1864 coeptamque,
1124 1813 1263 1863 pater,
1293 1823 1343 1850 ne
1373 1810 1510 1852 desere
1528 1810 1706 1864 pacem!

371 1873 412 1914 A
442 1889 533 1917 mea
560 1882 675 1932 parte
708 1876 829 1917 etiam
859 1875 1060 1931 Pingreus
1099 1883 1138 1918 et
1167 1875 1386 1918 Merkelius
1416 1882 1533 1930 stant,
1575 1876 1617 1918 id
1646 1875 1755 1932 quod
1786 1889 1859 1916 sua

372 1948 544 1998 uterque
567 1944 752 1986 versione
781 1943 877 1984 mihi
899 1943 1076 1985 indicare
1107 1944 1278 1987 videtur.
1322 1944 1468 2000 Neque
1493 1944 1602 1986 aliud
1617 1944 1691 1986 ‚hic
1718 1957 1859 2000 quam·

371 2010 430 2051 vis
458 2011 548 2053 leve
588 2017 873 2066 argumentum
903 2005 1138 2058 ommissum
1166 2011 1300 2064 velim,
1339 2011 1448 2068 quod
1477 2011 1557 2053 iam
1588 2026 1711 2068 supra
1740 2025 1781 2067 p.
1807 2010 1859 2052 14

371 2078 498 2133 tetigi.
557 2079 720 2121 Patrem
751 2078 858 2120 enim
900 2079 1054 2135 patriae
1085 2078 1366 2131 Octavianum,
1407 2094 1486 2120 non
1520 2078 1729 2121 Tiberium
1770 2091 1858 2120 esse

372 2146 436 2187 vel
475 2146 570 2188 inde
606 2144 803 2202 apparere
843 2146 958 2187 multi
999 2146 1211 2199 dixerunt,
1252 2146 1361 2202 quod
1399 2145 1612 2201 Augustus
1651 2145 1752 2187 illud
1793 2159 1857 2187 co·

371 2229 547 2268 gnomen
565 2214 775 2270 accepisse,
800 2214 1035 2270 repudiasse
1051 2228 1147 2256 vero
1163 2214 1369 2255 Tiberium
1391 2213 1577 2255 traditum
1593 2219 1698 2256 esset
1717 2212 1856 2267 (Suet.

372 2281 461 2324 Oct.
493 2283 560 2325 58.
602 2283 682 2324 Dio
708 2283 776 2335 55,
811 2283 875 2325 10.
916 2281 1012 2324 Tac.
1044 2297 1079 2325 a.
1112 2283 1129 2323 Ι
1160 2282 1223 2323 72.
1254 2281 1295 2322 ΙΙ
1325 2281 1403 2333 87;
1440 2281 1584 2323 Freier
1610 2281 1638 2325 l.
1666 2280 1694 2326 l.
1719 2297 1761 2337 p.
1791 2282 1854 2331 10,

371 2355 453 2392 not.
483 2350 543 2403 2).
562 2351 595 2404 ¹)
653 2350 746 2392 Non
777 2351 863 2391 sine
889 2356 1094 2391 momento
1126 2355 1223 2405 puto
1253 2363 1362 2402 esse,
1402 2348 1510 2404 quod
1541 2347 1661 2390 etiam
1691 2349 1731 2390 in
1767 2364 1804 2390 v.
1838 2349 1858 2388 I

372 2417 454 2460 913
485 2417 752 2460 Octavianum
779 2423 946 2472 patrem
976 2417 1072 2458 dicit
1101 2416 1302 2459 Manilius.
1334 2417 1450 2458 Iuvat
1478 2431 1552 2458 nos
1572 2415 1731 2458 Horatii
1758 2430 1856 2472 quo·

372 2499 450 2540 que
481 2485 687 2537 memoria,
720 2486 832 2526 euius
860 2486 900 2526 in
930 2485 958 2528 l.
987 2487 1004 2526 Ι
1032 2500 1067 2529 c.
1098 2485 1136 2537 2,
1166 2485 1222 2527 50
1253 2485 1351 2526 haec
1392 2484 1583 2539 legimus:
1633 2484 1718 2526 Hic
1747 2498 1858 2526 ames

373 2554 456 2594 dici
479 2558 606 2608 pater
635 2559 755 2609 atque
779 2556 989 2608 princeps,
1020 2553 1085 2594 vel
1107 2551 1258 2606 Ovidii,
1288 2551 1356 2608 qui
1377 2552 1500 2596 Trist.
1523 2551 1563 2593 II
1587 2551 1640 2594 35
1669 2566 1730 2608 sq.
1757 2552 1856 2594 haec

371 2620 556 2662 exhibet:

508 2735 533 2777 1)
556 2735 595 2766 In
627 2734 774 2767 nummis
799 2745 934 2776 quoque
958 2737 1080 2776 pater
1105 2734 1281 2777 patriae
1312 2735 1487 2776 Augustus
1519 2733 1715 2776 appellatus
1738 2737 1789 2766 est
1813 2733 1855 2766 ef.

373 2792 489 2825 Cohen
522 2792 607 2834 Aug.
638 2803 671 2824 n.
705 2793 767 2830 423
809 2791 849 2822 cf.
885 2791 1115 2832 Sitzungsber.
1142 2790 1199 2822 der
1231 2791 1321 2822 Berl.
1353 2790 1464 2823 Akad.
1498 2791 1595 2822 1885.
1628 2799 1662 2831 p.
1695 2791 1748 2824 73.
1803 2791 1855 2823 De

371 2849 517 2892 patris
549 2849 727 2893 patriae
751 2849 890 2882 nomine
916 2848 956 2880 ef.
984 2847 1086 2880 etiam
1111 2848 1239 2881 Fineke
1263 2848 1325 2879 1.l.
1349 2859 1382 2892 p.
1408 2848 1426 2879 7
1451 2850 1484 2879 et
1507 2847 1539 2881 8.
