1910 3250
751 219 1012 263 ...7.-

118 350 184 394 IV
214 349 321 394 circa
350 348 512 392 initium
540 365 576 394 a.
609 348 693 393 772
729 347 894 402 ibidem,
938 348 977 391 V
1015 363 1099 392 non
1126 353 1222 392 ante
1261 362 1416 391 annum
1449 347 1532 392 775
1561 346 1650 392 sive

118 421 230 463 haud
261 421 319 462 ita
341 420 470 462 multo
498 425 604 476 post.
634 419 690 461 Et
715 419 945 462 rationibus
975 419 1072 474 suis,
1111 433 1363 476 quamquam
1385 432 1467 460 non
1498 432 1650 474 graves

118 505 186 534 eas
217 504 308 532 esse
337 489 419 530 iam
446 503 556 530 anno
587 487 694 530 1881
725 488 829 530 vidit
858 488 1067 530 Malvinus
1089 488 1271 531 Bechert
1298 487 1416 545 (phil.
1448 487 1557 530 Anz.
1581 486 1647 529 XI

117 575 159 618 p.
190 559 302 614 617),
333 558 399 600 vel
431 557 720 611 Schwabeum,
752 558 944 600 Teuffelii
967 558 1058 602 hist.
1091 558 1167 602 litt.
1189 557 1308 602 Rom.
1333 557 1548 611 editorem,
1582 571 1650 598 us-

96 637 202 686 'que
242 643 291 672 eo
333 627 386 670 ad
432 642 548 669 suam
599 633 759 684 partem
803 627 965 669 videtur
1011 627 1197 681 traxisse,
1244 634 1301 681 ut,
1348 642 1440 669 cum
1481 643 1522 684 p.
1562 626 1652 670 540

117 703 289 756 quartae
327 696 518 740 editionis
550 695 746 752 Augusto
777 696 872 739 vivo
903 696 1177 739 astronomica
1207 696 1398 739 incohata
1429 703 1470 739 et-
1502 696 1568 738 vel
1588 695 1649 738 IV

115 767 267 810 librum
297 765 350 809 ad
383 765 621 808 umbilicum
651 765 875 808 adductum
908 781 1008 819 esse,
1042 765 1079 807 V
1109 772 1248 808 autem
1278 765 1446 808 Tiberio
1476 765 1644 809 demum

115 837 302 895 principe
331 842 468 879 ortum
509 850 598 878 esse
638 835 829 889 affirmet,
866 836 943 878 sibi
981 836 1070 892 ipse
1110 851 1191 878 non
1221 842 1411 878 constans
1443 835 1484 877 in
1512 851 1554 893 p.
1591 835 1644 880 97

114 905 380 963 astrologiam
410 921 434 947 a
465 904 636 947 Manilio
667 905 848 947 carmine
876 905 952 947 sub
975 904 1144 948 Tiberio
1168 904 1330 947 doctam
1362 919 1452 947 esse
1484 903 1648 959 dicat.¹)

117 975 274 1019 Contra
304 975 532 1028 Freierum,
565 980 765 1031 quantum
795 974 932 1027 video,
960 990 985 1016 a
1017 974 1130 1016 nullo
1151 974 1286 1016 adhuc
1307 973 1561 1031 disputatum
1583 981 1646 1017 est

118 1044 196 1088 nisi
217 1060 242 1087 a
271 1043 324 1088 G.
355 1043 650 1099 Lanson‚²)
673 1044 737 1086 eui
759 1059 862 1100 opus
894 1043 1008 1097 illud,
1043 1043 1095 1086 de
1126 1059 1207 1100 quo
1229 1044 1403 1100 agimuS,
1433 1043 1489 1085 ita
1519 1043 1646 1101 scrip·

114 1113 396 1158 tum-videtur
426 1128 528 1167 esse,
572 1120 616 1155 ut
657 1120 749 1170 post
779 1113 879 1155 Vari
921 1113 1080 1155 cladem
1115 1120 1212 1155 ante
1252 1113 1381 1155 editas
1416 1127 1469 1155 ex
1509 1112 1646 1156 Ponto

115 1183 309 1240 epistulas
349 1182 505 1236 Ovidii,
551 1189 741 1226 octavum
782 1183 890 1226 inter
928 1190 969 1226 et
1014 1183 1181 1225 tertium
1222 1183 1429 1225 decimum
1474 1198 1643 1237 annum,

113 1252 271 1310 primus
308 1259 350 1295 et
377 1252 581 1295 secundus
618 1259 659 1295 et
700 1252 843 1295 tertius
885 1252 979 1294 libri
1019 1252 1102 1294 sint
1132 1252 1309 1303 eonditi3
1348 1259 1520 1309 quartus
1545 1267 1644 1295 vero

113 1328 207 1380 post
236 1321 429 1365 Ponticas
467 1322 662 1379 epistulas
704 1329 800 1365 ante
832 1322 1014 1379 Augusti
1055 1322 1213 1365 obitum
1254 1321 1420 1364 additus
1459 1321 1523 1374 sit,
1570 1321 1643 1364 sed

113 1391 281 1449 quintus
322 1391 388 1434 vel
430 1406 522 1433 eum
566 1399 713 1448 quarto
756 1391 822 1433 vel
870 1391 1071 1448 posterius
1110 1391 1279 1434 Tiberio
1321 1391 1401 1432 iam
1442 1399 1644 1447 regnante

111 1461 240 1503 subici
271 1461 452 1518 potuerit
484 1462 541 1518 (p.
576 1462 664 1516 26).
726 1461 866 1503 Aliam
890 1460 1071 1518 denique
1102 1460 1154 1504 de
1174 1459 1478 1503 astronomieon
1509 1466 1645 1503 aetate

111 1530 389 1573 coniecturam
418 1530 474 1575 A.
516 1529 774 1573 Cartault
814 1530 856 1572 in
897 1530 998 1572 actis
1036 1530 1128 1582 illis,
1170 1545 1276 1587 quae
1312 1529 1486 1571 audiunt
1517 1543 1644 1572 revue

113 1599 291 1658 critique
321 1602 453 1656 (num.
489 1601 554 1644 15.
578 1616 614 1644 a.
640 1600 781 1656 1888),
813 1615 907 1642 eum
929 1600 1134 1643 Lansonis
1164 1600 1409 1658 opusculum
1441 1599 1518 1642 sub
1548 1613 1642 1642 een·

112 1683 205 1711 sum
236 1676 415 1723 vocaret,
450 1670 602 1727 publici
633 1670 731 1712 iuris
762 1670 869 1714 fecit.
913 1669 996 1721 Qui
1027 1670 1221 1728 primum,
1251 1669 1442 1723 alterum,
1474 1668 1642 1711 tertium

113 1737 238 1782 libros
267 1746 363 1782 ante
384 1740 624 1795 Augustum
648 1746 870 1793 mortuum,
901 1739 973 1782 sed
1002 1745 1194 1797 quartum
1218 1745 1258 1782 et
1285 1739 1476 1796 quintum
1497 1746 1642 1796 postea

112 1807 285 1865 scriptos
317 1823 405 1851 esse
422 1809 538 1851 vult:
571 1815 703 1851 totum
734 1816 872 1852 autem
905 1824 1007 1866 opus
1035 1825 1059 1851 a
1087 1815 1209 1866 poeta
1239 1808 1369 1866 potito
1399 1823 1539 1851 rerum
1570 1807 1642 1850 Ti-

111 1877 226 1920 berio
253 1877 409 1920 editum
435 1893 588 1935 eosque
615 1879 738 1933 locos,
772 1879 920 1936 quibus
953 1879 1244 1937 imperatorem
1276 1878 1519 1935 Augustum
1554 1877 1640 1920 lau-

109 1946 257 2002 dasset,
288 1947 501 2005 aliquanto
531 1954 709 1991 mutatos
738 1964 839 1993 esse.

246 2016 335 2059 Has
363 2018 491 2074 igitur
519 2018 756 2070 sententias,
789 2034 890 2076 quas
918 2018 1117 2075 anonymi
1144 2042 1199 2049 —
1226 2031 1350 2075 quem
1392 2022 1545 2071 tamen,
1587 2030 1640 2059 ne

106 2086 257 2143 longus
284 2087 375 2140 sim,
408 2087 626 2129 Manilium
655 2088 868 2146 appellare
894 2089 1016 2131 liceat
1035 2113 1084 2120 —
1104 2094 1281 2131 aetatem
1311 2086 1566 2144 exploraturi
1596 2086 1639 2127 in

107 2155 288 2199 medium
319 2156 451 2199 tulere
482 2173 548 2200 vv,
580 2156 664 2211 dd„
696 2173 769 2200 nos
796 2157 884 2201 sine
912 2158 973 2200 ira
1003 2164 1044 2200 et
1071 2157 1207 2200 studio
1238 2157 1579 2200 examinabimus.

245 2225 360 2268 Duas
391 2232 529 2268 autem
562 2241 651 2269 esse
681 2227 859 2270 rationes
887 2227 987 2269 mihi
1013 2227 1211 2284 persuasi,
1241 2226 1391 2284 quibus
1423 2225 1535 2284 quod
1568 2240 1637 2268 vo-

105 2293 242 2336 lumus
279 2294 480 2352 indagare
522 2296 736 2354 possimus.
796 2297 906 2340 Nam
949 2303 990 2339 et
1030 2297 1072 2339 in
1103 2296 1203 2354 ipsis
1236 2295 1520 2340 astronomicis
1553 2310 1637 2337 non

105 2362 254 2407 desunt
283 2365 398 2422 quasi
427 2380 550 2408 ansae
581 2366 786 2423 quaedam
822 2367 875 2409 ad
906 2367 1185 2421 statuendum,
1218 2381 1301 2424 quo
1329 2366 1417 2410 fere
1447 2372 1637 2422 tempore

244 2481 272 2523 ¹)
298 2481 339 2514 In
366 2482 507 2524 quinta,
540 2493 633 2525 quae
658 2485 856 2527 nuperrime
890 2485 925 2517 in
951 2485 1128 2528 publicam
1153 2486 1266 2518 lucem
1301 2483 1443 2527 prodiit,
1479 2484 1635 2518 editione

102 2548 136 2580 p.
162 2538 228 2571 582
252 2545 287 2571 et
312 2539 379 2575 583
404 2541 510 2573 etiam
537 2542 647 2584 magis
681 2552 786 2585 quam
813 2547 917 2576 antea
942 2543 1074 2577 Freieri
1104 2543 1301 2576 sententiae
1326 2543 1512 2576 indulsisse
1537 2542 1634 2576 vide-

103 2598 160 2628 tur
182 2596 408 2632 Schwabeus.

238 2655 266 2698 ²)
291 2655 334 2689 de
359 2657 506 2690 Manilio
523 2662 626 2701 poeta
643 2659 790 2703 eiusque
806 2660 962 2703 ingenio,
981 2661 1147 2694 Lutetiae
1166 2661 1380 2695 Parisiorum
1403 2663 1502 2697 1887.
1529 2663 1634 2696 Hanc

102 2715 447 2756 commentationem,
493 2726 571 2749 oum
614 2716 818 2750 iamdudum
856 2719 891 2750 in
928 2719 1118 2752 seminario
1155 2719 1334 2763 philologo
1373 2721 1631 2763 Marburgiensi

102 2771 211 2804 Bittio
232 2776 380 2815 patrono
398 2784 511 2806 meam
529 2776 866 2817 argumentationem
885 2777 1026 2810 Freiero
1044 2778 1294 2820 opposuissem,
1321 2778 1407 2810 mihi
1426 2788 1631 2822 comparare

100 2829 211 2872 potui,
251 2830 286 2863 id
319 2830 411 2873 quod
449 2831 506 2863 hic
539 2832 625 2864 mihi
657 2832 847 2868 dicendum
879 2838 942 2876 est,
986 2835 1069 2881 quia
1099 2834 1206 2869 simili
1238 2845 1494 2881 nonnunquam
1527 2837 1630 2871 modo

101 2890 219 2921 eontra
241 2887 342 2921 illum
367 2889 610 2934 pugnavimus.
