1936 3392
347 428 401 468 24

347 613 441 667 (qd)
486 637 540 642 -—
587 614 680 653 182.
717 612 752 654 Ε
791 611 998 666 Geminis]
1035 611 1089 653 Et
1123 614 1299 667 geminis
1342 638 1396 643 —
1438 614 1567 668 veris]
1605 615 1712 656 vires
1748 638 1803 644 ——

350 684 442 724 184.
481 683 578 736 quia
614 683 722 736 (q2),
764 695 969 736 superscr.
1000 695 1069 736 pr.
1105 696 1160 723 m.
1197 683 1263 723 vel
1297 696 1340 737 q:
1387 708 1440 713 —
1486 684 1661 725 calorem
1695 683 1807 726 inest

349 777 402 781 ——
452 753 544 793 185.
587 751 712 806 veris]
755 752 864 793 vires
907 776 961 781 —
1009 752 1100 793 186.
1147 752 1324 794 Aestatis
1365 753 1476 794 inest
1518 777 1573 784 -—
1615 766 1690 808 par
1730 753 1804 808 est]

346 835 440 877 pars
476 826 537 863 est
579 846 633 851 ——
677 821 791 876 sorti]
829 822 936 876 parti
973 847 1027 851 —
1071 823 1165 863 187.
1202 821 1290 863 Nec
1325 822 1426 877 non]
1463 822 1551 864 Nec
1585 824 1687 877 iam,
1726 837 1802 865 su-

342 906 497 948 perscr.
528 906 596 946 pr.
632 906 688 933 m.
725 892 791 932 vel
826 904 904 933 nec
939 897 968 932 fl
1009 917 1059 922 -
1102 893 1174 946 qui
1210 892 1264 947 te]
1295 893 1409 934 inter
1445 907 1547 934 voce.
1586 894 1658 948 qui
1694 896 1733 935 et
1766 896 1807 935 te

347 976 439 1004 una
469 963 546 1003 litt.
578 976 681 1003 eras.
721 987 775 991 —
817 963 909 1003 189.
940 962 1078 1003 mollis
1108 963 1219 1004 inest
1251 987 1304 992 —-
1340 963 1433 1004 190.
1463 962 1664 1018 membra]
1694 975 1807 1005 men-

347 1033 422 1073 bra
458 1057 512 1062 —-
553 1033 647 1073 191.
678 1032 939 1086 mutantque]
977 1045 1091 1073 nunc
1120 1034 1287 1087 iamque
1325 1057 1378 1063 —
1421 1034 1514 1074 195.
1545 1046 1641 1075 cum
1669 1034 1825 1076 vernis.

348 1102 528 1157 roribus]
567 1115 662 1143 cum
699 1114 773 1143 ver
807 1105 909 1143 tunc
944 1102 1105 1144 roboris
1144 1128 1197 1132 —
1239 1104 1330 1145 196.
1367 1116 1455 1144 sors
1485 1102 1688 1158 humoris]
1719 1116 1810 1145 sur·-

349 1186 443 1213 sum
474 1173 556 1213 oris
589 1197 642 1202 —
675 1172 776 1214 Post
805 1186 840 1213 v.
860 1174 945 1213 196
974 1186 1050 1214 ser.
1077 1187 1144 1227 pr.
1175 1187 1230 1213 m.
1241 1189 1254 1213 .·
1288 1186 1395 1221 QVAE
1425 1186 1510 1214 SINT
1539 1185 1723 1215 AnvlmsA
1755 1198 1807 1204 -—

353 1243 445 1283 197.
484 1241 610 1297 Quin]
652 1241 775 1292 Quod
818 1267 872 1272 —-
918 1243 1013 1283 200.
1051 1243 1263 1297 membris]
1298 1242 1480 1284 menbris
1522 1267 1576 1273 ——
1621 1244 1715 1285 201.
1746 1243 1810 1284 Ne

349 1313 513 1367 mirere]
545 1313 633 1354 Nec
662 1314 811 1354 mirere
843 1337 895 1341 —
931 1313 1025 1353 202.
1058 1313 1217 1367 attollit]
1250 1313 1406 1354 attollat
1436 1338 1488 1343 -
1521 1313 1622 1355 Post
1649 1327 1686 1355 v.
1715 1315 1811 1355 202

348 1397 424 1424 scr.
458 1397 525 1438 pr.
562 1397 642 1424 m:
681 1396 761 1431 QVE
801 1395 1009 1424 NocrvaNA
1045 1396 1124 1423 AVT
1159 1396 1310 1424 mma
1360 1407 1411 1412 —
1459 1396 1574 1425 nunc
1620 1397 1670 1425 ex
1710 1386 1812 1425 tunc

349 1467 451 1495 corr.
483 1467 551 1508 pr.
588 1467 667 1494 m„-
706 1457 912 1507 eoepuncto
950 1457 966 1493 t
1003 1457 1040 1494 et
1075 1467 1279 1508 superscr.
1309 1467 1349 1494 n.
1395 1478 1448 1483 —-
1467 1461 1471 1467 ⁴
1493 1454 1587 1495 209.
1619 1453 1811 1507 sacratas]

351 1526 507 1565 sacrata
537 1527 598 1565 est
629 1524 679 1577 (ἴ)
718 1548 772 1553 —
806 1524 901 1564 211.
934 1522 1138 1578 Sagittari]
1170 1524 1369 1577 sagittarii
1400 1549 1454 1553 —
1485 1522 1717 1578 rapidique]
1748 1537 1812 1564 ra-

351 1594 521 1648 bidique
559 1618 613 1622 —
653 1594 747 1634 213.
783 1593 899 1634 Tunc
935 1593 1092 1647 Pisces,
1130 1596 1170 1634 et
1200 1592 1372 1647 Cancer,
1409 1597 1448 1635 et
1482 1594 1566 1635 acri
1595 1592 1810 1648 Scorpion]

350 1663 474 1705 Nunc
509 1665 644 1718 pisces
680 1676 828 1705 cancer
865 1667 905 1704 et
941 1664 1078 1704 cancri
1115 1665 1305 1718 scorpion
1350 1689 1402 1693 —
1448 1664 1542 1704 216.
1575 1662 1715 1705 Cetera
1750 1666 1813 1705 ter

351 1733 540 1789 numero]
574 1733 741 1775 Caetera
771 1747 847 1775 nec
876 1746 1050 1775 numero
1090 1759 1142 1763 —
1175 1736 1237 1775 ter
1266 1733 1370 1788 vice]
1401 1746 1479 1774 nec
1497 1734 1598 1775 vvice
1629 1758 1682 1763 —-
1716 1734 1811 1774 220.

353 1818 376 1845 a
402 1803 551 1858 Chelis]
583 1818 607 1845 a
636 1804 756 1845 libris
787 1829 840 1833 -
874 1804 974 1845 Post
1003 1818 1038 1845 v.
1069 1805 1165 1844 222
1194 1818 1270 1845 scr.
1291 1818 1359 1858 pr.
1385 1818 1464 1845 m...-
1497 1817 1604 1852 QVAE
1623 1817 1806 1845 HVMANA·

353 1888 431 1916 Av'r
456 1887 746 1916 TERRENA·AVT
771 1887 988 1915 OOMMVNIA.
1021 1899 1075 1903 —
1109 1875 1203 1915 223.
1237 1873 1362 1928 Quin]
1390 1873 1510 1923 Quod
1541 1899 1594 1904 -
1628 1875 1721 1915 225.
1748 1886 1814 1915 ae-

355 1944 498 2000 quore]
531 1945 575 1985 in
606 1957 783 1998 aequore
814 1969 867 1973 ——
902 1944 998 1985 226.
1025 1943 1174 1998 sidera]
1201 1944 1349 1996 sydera
1381 1968 1433 1973 --
1467 1945 1562 1985 228.
1588 1942 1812 1998 pestisque]

353 2016 562 2071 positique
599 2039 652 2044 —-
689 2015 783 2056 232.
815 2014 917 2055 Pars
947 2014 1092 2067 maris,
1123 2027 1228 2054 urna
1257 2014 1408 2068 nitens]
1441 2014 1626 2068 Parsque
1655 2014 1816 2056 marina

353 2087 491 2128 nitens
522 2110 575 2114 —
610 2086 704 2125 233.
737 2097 870 2138 aequo
902 2085 963 2125 1111
993 2083 1170 2138 foedere]
1203 2088 1326 2138 atque
1356 2084 1419 2124 illi
1451 2084 1599 2139 degere
1629 2093 1683 2114 -“-
1714 2083 1816 2126 Post

354 2171 390 2198 v.
409 2157 502 2198 233
525 2169 601 2197 scr.
621 2169 690 2210 pr.
715 2169 770 2196 m.
780 2171 794 2195 .·
829 2167 936 2203 QVAE
959 2159 970 2203 ΙΙ
995 2166 1207 2195 FAECVNDA
1234 2179 1287 2184 -—
1315 2156 1409 2196 235.
1432 2153 1674 2210 quidquam]
1701 2155 1816 2208 quic-

356 2240 481 2281 quam
513 2251 566 2256 —
595 2225 746 2267 frustra
769 2219 805 2282 ᾗῇ
836 2228 1036 2278 creatum,
1071 2228 1169 2279 post
1204 2238 1286 2265 voc.
1317 2224 1469 2265 frustra
1496 2238 1589 2266 una
1602 2225 1682 2266 'vel
1709 2225 1816 2266 duae

356 2297 434 2338 litt.
466 2310 586 2348 eras,
623 2308 674 2336 ve
703 2309 906 2349 superscr.
932 2309 1000 2349 pr.
1031 2309 1086 2335 m.
1127 2319 1180 2323 —
1220 2295 1315 2335 236.
1346 2293 1602 2348 Fecundum]
1633 2293 1816 2336 Faecun-

357 2367 458 2408 dum
489 2391 542 2396 —-
575 2379 724 2420 genus,
762 2365 870 2419 acer]
907 2365 1001 2420 gen'
1027 2370 1038 2414 ll
1062 2377 1172 2417 acer,
1208 2368 1307 2419 post
1341 2363 1435 2419 gen’
1471 2378 1564 2406 mm
1599 2364 1676 2405 litt.
1712 2377 1815 2406 eras.

358 2462 412 2467 -—
458 2438 552 2479 340.
591 2435 833 2490 utrumque]
875 2438 1087 2489 utrunque
1131 2459 1183 2470 —r
1230 2435 1327 2475 241.
1366 2433 1547 2489 Cretaeo]
1585 2437 1718 2476 creteo
1762 2458 1816 2463 —

358 2509 452 2549 242.
496 2510 742 2561 aequantem
783 2505 981 2560 tempore]
1025 2507 1271 2559 aequantem
1302 2507 1313 2555 ΙΙ
1328 2507 1338 2555 ΙΙ
1368 2507 1566 2559 tempore,
1602 2507 1701 2559 post
1733 2517 1816 2546 voc.

357 2580 602 2632 aequantem
637 2577 745 2618 duae
781 2577 846 2617 vel
875 2579 957 2617 tres
989 2575 1066 2617 litt.
1098 2588 1200 2616 eras.
1241 2599 1294 2604 —
1334 2575 1435 2616 Post
1462 2588 1499 2615 v.
1528 2575 1618 2616 243
1645 2587 1722 2615 ser.
1747 2587 1815 2630 pr.

356 2663 436 2690 m:
475 2660 582 2697 QVAE
619 2660 840 2688 CVRRENTIA
876 2659 955 2687 Av'r
983 2658 1108 2687 REcrA
1146 2669 1199 2675 —
1241 2646 1335 2685 247.
1366 2643 1584 2699 librentur]
1615 2644 1820 2686 librantur

359 2744 413 2749 —
443 2717 655 2772 membris]
687 2717 872 2759 menbris
905 2741 958 2746 —
991 2716 1092 2757 Post
1122 2729 1157 2756 v.
1184 2717 1275 2757 248
1303 2728 1379 2756 scr.
1405 2729 1474 2770 pr.
1504 2728 1584 2756 m:
1618 2727 1727 2764 QVAE
1754 2727 1819 2756 sn-

357 2802 501 2830 DENTIA
525 2801 603 2830 AVT
626 2800 809 2829 IAOENTIA
841 2811 894 2816 —
928 2787 1022 2827 250.
1054 2786 1211 2840 sopitus
1238 2788 1272 2836 ΙΙΙ]
1297 2785 1458 2838 aratris,
1486 2785 1601 2826 inter
1624 2797 1726 2826 voco.
1755 2797 1819 2826 so·-

358 2861 469 2914 pitus
505 2862 543 2901 et
579 2859 723 2900 aratris
755 2858 863 2899 duae
895 2857 973 2899 litt.
1005 2870 1107 2898 eras.
1148 2880 1202 2885 ——
1241 2856 1336 2896 253.
1368 2855 1521 2908 Prone,
1558 2854 1682 2910 iaces]
1713 2853 1820 2896 Con·

359 2933 438 2971 trat
468 2931 574 2970 iacet
610 2954 664 2958 —
704 2929 799 2969 253.
831 2926 1020 2982 Scorpios
1050 2927 1161 2968 inest
1199 2923 1252 2956 —⁴
1291 2925 1368 2966 sub
1399 2928 1580 2979 pectore,
1614 2937 1818 2980 superscr.

352 3014 421 3055 pr.
452 3014 507 3041 m.
544 2999 610 3041 vel
646 3011 815 3054 corpore
852 3023 906 3028 —
946 2997 1045 3038 Post
1079 3011 1115 3038 v.
1145 2998 1240 3038 255
1273 3009 1348 3037 scr.
1374 3009 1442 3050 pr.
1473 3009 1552 3036 sm..-
1597 3007 1705 3043 QVAE
1732 3006 1819 3036 sm'r
