1930 3320
772 325 987 366 ..57-

176 418 388 456 Praeterea
405 414 508 455 adeo
530 427 614 454 non
635 427 782 455 eorum
803 428 896 468 quae
918 419 1085 462 tractat,
1107 414 1264 467 peritus
1293 418 1368 463 est,
1393 419 1439 454 ut
1458 427 1568 455 nova
1588 419 1631 454 et

125 481 315 521 inaudita
334 479 529 532 quaedam
550 479 751 531 proferat,
774 493 868 532 quae
886 480 1044 520 nemini
1062 483 1272 519 astrorum
1287 492 1419 531 gnaro
1439 492 1628 532 unquam

124 546 382 587 exciderunt.
405 546 526 593 Nam,
550 544 749 596 quoniam
772 544 913 596 plures
939 550 1132 585 auctores
1159 544 1427 597 sequebatur,
1450 557 1501 584 ne
1529 545 1628 597 quid

124 612 317 652 incautus
343 609 569 658 omitteret,
599 609 784 661 quadam
808 610 984 650 fortasse
1010 610 1312 650 vocabulorum
1333 610 1534 649 varietate
1555 608 1628 649 de-

125 679 284 728 ceptus,
303 674 423 727 signa
440 674 643 714 nonnulla
663 675 905 727 duplicavit,
924 679 964 715 et
979 680 1203 728 postquam
1225 675 1377 714 Haedos
1392 676 1628 726 Lyramque

125 740 371 788 nominavit,
393 740 532 780 nescio
560 752 643 792 quo
669 740 822 780 iterum
851 741 980 781 Haedo
1002 741 1012 763 ¹
1035 744 1077 780 et
1102 740 1241 780 nescio
1275 751 1359 791 qua
1387 739 1575 779 Fidicula
1595 739 1626 786 ²,

125 807 176 848 de
195 806 347 859 quibus
364 805 481 845 nulla
500 805 565 844 vel
585 805 699 857 apud
719 810 984 846 astronomos
1002 806 1067 846 vel
1083 807 1194 858 apud
1214 805 1448 855 astrologos
1470 805 1628 845 mentio

126 884 304 925 usquam
321 875 397 920 est,
418 870 567 911 caelum
588 871 718 911 auxit.

179 937 287 985 Quin
306 937 450 989 inepta
467 936 661 989 quaedam
683 938 914 990 eademque
932 937 1140 991 prioribus
1161 937 1226 976 vel
1243 934 1512 988 sequentibus
1534 947 1627 975 con-

125 1002 255 1043 traria
271 1002 515 1054 imprudens
536 1002 730 1054 explicat.
754 1003 802 1042 In
825 1003 906 1042 fine
934 1003 1043 1042 enim
1071 1002 1223 1054 operis,
1250 1001 1373 1052 quale
1397 1001 1518 1041 nobis
1542 1004 1628 1040 tra-

125 1067 259 1107 ditum
281 1071 356 1116 est,
379 1066 595 1106 stellarum
619 1067 787 1107 ordines
807 1080 884 1118 pro
907 1067 1070 1119 fulgore
1093 1071 1133 1106 et
1156 1066 1445 1118 magnitudine
1473 1066 1629 1106 consti—

125 1132 204 1172 tuit
224 1132 238 1155 ²
262 1144 272 1173 τ
296 1136 422 1184 atque
443 1144 528 1171 non
545 1131 656 1170 idem
680 1144 705 1171 a
726 1136 838 1171 terra
856 1144 1002 1171 omnes
1022 1132 1176 1171 distare
1198 1131 1432 1183 profitetur,
1456 1131 1629 1170 multas-

124 1209 204 1250 que
223 1196 356 1248 magis
373 1209 394 1236 e
413 1195 643 1248 longinquo
665 1195 930 1248 pallidiorem
949 1197 1083 1236 lucem
1103 1192 1225 1236 nobis
1243 1196 1468 1235 immittere
1490 1211 1497 1234 :
1516 1197 1629 1248 quod

125 1261 237 1315 apud
257 1260 476 1301 Geminum
492 1260 678 1300 invenire
694 1265 904 1313 potuerat.
925 1263 975 1301 Et
994 1274 1070 1314 per
1089 1266 1224 1301 totum
1244 1274 1428 1308 carmen,
1445 1261 1487 1299 in
1505 1261 1630 1300 variis

122 1326 240 1376 locis,
263 1325 512 1378 significavit
537 1326 734 1378 quaedam
764 1330 877 1366 astra
900 1326 1040 1374 altius,
1064 1326 1260 1378 quaedam
1287 1326 1458 1365 inferius
1480 1325 1630 1366 eaelum

124 1391 326 1438 accolere,
356 1403 403 1430 ac
434 1390 643 1442 praecipue
671 1391 863 1442 planetas
894 1391 1076 1430 mediam
1104 1391 1214 1430 inter
1244 1391 1364 1442 signa
1391 1394 1628 1442 terramque

125 1456 314 1499 obtinere
334 1455 491 1495 sedem.
511 1454 624 1494 Idem
648 1458 790 1494 tamen
812 1455 1002 1494 Manilius
1023 1455 1127 1494 alias
1147 1455 1207 1494 ita
1224 1445 1353 1494 verba
1372 1456 1487 1503 facit,
1511 1456 1631 1507 quasi

126 1521 199 1559 uni
229 1520 358 1559 affixa
388 1520 565 1572 sphaerae
596 1524 709 1559 astra
739 1520 830 1572 pari
862 1524 1013 1559 cuncta
1042 1520 1264 1559 intervallo
1294 1524 1426 1560 terras
1455 1520 1630 1559 circum-

125 1585 324 1625 labantur
352 1596 362 1624 :
390 1597 464 1624 nec
492 1589 695 1636 quantum
721 1589 875 1624 terram
907 1585 1016 1624 inter
1048 1589 1087 1624 et
1117 1585 1249 1624 solem
1277 1589 1350 1624 aut
1381 1586 1524 1624 lunam
1557 1589 1630 1624 aut

124 1649 403 1702 quodcunque
424 1653 584 1688 astrum
614 1649 792 1697 intersit,
816 1653 862 1688 ut
888 1649 1153 1701 Hipparchus
1179 1649 1332 1701 aliique
1358 1649 1630 1688 Alexandrini

123 1714 368 1764 astronomi,
406 1714 545 1754 metiri
583 1714 845 1765 aggreditur,
889 1714 960 1753 sed
1002 1718 1205 1766 quantum
1247 1718 1403 1753 terram
1439 1714 1547 1753 inter
1582 1726 1630 1753 ac

123 1778 331 1819 caelestem
360 1778 520 1826 orbem,
544 1782 835 1830 quantumque
864 1791 939 1830 per
966 1779 1147 1830 spatium
1172 1778 1242 1818 ille
1271 1778 1383 1817 orbis
1410 1778 1629 1818 circumfe-

122 1847 254 1884 ratur.
278 1843 397 1891 Quod
418 1843 605 1895 opinioni
626 1843 899 1892 contrarium,
924 1855 1008 1895 qua
1028 1843 1153 1882 modo
1182 1847 1295 1882 astra
1321 1843 1586 1895 inaequaliter
1607 1857 1631 1883 a

123 1907 245 1948 nobis
278 1907 469 1948 recedere
501 1908 758 1957 declarabat,
783 1920 830 1947 ac
863 1921 939 1960 per
967 1921 1009 1947 se
1038 1908 1244 1960 ineptum,
1272 1907 1476 1960 ineptiore
1504 1909 1630 1948 modo

123 1972 284 2025 pandit.
307 1973 428 2023 Nam,
448 1985 541 2012 cum
563 1972 784 2012 duodecim
806 1973 926 2024 signa
944 1973 1035 2012 caeli
1054 1973 1198 2012 orbem
1221 1972 1432 2025 expleant,
1450 1977 1632 2026 quatuor

125 2037 210 2077 sere
244 2037 458 2088 signorum
487 2037 622 2089 spatio
656 2042 821 2077 constat
853 2037 943 2076 axis
981 2049 990 2076 :
1027 2038 1166 2077 media
1200 2037 1328 2089 igitur
1366 2037 1488 2077 tellus
1524 2037 1633 2077 inter

125 2101 259 2154 polos,
278 2114 354 2141 nec
374 2114 539 2141 summo
558 2102 729 2154 propior
749 2115 874 2153 quam
896 2102 981 2141 imo
1014 2102 1135 2141 ullive
1157 2102 1270 2141 orbis
1291 2102 1416 2155 parti,
1445 2103 1527 2142 duo
1546 2103 1631 2141 fere

124 2166 338 2217 signorum
362 2165 497 2218 spatio
530 2166 583 2205 ab
604 2166 703 2206 orbe
730 2167 857 2205 distat
882 2166 910 2206 4.
935 2167 1047 2206 Licet
1068 2167 1213 2207 orbem
1236 2167 1431 2206 trecentis
1453 2171 1494 2206 et
1511 2179 1629 2206 sexa-

124 2230 242 2282 ginta
269 2230 459 2283 partibus
485 2230 685 2281 dividere,
712 2231 1012 2284 signorumque
1040 2232 1266 2284 unicuique
1290 2232 1462 2283 triginta
1492 2235 1632 2284 partes

123 2294 350 2334 attribuere
374 2308 382 2334 :
406 2295 625 2346 sexaginta
644 2295 774 2346 igitur
794 2301 935 2348 partes
956 2296 1105 2336 caelum
1126 2297 1237 2336 inter
1254 2309 1302 2336 ac
1332 2301 1488 2336 terram
1506 2296 1631 2335 inter-

122 2359 328 2412 ponijam
355 2372 671 2411 cognoscemus.
702 2361 808 2407 Quid
837 2362 1009 2413 postca?
1033 2374 1127 2413 quae
1155 2362 1234 2401 ista
1261 2366 1322 2401 est.
1349 2361 1490 2401 notio?
1509 2360 1632 2400 Nulla

122 2435 221 2464 sane
238 2427 314 2473 est,
331 2437 465 2476 neque
484 2424 598 2464 aliud
614 2438 740 2477 quam
756 2425 887 2465 verba
904 2425 1047 2465 inania
1066 2426 1368 2466 conseruimus.
1386 2427 1489 2465 Nam
1509 2429 1632 2477 poeta

123 2487 228 2528 nibil
261 2488 373 2529 aliud
400 2502 527 2541 quam
559 2502 681 2529 axem
714 2490 846 2530 tertiae
878 2490 991 2530 orbis
1020 2491 1131 2543 parti
1161 2491 1367 2544 aequalem
1398 2503 1485 2530 esse
1512 2490 1630 2538 dixit,

122 2553 234 2604 quod
251 2553 422 2606 quidem
444 2567 589 2594 omnes
610 2555 729 2607 pueri
750 2560 958 2595 noverunt
976 2567 985 2595 ε
1004 2555 1076 2595 sed
1099 2559 1303 2608 quantum
1323 2556 1398 2595 iste
1414 2555 1505 2595 caeli
1520 2554 1633 2595 orbis

123 2616 277 2657 circum
288 2622 445 2670 pateat,
459 2623 667 2672 quantum
683 2620 800 2661 istius
816 2620 907 2660 axis
922 2621 1189 2673 extendatur,
1207 2620 1632 2674 quodignorabamus

166 2759 196 2790 1.
218 2758 368 2796 Astron„
383 2759 425 2799 V,
445 2761 518 2794 311.

166 2805 198 2836 2.
218 2804 318 2843 lbid„
336 2806 375 2846 V,
397 2807 469 2838 409.

165 2853 196 2884 3.
217 2851 319 2889 ibid„
341 2853 381 2893 V,
402 2854 461 2886 711
483 2863 561 2896 sqq.

164 2897 196 2929 4.
216 2897 320 2936 lbid„
343 2900 369 2940 1,
392 2900 543 2933 539-560.
