1910 3250
781 294 1063 335 -25-.

178 419 368 459 Tiberius
404 419 447 458 in
482 429 594 469 spem
629 417 898 456 successionis
926 417 1105 457 venisset
1132 420 1204 457 aut
1230 417 1436 468 expetitus
1465 418 1610 457 fuisset
1636 430 1661 456 a

176 488 346 539 populo.
394 487 536 536 Neque
565 487 684 535 enim,
712 489 759 525 ut
785 491 900 538 puto,
929 487 1071 525 adesse
1100 487 1189 525 vult
1215 486 1539 525 Astronomicon
1568 499 1659 526 auc-

177 561 244 597 tor
279 568 409 596 meros
443 556 624 606 Augusti
663 556 822 606 imperii
858 556 1038 605 heredes,
1081 555 1164 605 sed,
1205 567 1294 594 cum
1331 555 1373 594 hi
1411 567 1458 594 ne
1494 555 1663 595 veniant

175 625 399 677 periculum
428 637 509 664 non
538 625 604 674 sit,
633 625 674 663 id
703 625 889 675 inprimis
908 630 1042 676 rogat,
1072 637 1120 664 ne
1140 626 1298 675 patriae
1317 629 1456 675 patres
1476 625 1658 673 desint.'¹)

175 693 317 746 Rogat
347 698 482 733 autem
515 694 586 744 ita,
622 696 669 733 ut
699 693 968 734 Octavianum
1004 700 1196 744 tauquam
1231 697 1487 743 praesentem
1521 693 1656 744 adspi-

176 774 264 802 cere
299 775 382 802 non
415 764 561 814 possit.
615 764 716 803 Inde
753 776 1005 813 consequens
1047 766 1119 809 est,
1162 767 1207 801 ut
1242 763 1532 800 Astronomica
1575 775 1658 800 non

174 831 270 871 huic
299 831 488 870 dedicata
522 832 684 882 fuerint,
726 836 846 882 atque
875 833 1087 882 colligitur
1115 833 1357 884 necessario,
1398 836 1443 870 ut
1478 830 1657 880 aliunde,

174 900 308 940 abisse
335 899 416 939 iam
443 912 533 939 eum
560 901 611 940 ad
639 901 780 939 Divos.

280 969 432 1009 Verum
467 974 600 1009 tamen
637 982 846 1020 superesse
885 971 926 1008 in
961 971 1067 1009 libro
1104 970 1165 1007 IV
1202 969 1480 1008 testimonium
1515 969 1563 1007 de
1600 969 1660 1007 vi·

177 1042 297 1077 vente
334 1039 600 1078 certissimum
635 1042 742 1089 sunt,
778 1041 847 1089 qui
881 1041 1032 1079 dicant.
1087 1040 1344 1089 Inquiramus
1378 1038 1456 1076 iam
1483 1038 1525 1076 iu
1554 1038 1660 1076 hunc

177 1107 310 1147 locum
329 1107 408 1157 (vv.
425 1108 659 1158 933—935),
690 1121 768 1158 quo
786 1109 1038 1148 Lachmanni
1062 1108 1318 1156 sententiam,
1339 1119 1458 1157 quam
1477 1110 1659 1146 nostram

176 1186 264 1215 esse
290 1177 491 1225 volumus,
519 1178 732 1228 splendide
761 1179 904 1229 repelli
934 1181 1100 1229 putant:

343 1255 425 1300 „Ne
451 1257 598 1292 dubites
621 1258 759 1293 homini
784 1259 924 1294 divinos
950 1258 1099 1294 credere
1123 1259 1242 1295 visus:

359 1313 453 1349 Iam
479 1314 596 1350 facit
618 1315 718 1361 ipse
743 1316 851 1352 deos
878 1317 1062 1362 mittitque
1089 1316 1136 1351 ad
1161 1316 1285 1351 sidera
1310 1326 1456 1358 numen,

361 1371 484 1407 Maius
510 1374 548 1407 et
563 1372 777 1419 Augusto
804 1377 984 1410 crescet
1009 1375 1091 1409 sub
1117 1373 1328 1420 principe
1355 1371 1520 1407 caelum“

179 1464 278 1492 neve
307 1453 552 1502 omittamus,
581 1465 682 1502 quae
711 1453 927 1493 adnotavit
947 1454 1126 1493 Jacobus
1155 1454 1205 1493 ad
1234 1465 1392 1492 versum
1421 1455 1661 1491 extremum:

178 1521 298 1572 „Quo
326 1522 442 1560 finito
471 1522 550 1561 hoc
577 1522 684 1561 libro
705 1522 939 1573 Augustum
967 1536 1048 1562 non
1078 1524 1297 1563 excessisse
1325 1535 1346 1562 e
1374 1522 1459 1560 vita
1487 1525 1528 1560 et
1554 1521 1663 1559 inter

178 1589 278 1629 deos
303 1591 476 1630 relatum
504 1603 590 1629 esse
622 1593 774 1630 certum
802 1596 862 1630 est
889 1596 930 1631 et
948 1593 1263 1631 coufirmatum“.
1291 1614 1340 1619 —
1368 1591 1463 1630 Hoc
1483 1591 1552 1640 qui
1572 1595 1659 1628 tan-

177 1657 268 1698 dem
294 1659 494 1698 efficitur?
535 1660 584 1698 In
613 1661 777 1711 epilogo
807 1662 927 1700 huius
955 1662 1065 1711 libri,
1095 1674 1174 1711 quo
1204 1662 1267 1700 illi
1287 1673 1426 1699 versus
1447 1660 1658 1699 continen-

180 1731 259 1778 tur,
286 1730 411 1779 poeta
438 1729 691 1768 demonstrat
719 1732 973 1781 „exemplum
1000 1731 1066 1770 dei
1096 1742 1291 1780 quemque
1312 1743 1399 1769 esse
1419 1730 1462 1768 in
1482 1730 1658 1779 imagine

178 1798 332 1848 parva“
360 1799 415 1848 (v.
444 1798 537 1847 895)
566 1803 606 1837 et
626 1799 737 1838 caelo
758 1803 988 1850 cognatum.
1034 1800 1158 1839 Cuius
1178 1800 1237 1838 rei
1257 1799 1370 1838 varia
1390 1798 1576 1849 congerit
1596 1810 1658 1836 ar—

175 1870 378 1916 gumenta,
419 1879 440 1906 e
477 1868 622 1916 quibus
659 1869 872 1908 maximum
907 1869 946 1907 in
983 1869 1094 1908 exitu
1129 1869 1261 1919 ponit.
1323 1868 1474 1917 Homo,
1511 1868 1658 1918 inquit,

177 1934 258 1974 iam
287 1935 387 1975 facit
420 1936 508 1987 ipse
543 1937 656 1985 deos,
690 1942 751 1977 est
786 1938 914 1988 igitur
946 1938 1114 1978 deorum
1149 1950 1298 1989 parens
1333 1950 1458 1987 eaque
1494 1950 1536 1976 re
1570 1938 1658 1988 ipse

176 2003 288 2051 dous,
314 2004 520 2055 mittitque
550 2007 713 2045 numina
741 2019 765 2045 a
793 2019 833 2046 se
863 2008 970 2046 facta
997 2008 1048 2046 ad
1078 2008 1233 2056 sidera3
1261 2007 1319 2045 ita
1347 2007 1403 2056 fit,
1433 2010 1478 2045 ut
1505 2007 1548 2044 in
1567 2007 1655 2045 dies

177 2071 342 2124 longius
384 2074 485 2112 caeli
526 2075 624 2114 fines
659 2076 922 2126 proferantur
955 2077 1196 2127 praesertim
1231 2076 1417 2127 principe
1452 2075 1655 2126 Augusto.

117 2198 127 2207 .
180 2141 282 2182 Cum
315 2142 379 2182 his
416 2147 510 2194 apte
547 2145 632 2183 sine
669 2144 794 2183 dubio
830 2149 1118 2196 comparantur
1151 2158 1211 2195 ea,
1247 2158 1349 2195 quae
1378 2146 1456 2184 iam
1485 2156 1608 2194 supra
1635 2156 1656 2182 e

177 2210 285 2251 libro
314 2213 335 2252 1
363 2213 706 2263 deprompsimus:

339 2338 442 2375 Julia
466 2339 656 2376 descendit
681 2340 786 2376 caelo
812 2351 832 2376 c
841 2351 863 2376 a
873 2352 893 2376 e
903 2341 915 2376 l
924 2353 947 2376 u
955 2353 987 2377 m
998 2284 1183 2388 (ἵξὲοξ-ῗρ
1195 2342 1205 2377 l
1217 2353 1236 2377 e
1244 2341 1336 2377 vit“

177 2411 236 2447 et:

340 2475 506 2522 „Caesar
530 2489 624 2514 nunc
648 2480 769 2524 terris,
793 2483 879 2527 post
904 2481 1040 2517 eaelo
1066 2482 1291 2517 maximus
1317 2484 1452 2518 aucto
1463 2482 1514 2517 r“.

177 2554 385 2606 Agnoscis
426 2559 531 2598 enim
567 2561 859 2600 sententiarum
894 2574 1146 2612 consensum,
1189 2563 1256 2612 qui
1293 2566 1355 2600 est
1388 2563 1436 2601 de
1471 2562 1656 2613 legitima

177 2625 393 2674 apotheosi
414 2626 600 2666 Caesaris
627 2629 792 2679 eiusque
822 2634 1130 2681 prognatorum.
1174 2630 1300 2670 Cuius
1330 2632 1484 2682 stirpis,
1512 2635 1558 2671 ut
1577 2632 1655 2670 fert

283 2778 311 2824 ⁷)
335 2780 424 2816 Huc
448 2782 606 2828 pertinet
630 2785 754 2830 etiam,
780 2786 877 2832 quod
903 2797 1028 2822 omnes
1052 2787 1236 2834 principes
1262 2787 1478 2832 cognomine
1503 2786 1653 2834 patris

179 2837 368 2884 patriae
391 2838 466 2874 iure
490 2840 636 2886 publico
661 2842 840 2889 appellati
863 2846 957 2880 sunt.
