1936 3392
450 485 493 526 L.
524 484 602 538 IV,
632 499 669 526 v.
698 486 955 527 152—155:

472 566 647 608 Mollius
677 581 697 608 e
734 567 928 609 Geminis
957 567 1151 608 studium
1181 571 1240 608 est
1270 572 1308 610 et
1337 569 1484 610 mitior
1512 573 1627 611 aetas

473 636 556 678 Per
584 637 725 678 varios
755 641 923 690 cautus,
955 634 1253 691 modulumque
1282 638 1451 679 vocibus
1481 653 1568 691 ora,

474 706 533 747 Et
558 707 731 761 yracilis
761 708 959 759 calamos,
991 710 1030 748 et
1058 707 1200 748 nervis
1229 707 1366 748 insita
1395 708 1520 749 verba

473 777 802 831 Inqem'tumque
831 790 1007 827 sonuum
1041 777 1157 818 labor
1186 780 1246 818 est
1275 778 1404 818 etiam
1433 778 1530 832 ipsa
1556 779 1761 833 voluptas.

453 869 592 918 Quid?
630 871 756 911 etiam
785 871 973 924 voluptas
1003 871 1093 924 ipsa
1124 874 1185 911 est
1213 870 1357 911 labor?
1409 871 1474 912 Ne
1503 871 1567 912 illi
1596 871 1792 913 laboriosi

335 943 432 980 sunt
474 943 515 980 et
553 952 650 981 vere
685 941 829 981 miseri
866 941 939 994 qui
975 940 1051 980 sub
1090 940 1361 981 Geminorum
1398 942 1516 995 signo
1553 945 1790 983 nascuntur.

336 1009 434 1062 Sed,
475 1010 656 1050 litterula
699 1023 782 1050 una
822 1013 996 1062 mutata,
1037 1010 1223 1051 sinamus
1260 1023 1345 1062 eos,
1387 1014 1434 1051 ut
1470 1014 1792 1053 consentaneum

336 1082 410 1132 est,
441 1079 615 1120 delicate
645 1082 686 1120 et
714 1079 894 1121 moHiter
922 1080 1082 1120 vivere:

864 1193 872 1201 .
905 1193 913 1200 .
946 1193 954 1201 .
986 1193 995 1200 .
1027 1161 1142 1202 labor
1172 1165 1232 1202 est
1261 1161 1390 1203 etiam
1420 1162 1528 1216 ipse
1557 1163 1761 1217 voluptas.

337 1242 538 1284 Similiter
566 1246 736 1297 peccant
764 1242 862 1283 libri
892 1242 916 1282 1.
948 1242 1008 1295 Π,
1037 1256 1074 1283 V.
1104 1243 1207 1294 1163
1238 1243 1262 1283 l.
1294 1243 1350 1296 V,
1380 1257 1416 1283 v.
1446 1244 1544 1297 170,
1575 1247 1616 1285 et
1646 1243 1756 1286 alibi.

451 1383 494 1424 L.
525 1382 604 1436 IV,
634 1397 670 1422 v.
696 1383 956 1424 402-403:

482 1464 572 1514 Quo
602 1464 731 1506 remis
762 1465 930 1505 lucrum
959 1478 1106 1517 naves,
1139 1464 1404 1517 Martemque
1433 1467 1662 1518 sequentur

477 1535 534 1575 Iu
556 1535 768 1589 praedas?

453 1616 608 1657 Mirum
645 1618 847 1670 quantum
883 1616 952 1656 hic
987 1615 1219 1657 turbaverit
1247 1616 1395 1669 Jacob,
1432 1616 1566 1657 codici
1595 1629 1671 1656 suo
1703 1617 1794 1668 (sci-

336 1688 435 1728 licet
463 1686 581 1728 Voss.
614 1687 654 1738 2)
698 1686 875 1727 nimium
919 1685 1126 1737 addictus,
1171 1686 1284 1727 solus
1326 1687 1438 1727 enim
1477 1686 1577 1727 haec
1611 1689 1796 1727 monstra

339 1757 507 1798 exhibet
538 1757 718 1797 eximius
741 1756 813 1797 ille
839 1756 988 1796 codex:
1033 1755 1121 1805 Qua
1144 1769 1288 1796 remus
1313 1759 1354 1797 et
1376 1759 1613 1810 sequentur.
1661 1754 1796 1797 Ceteri

339 1839 498 1880 omnes,
527 1827 609 1867 nisi
631 1826 769 1878 fallor,
801 1829 842 1867 et
864 1826 910 1866 in
928 1826 994 1866 his
1015 1825 1324 1867 Gemblacensis
1342 1829 1499 1867 noster:
1538 1824 1796 1875 Quaeremus

340 1901 380 1938 et
407 1909 652 1950 sequemur;
685 1899 805 1936 recte.
849 1895 1048 1936 Mendum
1079 1899 1264 1949 superest
1293 1897 1340 1936 in
1369 1895 1571 1936 vocabulo
1601 1896 1794 1948 »πεινῶ-(3

338 1967 517 2008 necdum
550 1966 809 2020 probabilem
846 1966 1126 2007 coniecturam
1162 1966 1334 2020 repperi.
1395 1964 1672 2007 Scribendum
1708 1977 1797 2006 esse

339 2038 544 2092 suspicor:

485 2118 744 2168 Quaeremus
775 2118 943 2159 lucrum
973 2117 1154 2170 ventis,
1186 2117 1451 2171 Martemque
1480 2130 1706 2171 sequemur

480 2189 538 2230 I‘n
560 2188 771 2243 praedas?

457 2269 513 2311 Of.
544 2270 569 2310 l.
600 2269 682 2323 m,
710 2282 748 2310 v,
778 2270 878 2310 151:
922 2268 1213 2310 Fortunamve
1248 2271 1368 2323 petat
1397 2269 1545 2322 pelayo
1581 2267 1799 2322 ventisque

339 2344 551 2396 sequatur.

456 2410 653 2452 Viderint
683 2409 894 2451 doctiores.

457 2551 501 2592 L.
532 2550 610 2604 iv,
639 2563 677 2590 v.
702 2551 805 2591 419:

485 2632 557 2675 Sic
585 2631 742 2674 sterilis
773 2631 896 2672 terris
928 2630 1047 2672 laetis
1076 2629 1307 2671 intervenit
1335 2643 1490 2670 armus.

342 2715 462 2758 Istud
495 2715 695 2768 „auuus“
729 2713 853 2754 nihili
888 2715 958 2754 est
1019 2711 1192 2753 Codices
1228 2710 1419 2752 meliores
1456 2723 1600 2751 omnes
1629 2710 1798 2751 habent:

343 2799 542 2897 arvwl’ro
571 2853 752 2908 „terris“
779 2852 989 2907 Hauptius
1019 2852 1079 2906 (in
1101 2850 1190 2892 Ind.
1221 2851 1311 2892 lect.
1343 2851 1389 2892 in
1413 2850 1538 2892 Univ.
1563 2849 1697 2892 Berol.
1727 2856 1802 2904 per

345 2939 442 2968 sem.
472 2925 557 2967 hib.
590 2938 623 2967 a.
652 2923 946 2966 1866-1867
979 2921 1281 2974 habendarum,
1311 2934 1349 2975 p.
1373 2921 1413 2974 8)
1444 2921 1630 2974 reposuit
1660 2923 1799 2962 torres.
