1930 3320
958 236 1233 274 ..40-

793 356 1097 399 Particulae
1130 357 1390 399 causales.

470 433 600 475 Nam
634 437 766 476 semel
797 437 976 477 alterum
1008 437 1214 478 enuntiati
1245 438 1382 478 locum
1414 442 1591 493 occupat
1621 437 1643 479 I
1673 440 1738 480 53.

466 503 617 543 Enim
649 504 806 558 ubique
843 505 1023 544 alterum
1056 505 1263 545 enuntiati
1291 506 1432 546 locum
1467 506 1631 546 obtinet
1659 510 1831 561 praeter

356 571 424 610 III
452 572 529 610 165
560 570 787 622 Perpetuos
806 584 932 622 neque
951 572 1058 611 enim
1078 572 1198 621 sedes,
1227 572 1300 613 ubi
1321 586 1445 624 neque
1465 573 1573 614 enim
1592 573 1717 614 unius
1739 573 1829 614 fere

356 639 542 679 notionis
574 639 657 678 vim
689 639 831 680 habet.

467 705 666 746 Etenim
698 706 831 747 semel
861 706 1020 760 legitur
1051 707 1237 748 secundo
1259 708 1352 748 loco
1376 709 1630 749 collocatum
1649 708 1718 748 III
1737 710 1830 750 254.

466 772 688 824 Namque
719 773 900 828 denique
931 774 1179 828 particulae,
1212 789 1319 829 quae
1343 776 1443 816 alibi
1475 776 1587 831 apud
1608 776 1828 817 Manilium

358 841 516 895 ubique
554 841 675 882 initio
712 841 920 882 enuntiati
960 842 1133 896 legitur,
1164 842 1202 882 V
1237 845 1315 882 255
1346 847 1518 897 quartus
1555 844 1673 884 locus
1704 844 1825 884 attri-

355 909 484 949 butus
517 913 593 949 est.

471 975 586 1017 Cum
618 977 828 1017 causale
860 977 994 1018 altero
1027 977 1232 1018 enuntiati
1257 978 1350 1018 loco
1373 978 1555 1018 occurrit
1574 977 1595 1018 I
1617 980 1710 1018 559.
1736 980 1827 1019 721.

357 1046 438 1085 863
457 1043 504 1099 ¹).
555 1043 600 1084 II
639 1046 739 1095 263,
782 1045 927 1099 quinto
963 1045 1057 1085 loco
1105 1044 1149 1085 II
1190 1047 1290 1093 136;
1338 1045 1460 1097 quia
1504 1045 1688 1087 secundo
1735 1047 1830 1087 loco

356 1112 542 1167 positum
574 1115 639 1152 est
669 1111 714 1152 ΙΙ
749 1113 840 1152 184.
873 1114 952 1153 830
966 1111 1011 1164 2).
1058 1112 1126 1152 III
1161 1114 1223 1162 16,
1255 1113 1381 1153 tertio
1413 1113 1506 1154 1000
1537 1113 1581 1154 ΙΙ
1613 1115 1690 1154 728
1705 1112 1756 1168 ³).

474 1179 612 1231 Quod
641 1180 822 1220 alterum
843 1180 982 1220 locum
1005 1179 1168 1220 obtinet
1190 1179 1235 1220 II
1257 1182 1350 1220 207.
1382 1182 1475 1223 555.
1509 1181 1602 1221 585.
1648 1180 1715 1221 III
1737 1182 1830 1221 255.

358 1248 450 1288 314.
493 1248 586 1288 391.
628 1249 721 1288 515.
767 1249 859 1288 517.
908 1248 1000 1289 533.
1047 1248 1149 1291 530,
1195 1248 1367 1288 tertium
1411 1246 1455 1287 II
1486 1249 1590 1299 360,
1637 1252 1829 1302 quartum

356 1314 400 1354 II
432 1316 526 1354 277.
559 1315 652 1354 392.
687 1316 778 1355 711.

471 1381 721 1433 Quoniam
752 1380 938 1422 secundo
970 1381 1062 1422 loco
1092 1381 1250 1435 legitur
1277 1381 1344 1422 III
1376 1382 1469 1433 208,
1501 1386 1651 1437 quarto
1669 1382 1715 1423 II
1734 1384 1832 1423 603.

744 1481 1052 1523 Particulae
1085 1482 1453 1524 conclusivae.

467 1561 667 1603 Manilius
688 1574 896 1614 nusquam
917 1561 1050 1601 utitur
1078 1574 1228 1612 quare
1257 1561 1468 1614 particula
1491 1560 1702 1608 Ovidium.
1727 1561 1830 1602 Ver-

357 1630 525 1684 gilium,
564 1628 790 1669 Horatium
822 1632 991 1669 secutus
1007 1628 1064 1682 ¹²),
1104 1642 1196 1668 cum
1239 1641 1348 1680 erqo
1386 1628 1614 1683 praeferat.
1683 1629 1832 1684 Itaque

358 1698 559 1751 legimus:
591 1709 682 1748 erqo
703 1709 775 1746 aqe
796 1695 839 1735 II
862 1697 953 1737 788.
986 1695 1053 1736 ΙΙΙ
1073 1697 1164 1736 169.
1213 1695 1345 1747 Erqo
1375 1696 1625 1751 particulam
1648 1696 1832 1738 secundo

361 1766 453 1805 1000
486 1763 710 1804 collocavit
741 1767 869 1818 poeta
901 1763 1093 1818 exceptis
1136 1763 1345 1818 exemplis
1376 1763 1458 1804 his:
1501 1776 1592 1816 erqo
1621 1777 1713 1817 aqe,
1743 1777 1834 1816 erqo

357 1833 428 1873 ubi
451 1831 539 1886 (III
561 1831 675 1885 328),
706 1843 797 1882 erqo
826 1831 916 1882 ipsa
946 1831 1096 1870 moveri
1126 1829 1214 1884 (III
1236 1829 1349 1885 336).
1409 1830 1439 1871 I
1441 1830 1584 1883 qitur
1612 1831 1834 1886 particula,

359 1915 466 1955 quae
518 1901 560 1941 in
605 1904 752 1954 quarto
798 1905 840 1941 et
885 1901 1029 1954 quinto
1076 1899 1185 1940 libro
1233 1899 1375 1951 deest,
1422 1899 1655 1941 secundum
1694 1901 1834 1942 locum

359 1969 545 2015 obtinet;
587 1968 766 2020 itaque
809 1969 852 2008 in
888 1968 1052 2009 Manilii
1097 1968 1282 2008 carmine
1322 1969 1489 2009 omnino
1532 1969 1835 2023 non-legitur3

358 2036 553 2077 idcireo
584 2035 813 2077 duodecies
843 2037 1012 2091 legitur,
1046 2037 1181 2077 semel
1211 2049 1301 2087 que
1332 2036 1483 2091 copula
1505 2036 1634 2076 affixa
1660 2034 1834 2090 (1168);

359 2105 599 2155 quocirca
649 2104 831 2144 occurrit
886 2103 931 2144 ΙΙ
975 2105 1067 2144 342.
1114 2105 1207 2144 886.
1270 2102 1333 2143 IV
1373 2105 1475 2150 239;
1532 2105 1837 2155 quapropter

364 2173 497 2213 semel
528 2172 549 2212 Ι
583 2173 676 2212 753.

770 2239 1065 2280 Particulac
1098 2237 1435 2293 temporales.

473 2319 598 2360 Dum
629 2319 860 2360 secundum
892 2319 1032 2359 locum
1060 2322 1236 2372 occupat
1264 2316 1285 2356 I
1312 2317 1391 2356 398
1407 2316 1453 2370 ⁵).
1485 2315 1553 2356 III
1578 2318 1658 2356 445
1681 2316 1694 2368 ΙΙ
1717 2315 1838 2357 donee

361 2387 541 2428 alterum
575 2387 715 2428 locum
752 2387 820 2427 III
858 2389 951 2438 651,
983 2386 1155 2427 tertium
1188 2386 1327 2426 locum
1358 2383 1426 2424 III
1459 2385 1538 2423 355
1560 2383 1574 2435 ΙΙ
1597 2396 1699 2424 eum
1728 2388 1835 2426 tem-

454 2534 480 2576 1)
505 2545 582 2567 eum
606 2533 742 2566 habent
767 2531 861 2571 CV„
886 2531 948 2565 sed
971 2541 1015 2565 ne
1039 2531 1079 2568 G.
1102 2504 1146 2564 rig
1170 2529 1206 2563 L.
1225 2531 1239 2572 ΙΙ
1258 2530 1284 2572 ²)
1309 2539 1379 2572 qua
1393 2528 1461 2570 GC,
1486 2528 1571 2573 qaia
1597 2540 1640 2563 ex
1665 2539 1736 2574 qua
1761 2539 1837 2563 cor-

361 2592 499 2624 rectum
534 2590 572 2630 L,
608 2600 680 2633 qua
703 2588 794 2631 V2.11
822 2590 847 2631 ³)
874 2587 1013 2622 totidem
1050 2598 1116 2632 que
1140 2586 1208 2626 GC,
1234 2585 1374 2655 totfflem
1407 2597 1454 2630 qa
1478 2585 1537 2627 Vl,
1575 2585 1718 2620 totidem
1752 2586 1839 2630 quia

363 2668 422 2709 V2,
449 2667 625 2711 totidemq'
651 2667 678 2700 L
703 2668 789 2700 ante
814 2665 1087 2705 correctionem,
1120 2639 1338 2708 totidemZ'ue
1369 2663 1395 2697 L
1420 2665 1503 2708 post
1527 2663 1792 2699 correctionem.
1810 2664 1823 2706 11

365 2726 389 2768 ⁴)
415 2725 457 2759 cf.
488 2724 654 2768 Haupt,
679 2723 770 2758 obss.
797 2723 891 2757 critt.
917 2734 952 2766 p.
978 2723 1021 2756 13
1046 2737 1087 2750 Ξ
1112 2732 1232 2765 opusc.
1263 2720 1279 2754 Ι
1304 2732 1338 2764 p.
1363 2720 1407 2754 85
1437 2732 1488 2764 sq.
1511 2722 1524 2764 ΙΙ
1555 2720 1581 2764 ⁵)
1606 2729 1727 2754 vecors
1757 2718 1838 2752 dum

363 2814 512 2849 Iacobus
555 2812 722 2853 coniecit,
771 2822 836 2845 nec
878 2810 1027 2845 horrida
1067 2810 1097 2844 G
1137 2810 1164 2843 L
1201 2785 1329 2853 (Ῐιοτνῑᾱα
1360 2809 1412 2853 C),
1451 2820 1514 2843 nec
1548 2808 1697 2843 hordum
1728 2807 1838 2847 V1V2,
