1936 3392
771 284 828 323 93

80 434 169 473 tum
201 428 316 472 nulla
347 429 428 481 sit,
461 444 534 470 cur
566 429 769 471 maleficos
802 429 936 471 oderis
971 433 1014 471 et
1041 428 1203 485 punias.
1271 429 1446 470 Minime
1478 427 1521 470 id

81 502 344 551 metuendum
394 512 478 558 est,
529 508 742 564 respondit
775 514 920 564 poeta,
965 523 1091 560 „uam
1124 522 1258 562 neque
1293 508 1522 550 mortiferas

81 588 300 642 quisquam
334 587 464 642 magis
497 587 632 628 oderit
668 587 812 629 herbas
824 621 835 640 ,
873 588 984 642 quod
1018 602 1101 629 non
1130 586 1299 629 arbitrio
1322 587 1522 641 veniunt,

81 668 152 710 sed
185 667 341 710 semine
375 671 499 718 certo;
535 667 668 722 gratia
697 682 772 709 nec
797 667 925 709 levior
946 666 1156 708 tribuetur
1181 666 1370 708 dulcibus
1394 667 1523 719 escis,

83 747 195 802 quod
225 752 374 788 natura
407 746 522 788 dedit
553 747 715 802 fruges,
750 762 832 788 nou
867 746 953 788 ulla
977 745 1190 798 voluntas;
1227 746 1287 787 sic
1308 746 1525 789 hominum

82 827 239 869 meritis
271 830 389 868 tanto
423 826 479 867 sit
512 825 645 882 gloria
678 827 830 878 maior,
866 826 978 881 quod
1012 825 1127 868 caelo
1156 826 1365 882 gaudente
1386 827 1501 868 venit
1511 843 1523 878 i

84 920 304 960 rursusque
351 906 539 948 nocentis
587 905 793 947 oderimus
842 906 975 962 magis
1017 905 1062 947 in
1096 904 1259 962 culpam
1291 920 1525 962 poenasque

84 988 265 1036 creatos3
315 999 391 1027 nec
422 979 570 1036 refert,
617 983 749 1026 scelus
782 984 892 1028 unde
925 984 1045 1027 cadat
1058 1002 1070 1036 3
1106 984 1240 1026 scelus
1274 1000 1360 1027 esse
1395 985 1525 1027 faten-

85 1063 228 1106 dum.”
250 1064 280 1120 ι)
327 1063 422 1120 Ipse
444 1068 584 1106 autem
607 1068 793 1118 „quanta
805 1096 817 1116 ‚
843 1064 1067 1116 exclamat,
1093 1069 1155 1106 est
1177 1063 1376 1106 scelerum
1399 1064 1526 1107 moles

85 1159 158 1200 per
193 1143 356 1186 saecula
404 1147 554 1186 cuncta
602 1157 810 1198 quamque
844 1157 946 1185 onus
979 1143 1162 1186 invidiae
1194 1159 1272 1186 non
1305 1144 1528 1186 excusabile

85 1222 204 1266 terris
216 1222 258 1265 !’'
323 1222 470 1265 Nihilo
507 1223 644 1265 minus
667 1222 810 1265 eodem
832 1222 922 1265 loco
946 1223 1084 1265 omnia
1105 1222 1258 1266 scelera
1280 1223 1378 1266 inde
1400 1223 1529 1281 expli-

86 1307 175 1356 cat,
216 1303 330 1358 quod
361 1303 607 1355 „hominum
641 1307 782 1359 gentes
815 1303 983 1345 inimica
1016 1308 1126 1345 sorte
1159 1305 1199 1359 (a
1232 1303 1360 1359 caelo)
1394 1304 1530 1346 ferun·

87 1382 202 1425 tur.''
224 1382 256 1439 ²)
320 1382 402 1425 Hic
434 1398 593 1435 rursus-³,
629 1387 675 1424 ut
708 1383 871 1439 saepius
903 1383 987 1425 iam
1010 1384 1300 1440 opportunitas
1323 1383 1420 1426 data
1441 1388 1526 1435 est,

36 1468 45 1477 ⁶
87 1462 458 1505 animadvertamus
490 1461 711 1505 Manilium
747 1463 1009 1518 quaestiones
1038 1463 1297 1519 gravissimas
1320 1463 1528 1506 interdum

88 1542 221 1586 obiter
251 1547 416 1585 tantum
438 1545 628 1585 tractare.
683 1542 788 1585 Cum
811 1542 977 1585 Socrate
1003 1543 1219 1586 hominum
1244 1558 1367 1598 quam
1391 1558 1528 1585 rerum

88 1617 219 1678 magis
251 1620 448 1664 debuerat
479 1621 646 1664 studere
679 1627 850 1664 naturae
884 1626 925 1664 et
957 1626 1136 1665 mentem
1165 1621 1378 1665 observare
1403 1637 1527 1678 quam

85 1700 260 1744 caelum.

150 1775 259 1823 Cum¹
302 1779 398 1823 talis
448 1784 554 1823 esset
586 1780 729 1836 itaque
763 1780 966 1837 cogitaret
999 1796 1083 1824 non
1116 1782 1267 1824 mirum
1301 1785 1363 1824 est
1397 1781 1531 1824 Mani-

86 1859 190 1902 lium
221 1875 359 1903 rerum
392 1860 756 1903 commutationem
770 1894 781 1913 ‚
827 1875 909 1916 qua
942 1860 1069 1904 libera
1102 1861 1334 1919 respublica
1367 1862 1530 1905 interiit

87 1943 128 1982 et
160 1941 378 1996 Augustus
410 1954 615 1982 summum
648 1940 868 1997 imperium
891 1940 1097 1993 obtinuit,
1113 1958 1203 1985 non
1227 1958 1347 1999 aegre
1368 1943 1528 1986 tulisse.

89 2018 173 2060 Pax
222 2018 263 2060 ei
305 2022 449 2075 optata
480 2023 591 2071 erat,
618 2018 647 2076 ³)
682 2020 942 2076 optatissima
975 2020 1051 2063 sub
1085 2022 1273 2079 principe
1307 2023 1528 2079 Augusto,

89 2097 162 2152 qui
196 2101 385 2150 ,3tantam
420 2122 481 2131 --
512 2098 704 2141 fiduciam
737 2099 814 2142 fati
845 2125 907 2132 -
938 2100 1111 2154 habuit,
1157 2106 1204 2144 ut
1237 2102 1377 2146 thema
1409 2119 1530 2146 suum

89 2176 319 2234 vulgaverit
350 2179 644 2235 nummumque
678 2183 923 2235 argenteum
956 2186 1057 2224 nota
1089 2181 1234 2225 sideris
1265 2183 1528 2240 Capricorni,

89 2271 171 2312 quo
203 2261 326 2301 natus
358 2262 443 2310 est,
478 2258 769 2315 percusserit.''
794 2260 827 2317 4)
878 2260 998 2304 Hanc
1031 2261 1083 2304 ob
1118 2277 1279 2306 causam
1305 2279 1390 2306 non
1414 2263 1529 2307 dubi-

87 2337 193 2380 tavit
241 2337 363 2380 deum
413 2338 702 2395 imperatorem
746 2339 967 2396 appellare.
1034 2340 1220 2385 Honores
1264 2348 1402 2386 tamen
1447 2360 1530 2387 non

89 2417 315 2473 appetivit,
365 2431 498 2472 neque
548 2417 715 2460 divitias
763 2434 889 2471 „cum
938 2421 1003 2462 sui
1051 2437 1198 2478 parvos
1251 2438 1350 2465 usus
1382 2428 1530 2467 natura

89 2495 301 2553 reposcat”
320 2496 367 2552 ε’);
390 2500 574 2539 veterum
597 2501 765 2540 tenuem
789 2499 946 2542 victum
970 2501 1099 2557 magis
1123 2501 1263 2544 laudat
1287 2518 1410 2558 quam
1433 2501 1529 2546 suae

137 2720 162 2759 ¹)
210 2722 270 2760 IV,
298 2724 359 2756 110
383 2734 473 2762 seqq.

136 2782 162 2822 2)
211 2785 263 2820 11,
288 2785 373 2820 592,
400 2786 459 2821 93,
485 2787 559 2816 601.

135 2842 161 2879 ³)
211 2846 246 2878 1,
271 2846 346 2876 922.

138 2903 163 2942 ⁴)
212 2907 300 2936 Suet.
325 2906 404 2943 Aug.
429 2907 470 2936 94
496 2907 528 2936 in
555 2908 626 2937 fine.

116 2964 164 3004 ,⁵5
213 2967 275 2997 lv.
303 2968 342 3002 83
370 2968 420 3002 ΙΙ,
449 2968 508 2997 145
534 2977 623 3006 seqq.
