1930 3320
908 251 1183 288 ...10-

315 372 500 427 syllaba:
531 371 553 410 I
580 373 631 411 35
657 370 891 411 veneranda
947 369 993 410 II
1023 371 1102 410 762
1130 369 1336 410 elementis
1388 369 1458 410 III
1492 370 1569 409 125
1598 367 1790 410 diutmi

315 441 392 480 130
435 438 608 490 specioso
667 439 748 479 434
800 437 1036 478 breviantur
1106 436 1147 478 V
1197 439 1276 478 257
1328 436 1587 489 hyacintho&
1654 436 1786 478 verba

313 506 610 563 pentasyllaba
653 505 697 546 in
741 509 933 547 extremo
974 504 1225 546 hexametro
1261 505 1442 559 legimus
1479 504 1608 545 haec:
1655 503 1678 544 I
1709 505 1790 545 354

319 574 531 625 Cassiepia
601 575 682 615 686
746 572 979 624 Cassiepiae
1055 572 1099 613 II
1164 573 1242 613 716
1297 572 1581 614 attribuuntur
1652 571 1692 613 V
1737 573 1789 612 97

317 641 690 693 Bellerophontem;
724 640 800 682 sed
822 640 1141 682 memorandum
1167 639 1334 681 videtur
1363 640 1494 682 verbo
1525 639 1790 696 polysyllabo

315 709 576 764 praecedere
621 708 964 763 monosyllabum
1007 708 1114 749 locis
1154 707 1244 748 his:
1288 707 1309 747 I
1349 709 1414 748 35.
1447 709 1540 750 354.
1598 707 1790 748 111125.

319 778 410 820 130.
443 778 538 819 434.

887 842 962 884 De
995 841 1240 883 caesuris.

430 922 489 964 Ut
539 922 651 978 apud
693 926 859 964 ceteros
910 926 1059 978 poetas
1108 921 1286 962 Latinos
1332 920 1393 961 ita
1429 919 1542 976 apud
1571 917 1794 961 Manilium

319 1005 592 1032 caesurarum
633 991 759 1046 longe
798 990 1078 1031 usitatissima
1118 993 1183 1030 est
1213 1002 1391 1030 caesura
1420 987 1794 1043 penthemimeres,

317 1059 371 1100 ad
412 1073 536 1114 quam
574 1073 706 1116 prope
744 1059 909 1101 accedit
950 1073 1001 1100 ea
1030 1057 1422 1114 hephthemimeres
1455 1056 1637 1112 species,
1669 1068 1795 1111 quam

317 1127 367 1168 L.
388 1127 573 1168 Mueller
603 1128 646 1168 in
675 1127 775 1168 libri
807 1127 858 1168 de
889 1141 934 1168 re
965 1127 1142 1168 metrica
1172 1140 1212 1181 p.
1239 1126 1316 1166 198
1347 1125 1483 1181 primo
1513 1125 1607 1166 loco
1638 1124 1794 1179 posuit,

317 1195 361 1236 id
403 1201 469 1238 est
508 1196 900 1252 hephthemimeres
942 1197 1187 1238 consociata
1225 1209 1320 1237 cum
1351 1194 1690 1250 penthemimere
1720 1194 1793 1245 ita,

321 1267 369 1305 ut
398 1267 498 1319 post
529 1268 719 1318 quartam
750 1264 893 1306 thesin
929 1264 1100 1306 finiatur
1139 1263 1371 1312 sententia3
1419 1276 1506 1304 non
1535 1262 1673 1303 minus
1704 1261 1795 1303 fere

322 1346 451 1387 saepe
484 1332 699 1373 invenitur
729 1346 780 1374 ea
811 1346 1015 1374 caesurae
1047 1331 1226 1387 species,
1258 1344 1384 1386 quam
1413 1330 1548 1372 habes
1578 1330 1640 1370 in:

521 1399 746 1452 infandum
770 1400 776 1456 l
802 1400 945 1454 reyina
971 1399 976 1454 Ι
1002 1399 1114 1441 iubes
1140 1399 1146 1454 1
1171 1411 1367 1440 renovare
1397 1397 1584 1440 dolorem.

321 1466 600 1522 Reliquorum
630 1483 832 1510 caesurae
863 1467 1256 1524 hephthemimeres
1287 1480 1493 1522 generum
1514 1478 1639 1507 usum
1660 1464 1793 1506 multo

322 1536 548 1578 artioribus
580 1537 734 1579 finibus
774 1537 1106 1593 circumscripsit
1135 1535 1359 1578 Manilius:
1397 1533 1799 1590 hephthemimeren

323 1618 419 1645 oum
450 1605 759 1647 trithemimere
792 1606 882 1647 sine
915 1618 1094 1647 caesura
1122 1603 1250 1645 tertia
1279 1603 1498 1644 trochaica
1519 1602 1797 1653 coniunctam,

323 1685 448 1727 quam
492 1672 540 1713 L.
573 1672 756 1714 Mueller
771 1672 803 1727 1)
850 1673 1104 1728 quadragies
1152 1671 1285 1713 octies
1331 1669 1443 1726 apud
1486 1669 1708 1711 Manilium
1754 1681 1799 1709 se

321 1739 537 1782 invenisse
569 1740 800 1792 contendit,
841 1755 920 1796 ego
951 1741 1017 1782 his
1050 1740 1244 1781 versibus
1276 1738 1556 1794 quadraginta
1586 1751 1664 1779 sex
1693 1736 1798 1791 legi:

322 1806 343 1848 I
375 1809 441 1850 31.
483 1809 574 1848 216.
619 1810 711 1850 316.
752 1810 846 1850 467.
885 1810 980 1850 546.
1019 1809 1114 1849 639.
1156 1809 1248 1849 660.
1281 1808 1374 1848 696.
1407 1807 1501 1847 913.
1532 1805 1578 1846 II
1607 1807 1674 1846 91.
1709 1805 1801 1844 145.

327 1877 418 1917 168.
441 1877 534 1918 218.
567 1877 661 1918 285.
694 1878 789 1918 382.
824 1879 918 1917 411.
951 1877 1045 1917 463.
1078 1877 1171 1916 476.
1203 1876 1297 1916 686.
1331 1875 1423 1915 748.
1455 1874 1550 1914 871.
1582 1874 1677 1914 905.
1708 1873 1802 1913 919.

323 1943 391 1984 III
423 1945 515 1985 129.
560 1946 652 1987 136.
697 1946 787 1986 182.
829 1946 923 1986 279.
964 1946 1057 1986 350.
1097 1946 1191 1985 404.
1229 1944 1323 1984 462.
1363 1942 1457 1983 568.
1489 1942 1584 1983 616.
1640 1939 1706 1987 IV
1737 1941 1801 1980 71.

325 2013 419 2054 306.
457 2013 550 2055 367.
588 2014 683 2055 404.
724 2014 819 2053 452.
854 2014 946 2056 459.
980 2014 1074 2054 482.
1106 2012 1201 2053 493.
1235 2013 1327 2052 769.
1386 2009 1427 2051 V
1457 2010 1552 2052 248.
1583 2009 1677 2050 306.
1708 2008 1803 2049 660.

325 2080 419 2120 693.
453 2080 544 2120 736.

436 2146 853 2203 Hephthemimeren
899 2147 1168 2188 coniunctam
1213 2159 1308 2187 cum
1348 2157 1524 2186 caesura
1559 2142 1686 2185 tertia
1714 2145 1802 2183 tro-

326 2214 474 2257 chaica
503 2215 708 2256 undecies
739 2214 853 2271 apud
873 2214 1096 2256 Manilium
1127 2211 1389 2269 deprehendi
1419 2211 1524 2253 locis
1546 2210 1635 2251 his:
1665 2208 1687 2249 I
1707 2210 1800 2249 510.

327 2285 424 2324 513.
449 2285 542 2324 565.
566 2285 661 2324 694.
721 2283 791 2324 III
822 2284 917 2326 639.
976 2282 1040 2324 IV
1071 2284 1163 2323 611.
1200 2283 1294 2322 621.
1326 2282 1419 2321 690.
1454 2280 1546 2320 761.
1580 2279 1672 2320 779.
1706 2278 1803 2325 781;

327 2351 370 2392 in
416 2351 526 2392 libro
573 2351 759 2393 secundo
805 2352 994 2406 itemque
1041 2351 1085 2391 in
1130 2349 1239 2390 libro
1287 2347 1432 2403 quinto
1479 2347 1569 2388 eius
1602 2357 1803 2387 caesurae

327 2419 489 2460 nullum
521 2420 765 2474 exemplum
795 2419 970 2461 memini
1003 2433 1070 2460 me
1101 2419 1260 2472 legere.
1341 2415 1556 2457 (laesurae
1593 2412 1805 2469 hephthe-

327 2487 528 2529 mimeres
576 2501 670 2528 cum
713 2487 831 2528 nulla
877 2488 961 2528 alia
1003 2499 1181 2528 caesura
1220 2485 1470 2526 coniunctae
1502 2482 1663 2524 nullum
1694 2479 1806 2536 apud

328 2553 550 2596 Manilium
593 2558 712 2596 extat
753 2555 1017 2611 exemplum;
1059 2553 1250 2596 eiusdem
1282 2553 1645 2601 caesuraesexta
1675 2547 1807 2605 (apud

328 2623 377 2666 L.
408 2621 684 2678 Muellerum)
718 2623 885 2678 species
919 2622 1055 2664 semel
1085 2635 1110 2663 a
1139 2621 1316 2662 Manilio
1346 2623 1550 2675 usurpata
1581 2621 1666 2660 est:

328 2700 373 2742 II
394 2703 488 2743 221.
518 2699 627 2743 Sunt
643 2700 790 2753 quibus
805 2712 888 2742 esse
908 2699 912 2755 Ι
927 2700 1083 2742 diurna
1100 2699 1104 2755 Ι
1120 2700 1263 2752 placet,
1278 2698 1290 2755 [Ι
1307 2711 1409 2751 quae
1424 2696 1607 2740 mascula
1622 2696 1806 2748 smyant.

424 2826 450 2869 ¹)
475 2824 519 2858 de
542 2835 580 2858 re
602 2823 754 2859 metrica
778 2835 813 2868 p.
837 2823 913 2858 202.
