1936 3392
1111 234 1175 280 48

465 386 627 426 navium
658 390 851 435 rectores,
884 385 1112 434 naucleros,
1146 383 1305 424 navalia
1336 383 1440 424 bella
1471 389 1671 435 amantes3
1706 385 1832 427 Orion

464 462 643 504 sollertes
690 463 864 511 animos,
914 461 1064 502 velocia
1113 475 1277 515 corpora
1315 464 1409 502 cett.
1474 461 1752 516 Copiosissime
1784 462 1833 503 de

465 538 719 580 Andromeda
761 538 907 592 agitur.
935 538 961 590 ¹)
1024 536 1211 590 Denique
1255 536 1304 576 de
1336 536 1512 577 siderum
1542 538 1652 578 varia
1682 538 1834 592 magni·

462 614 604 655 tudine
636 613 809 655 breviter
841 613 999 654 disserit
1030 615 1163 667 poeta.
1187 610 1218 666 2)

523 687 667 742 Neque
688 688 897 739 Lucretio,
929 702 1060 742 neque
1081 686 1282 741 Vergilio,
1318 701 1447 740 neque
1470 687 1638 729 Manilio
1660 688 1832 743 contigit

463 769 509 806 ut
530 779 629 820 opus
651 769 901 820 susceptum,
925 779 995 819 per
1017 763 1177 818 longam
1191 753 1336 804 seriem
1354 777 1549 804 annorum
1565 763 1827 814 elaboratum,

461 840 511 881 ad
543 841 662 881 finem
693 840 978 895 perducerent3
1013 839 1243 879 ceciderunt
1275 853 1411 879 omnes
1443 841 1535 879 ante
1565 838 1682 880 diem.
1746 838 1831 880 Ma-

460 917 552 959 nilii
599 933 698 973 opus
739 932 820 958 non
863 932 947 958 esse
988 917 1209 971 perfectum
1249 931 1297 957 ex
1338 916 1410 966 iis,
1459 930 1561 971 quae
1591 916 1678 971 ipse
1710 916 1830 968 dicit,

461 1000 626 1051 apparet·
656 994 702 1036 II
735 997 846 1036 958:
912 994 1030 1045 „Tali
1063 993 1138 1036 sub
1161 994 1250 1050 lege
1271 995 1470 1036 notandae
1492 981 1734 1050 templorum
1753 992 1831 1036 tibi

460 1068 556 1114 sunt
586 1072 711 1122 vires,
745 1086 846 1125 quae
878 1070 1056 1126 pervolat
1088 1070 1217 1112 omnis
1239 1075 1437 1112 astrorum
1458 1070 1603 1122 series,
1636 1070 1830 1125 ducitque

459 1151 500 1188 et
541 1146 764 1188 commodat
804 1147 885 1188 illis
933 1148 1018 1202 ipsa
1061 1161 1151 1187 suas
1182 1145 1312 1200 leges,
1361 1145 1581 1200 stellaeque
1611 1161 1660 1188 ex
1678 1145 1830 1188 *ordine

460 1227 566 1264 certo
579 1255 590 1273 ,
623 1226 670 1264 ut
701 1227 846 1264 natura
868 1222 989 1273 sinit,
1022 1222 1197 1264 lustrant
1219 1222 1428 1276 variasque
1450 1222 1629 1263 locorum
1651 1221 1831 1264 efficiunt

459 1300 585 1349 vires,
635 1303 854 1352 utcumque
902 1298 1033 1340 aliena
1069 1302 1283 1354 capessunt
1315 1313 1462 1353 regna,
1510 1301 1550 1339 et
1581 1297 1624 1339 in
1656 1297 1830 1340 externis

458 1376 673 1418 subsidunt
713 1377 872 1432 hospita
909 1377 1059 1418 castris.
1125 1376 1236 1417 Haec
1267 1375 1364 1416 mihi
1395 1376 1462 1417 sub
1493 1379 1598 1417 certa·
1627 1375 1830 1417 stellarum

459 1454 501 1507 (i.
536 1469 570 1494 6.
603 1453 870 1509 planetarum)
890 1457 1008 1507 parte
1030 1452 1244 1494 canentur”
1257 1469 1269 1503 ς
1305 1453 1413 1506 quod
1434 1452 1675 1508 promissum
1695 1456 1830 1494 tamen

460 1544 540 1570 non
573 1529 692 1571 solvit
723 1533 853 1585 poeta.
873 1529 1054 1571 —Item
1086 1529 1178 1580 III,
1217 1531 1323 1572 155:
1358 1530 1432 1580 „Si
1463 1529 1564 1572 bene
1591 1529 1831 1572 convenient

461 1605 602 1646 stellae
639 1620 710 1660 per
741 1606 858 1661 signa
889 1609 1115 1660 sequentes.
1180 1604 1363 1657 Quarum
1395 1620 1469 1661 ego
1500 1605 1697 1662 posterius
1728 1605 1832 1646 vires

460 1684 502 1724 in
534 1687 752 1737 utrumque
784 1683 955 1725 valentis
987 1683 1126 1725 ordine
1159 1683 1234 1725 sub
1267 1687 1375 1725 certo
1402 1683 1588 1734 reddam,
1622 1676 1714 1725 e'uin
1734 1697 1830 1739 pan-

461 1762 552 1803 dere
585 1777 722 1803 earum
754 1762 945 1818 incipiam
977 1763 1140 1803 effectus
1151 1779 1163 1812 ;
1197 1777 1305 1803 nunc
1342 1777 1392 1803 ne
1413 1762 1610 1818 permixta
1630 1761 1829 1816 legentem

458 1839 747 1891 confundant’'‚
791 1844 910 1890 cett.;
943 1844 983 1881 et
1026 1839 1118 1890 III,
1165 1842 1275 1882 586:
1309 1839 1416 1891 „Sed
1450 1839 1550 1881 mihi
1586 1839 1828 1894 templorum

459 1922 618 1960 tantum
650 1933 759 1960 nunc
791 1919 879 1959 iura
910 1922 1129 1968 canentum
1163 1933 1256 1959 mox
1277 1919 1412 1960 veniet
1435 1919 1612 1959 mixtura
1633 1917 1716 1959 suis
1737 1931 1829 1958 cum

459 1994 609 2036 viribus
657 1995 785 2036 omnis
794 2012 807 2045 3
856 2009 946 2035 cum
993 1995 1093 2036 bene
1139 1995 1325 2036 materies
1371 1994 1529 2036 steterit
1566 2009 1636 2050 per
1668 1993 1830 2055 cognita

456 2086 611 2122 rerum,
644 2086 725 2112 non
756 2071 1003 2126 interpositis
1024 2070 1254 2112 turbabitur
1274 2071 1455 2125 undique
1475 2068 1702 2112 membris.”
1727 2069 1829 2124 ³)—

457 2147 592 2189 Etiam
638 2146 740 2188 liber
770 2147 922 2202 primus
954 2162 1034 2188 non
1067 2146 1275 2188 absolutus
1307 2147 1479 2188 videtur.
1543 2146 1605 2187 De
1636 2145 1828 2201 signifero

457 2228 499 2264 et
546 2223 594 2264 de
641 2222 814 2278 planetis
825 2253 837 2273 ,
887 2237 990 2276 quae
1033 2224 1245 2278 praecipue
1277 2222 1490 2277 astrologis
1520 2221 1684 2263 maximi
1716 2225 1829 2263 erant

457 2300 674 2349 momenti,
723 2303 806 2341 tam
854 2314 982 2354 pauca
1029 2299 1192 2349 scribit,
1237 2303 1284 2341 ut
1326 2314 1398 2355 pro
1429 2299 1488 2340 161
1519 2299 1740 2354 gravitate,
1787 2301 1828 2338 et

457 2375 702 2430 reliquorum
755 2375 929 2416 siderum
983 2375 1250 2430 descriptione
1307 2389 1400 2417 cum
1456 2376 1531 2416 hac
1577 2378 1825 2430 comparata,

458 2453 640 2509 neglecta
660 2453 885 2495 videantur.
951 2452 1004 2494 Et
1025 2457 1158 2494 tamen
1181 2457 1352 2507 utraque
1373 2457 1414 2494 et
1445 2452 1627 2508 signiferi
1649 2453 1765 2508 signa
1785 2456 1826 2494 et

457 2532 637 2588 planetas
658 2547 699 2573 se
731 2535 943 2573 canturam
977 2531 1096 2572 dicit:
1131 2530 1285 2581 „Nunc
1315 2530 1389 2572 tibi
1423 2531 1632 2586 signorum
1653 2530 1826 2572 lucentis

457 2607 638 2661 undique
649 2608 825 2649 flammas
841 2605 1050 2648 ordinibus
1065 2607 1182 2647 certis
1190 2607 1368 2657 referam,
1378 2607 1629 2662 primumque
1635 2610 1827 2648 canentur

500 2735 524 2774 ι)
570 2737 750 2767 538—631.

499 2792 524 2831 ²)
571 2795 749 2825 711-745.
782 2823 785 2826 .

499 2847 525 2887 3)
571 2849 685 2885 Scalig.
710 2849 830 2885 Proleg.
854 2858 884 2886 p.
909 2850 943 2884 4,
967 2849 1073 2884 Pingr.
1097 2857 1168 2885 pag.
1192 2848 1275 2878 VIII.
