1930 3320
958 284 1211 325 ·—-66—-

402 377 463 413 Ru
477 386 567 412 rsus
592 376 631 410 et
652 372 863 410 desinente
884 371 1068 422 ejusdem
1085 371 1179 410 libri
1200 372 1368 411 exordio
1390 385 1399 412 :

552 484 628 517 Hoc
643 481 741 532 vmihi
758 481 877 527 surgit
899 491 993 528 opus
1013 493 1082 518 ηοη
1102 483 1187 518 ullis
1207 485 1291 518 ante
1313 485 1499 518 sacratum

555 533 789 569 Carminibus
811 535 843 571 ¹.

420 643 499 680 Nec
520 640 616 679 satis
636 640 678 678 id
704 639 952 678 illustratum
976 639 1210 688 arbitratur,
1239 644 1364 692 utque
1390 640 1512 679 altius
1539 640 1579 678 in
1609 637 1834 689 legentium

368 706 529 744 animos
550 704 649 742 illud
671 703 857 749 incutiat,
880 703 973 742 inde
994 703 1207 742 exordium
1228 704 1395 742 secundi
1415 704 1508 742 libri
1527 703 1665 742 sumit.
1685 703 1731 741 In
1751 713 1834 753 quo

369 772 544 808 tractata
558 767 806 818 vulgataque
825 767 875 805 ab
894 768 1071 806 Homero
1092 771 1132 806 et
1151 768 1325 806 Hesiodo
1346 772 1386 806 et
1406 767 1623 806 Theocrito
1640 769 1680 805 et
1697 765 1835 804 multis

368 832 459 872 aliis
480 835 696 879 memorat,
717 834 762 869 ut
783 830 885 868 nihil
906 830 991 869 triti
1011 835 1050 869 et
1072 831 1245 882 expositi
1266 843 1290 869 a
1315 843 1356 869 se
1380 831 1499 881 prodi
1524 829 1832 881 perspiciamUS,

369 896 564 947 additque
585 896 674 934 haec
695 895 735 933 in
756 894 958 933 honorem
980 894 1074 933 novi
1096 894 1206 945 quod
1227 894 1406 945 explicat
1425 893 1572 946 operis,

558 1004 676 1039 Omne
698 1014 814 1049 genus
833 1013 957 1037 rerum
979 1003 1097 1037 doctae
1119 1002 1284 1037 cecinere
1303 1012 1474 1044 sorores·,

555 1055 684 1091 Omnis
705 1056 752 1090 ad
773 1066 946 1090 accessus
967 1055 1151 1090 Heliconis
1169 1054 1303 1089 semita
1322 1054 1409 1090 trita
1430 1056 1501 1097 est,

556 1108 600 1142 Et
617 1108 696 1152 jam
718 1106 860 1141 confusi
881 1108 1040 1140 manant
1059 1106 1103 1140 de
1122 1106 1288 1140 fontibus
1310 1116 1451 1149 amneS‚

555 1159 629 1194 Nec
649 1159 801 1204 capiunt
820 1159 998 1193 haustum
1017 1158 1243 1203 turbamque
1263 1158 1311 1192 ad
1332 1160 1422 1192 nota
1441 1159 1626 1191 ruentem.

555 1211 697 1254 lnteqra
717 1220 929 1255 quaeramus
949 1211 1116 1244 rorantes
1135 1212 1243 1255 prata
1264 1219 1328 1254 per
1347 1208 1495 1252 herbas,

555 1261 777 1306 Undamque
795 1262 938 1296 occultis
959 1261 1205 1295 meditantem
1223 1271 1396 1295 murmur
1415 1260 1452 1295 in
1470 1259 1603 1304 antris,

556 1314 670 1354 Quam
683 1322 796 1357 neque
816 1313 944 1347 durato
966 1316 1157 1356 qustarunt
1172 1323 1231 1347 ore
1249 1313 1419 1354 volucres,

554 1366 634 1409 Ipse
653 1375 714 1399 nec
734 1365 881 1399 aethereo
901 1364 1050 1398 Phoebus
1072 1364 1235 1398 libaverit
1255 1366 1343 1406 iyni.

553 1419 684 1454 Nostra
703 1417 857 1462 loquar;
879 1417 974 1451 nulli
992 1418 1118 1450 vatum
1137 1415 1359 1451 debebimus
1379 1427 1460 1459 ora,

555 1471 627 1506 Nec
647 1471 799 1512 furtum,
821 1468 886 1503 sed
905 1479 998 1513 opus
1018 1468 1152 1511 veniet,
1173 1469 1315 1513 soloque
1335 1469 1504 1503 volamus

554 1522 596 1556 In
616 1521 747 1556 caelum
767 1531 893 1564 curru,
906 1522 1061 1565 propria
1079 1522 1159 1555 rate
1179 1520 1355 1566 pellimus
1376 1519 1494 1554 undas
1516 1519 1543 1554 ².

421 1625 493 1663 Hic
520 1624 622 1663 alius
644 1624 742 1662 satis
762 1623 916 1663 dictum
938 1627 1101 1674 putaret
1124 1636 1132 1662 :
1155 1623 1227 1661 sed
1247 1635 1329 1662 non
1351 1622 1409 1661 ita
1435 1626 1576 1661 nostro
1602 1621 1734 1661 visum
1760 1624 1835 1660 est.

367 1690 522 1728 lterum
542 1688 668 1739 igitur
688 1688 738 1725 ab
760 1687 903 1726 eadem
924 1687 1129 1726 cantilena
1149 1687 1291 1725 tertius
1313 1686 1416 1724 liber
1437 1685 1580 1737 incipit
1600 1695 1609 1724 :

554 1799 595 1833 In
615 1808 707 1833 nova
726 1799 941 1843 surgentem
962 1797 1183 1843 maj0raque
1203 1795 1339 1831 viribus
1359 1805 1508 1838 ausum,

557 1850 630 1884 Nec
650 1859 717 1895 per
735 1850 930 1884 inaccessos
949 1850 1182 1883 metuentem
1200 1847 1379 1883 invadere
1400 1846 1527 1884 saltus.

551 1900 695 1945 Ducite,
717 1901 894 1937 Pierides,
920 1902 1060 1938 Vestros
1081 1900 1267 1935 eaetendere
1288 1901 1374 1944 fines

558 1952 682 1988 Conor
701 1955 740 1988 et
759 1953 892 1999 dignos
910 1952 948 1988 in
969 1953 1134 1987 carmina
1155 1952 1291 1987 ducere
1311 1954 1443 1986 cantus
1464 1950 1491 1985 ³.

423 2056 608 2107 Tumque
627 2069 667 2095 se
686 2069 758 2096 nec
779 2057 1037 2107 Giganteum‚
1060 2068 1134 2096 nec
1155 2056 1381 2107 Trojanum
1400 2055 1569 2101 bellum,
1586 2065 1660 2093 nec
1677 2052 1841 2093 Jasonis

369 2118 493 2171 facta,
513 2119 706 2160 Cadmive
724 2124 931 2171 septemve
952 2120 1101 2159 ducum
1122 2119 1392 2171 OEdipodisve
1409 2119 1584 2166 fabulas,
1599 2130 1675 2157 nec
1693 2117 1839 2156 Persa-

371 2195 463 2221 rum
480 2183 616 2223 clades
637 2187 707 2223 aut
726 2184 949 2223 Alexandri
969 2184 1159 2224 victorias
1179 2195 1324 2222 canere
1346 2195 1430 2235 prae
1451 2195 1492 2221 se
1513 2181 1611 2229 fert;
1634 2182 1840 2220 Romanas

370 2246 494 2286 etiam
518 2260 595 2296 reS,
615 2251 660 2287 ut
680 2247 894 2299 vulgatum
919 2247 1072 2303 aliquid
1094 2251 1134 2286 et
1152 2246 1286 2296 facile,
1306 2249 1550 2297 aspernatur
1574 2245 1600 2284 ⁴.

413 2311 547 2361 Atque
558 2311 746 2362 equidem
758 2311 990 2351 Lucretium
1005 2322 1167 2362 quoque
1183 2309 1350 2349 memini
1363 2309 1471 2348 idem
1487 2309 1570 2347 fere
1582 2307 1810 2360 professum
1827 2319 1836 2346 :

1370 2411 1447 2436 acrl

557 2453 740 2488 Percussit
758 2453 889 2499 thyrso
909 2453 1030 2489 laudis
1051 2463 1136 2499 spes
1155 2463 1298 2499 magna
1316 2463 1445 2488 meum
1462 2462 1538 2496 cor,

558 2505 604 2539 Et
623 2504 734 2540 simul
755 2505 912 2540 incussit
932 2516 1087 2541 suavem
1106 2505 1158 2540 mi
1178 2505 1217 2540 in
1238 2507 1369 2552 pectus
1389 2515 1562 2540 amorem

415 2609 443 2639 1.
464 2607 614 2646 Astron„
634 2610 660 2648 I,
684 2610 754 2641 113.

414 2655 446 2686 2.
464 2653 563 2692 Ibid.,
582 2655 625 2694 ΙΙ,
645 2657 752 2687 49-59.

415 2700 444 2732 3.
467 2700 567 2738 Ibid„
597 2701 652 2739 ΙΙΙ,
683 2703 743 2733 1-4.
773 2720 812 2726 -
837 2702 957 2739 conor,
986 2704 1018 2734 et
1054 2702 1176 2743 diqnos
1205 2712 1217 2734 :
1245 2703 1295 2735 sic
1318 2703 1482 2743 Jacobus‚
1508 2702 1648 2735 codices
1685 2702 1843 2739 secutus,

373 2746 614 2780 Gemblacensi
633 2750 791 2790 excepto,
813 2750 872 2791 qui
893 2749 1038 2790 irriyuos
1058 2750 1172 2782 affert.

415 2795 445 2826 4.
465 2793 565 2832 Ibid.,
585 2794 643 2835 ΙΙΙ,
665 2795 750 2827 5-26.
