1910 3250
725 267 1006 310 -71-

130 397 279 437 riorem
306 407 424 446 quam
441 394 597 434 Aratea
623 404 722 443 esse,
750 392 785 432 si
816 390 980 430 aliunde
1008 390 1067 442 (p.
1095 390 1164 441 43)
1193 388 1386 429 certiores
1410 385 1605 438 temporis

130 466 285 504 numeri
303 464 422 504 nobis
443 460 784 513 suppeditantur?
817 460 941 500 Ultra
959 471 1112 511 pacem,
1133 470 1251 509 quam
1269 458 1320 497 ab
1338 456 1489 497 Ovidio
1506 453 1605 495 Ger-

129 534 287 574 manico
302 532 478 572 Manilio
495 531 635 580 aequis
650 530 840 580 deinceps
856 528 1046 568 laudibus
1061 529 1120 567 ita
1134 527 1411 579 praedicatam
1427 524 1605 564 ostendi-

127 614 228 652 mus,
255 606 302 641 ut
327 613 500 649 carmen,
526 599 575 638 de
605 610 685 648 quo
716 599 995 648 quaestionem
1022 597 1286 646 instituimus,
1313 597 1509 634 aestatem
1535 593 1603 632 ab·

127 670 224 710 hinc
255 670 352 709 anni
380 669 434 708 U.
461 681 494 708 c.
523 670 598 709 770
626 679 816 718 superare
844 679 927 706 non
954 667 1100 716 possit,
1134 665 1239 704 nihil
1267 675 1434 716 prorsus
1461 675 1513 703 ex
1539 662 1604 702 his

127 739 263 791 poetis
296 738 484 778 eruimus.
544 737 615 776 Ad
650 736 903 775 coniecturas
938 747 1035 774 vero
1070 734 1279 785 progressi
1313 732 1531 772 Manilium
1564 735 1606 771 et

130 807 410 848 Germanicum
437 806 708 857 probabamus
740 805 880 844 eodem
908 805 990 844 fere
1009 808 1190 854 tempore
1210 804 1252 842 in
1270 803 1455 842 facienda
1475 805 1605 841 astro-

129 877 267 928 logica
292 879 482 927 poemata
509 874 753 923 incubuisse,
781 874 887 913 hunc
912 877 1046 912 autem
1074 884 1162 912 cum
1183 873 1256 911 illo
1275 872 1430 923 primos
1449 874 1606 910 tantum

129 945 191 985 sni
219 944 356 996 operis
384 955 524 983 versus
554 943 639 982 sive
665 947 945 992 argumentum
965 942 1259 991 consiliumque
1278 940 1605 989 communicasse,

127 1015 282 1064 hacque
309 1014 359 1053 de
386 1025 429 1052 re
457 1014 499 1052 in
523 1014 662 1053 orbem
683 1012 798 1062 quasi
819 1011 1092 1061 volvebamur,
1120 1023 1208 1050 cum
1226 1009 1443 1050 Manilium
1459 1008 1606 1047 Astro—

128 1083 287 1123 nomica
317 1086 575 1134 perorantem
602 1081 847 1120 Arateorum
874 1092 1087 1120 memorem
1114 1082 1335 1131 propterea
1360 1078 1605 1127 dicebamus,

126 1152 237 1202 quod
271 1163 361 1191 eum
394 1150 715 1202 prooemiantem
748 1151 867 1188 huius
901 1149 1091 1189 carminis
1121 1161 1291 1199 gnarum
1318 1147 1442 1186 fuisse
1470 1146 1604 1185 crede-

125 1222 278 1260 bamus.
321 1219 431 1270 Quid
460 1219 554 1258 inde
580 1219 784 1258 redundat
809 1219 860 1257 ad
886 1231 971 1258 rem
995 1219 1115 1257 nobis
1133 1215 1414 1269 propositam?
1458 1214 1604 1264 Quam—

125 1289 197 1329 diu
224 1290 379 1329 debilia
405 1289 609 1328 debilibus
638 1289 697 1328 ita
723 1289 881 1338 fulcire,
908 1292 953 1327 ut
981 1299 1062 1326 uno
1082 1287 1272 1336 adempto
1293 1286 1429 1325 omnia
1448 1297 1496 1324 ne
1517 1296 1604 1324 cor-

125 1362 247 1398 ruant
273 1358 498 1409 periculum
525 1359 591 1407 sit,
619 1358 661 1396 in
690 1358 825 1396 animo
854 1357 944 1397 est?
974 1379 1022 1385 —
1050 1356 1165 1395 Haec
1186 1367 1233 1394 ac
1252 1355 1402 1395 similia
1419 1354 1604 1404 quisquis

126 1427 206 1467 iam
239 1439 300 1466 me
335 1427 661 1477 interrogaturus
696 1431 771 1476 est,
805 1427 844 1466 ei
878 1438 965 1466 mea
997 1430 1142 1477 sponte
1171 1425 1366 1464 confiteor
1393 1423 1513 1463 modo
1542 1434 1604 1463 me

127 1497 376 1547 significasse
403 1496 674 1545 cogitationes
694 1508 774 1545 eas,
804 1507 905 1544 quae
924 1507 1013 1534 cum
1032 1495 1207 1534 animum
1225 1506 1353 1533 meum
1371 1493 1606 1542 subiissent,

126 1565 221 1605 inde
248 1577 355 1604 nova
381 1565 430 1603 de
449 1565 625 1604 Manilio
645 1567 698 1615 et,
728 1570 923 1615 quantum
940 1564 1125 1614 equidem
1144 1564 1242 1612 scio,
1269 1562 1455 1602 inaudita
1474 1562 1604 1612 suspi-

125 1634 190 1673 cio
225 1638 369 1673 coorta
402 1638 475 1672 est.
533 1633 647 1683 Quae
679 1634 770 1684 ipsa
798 1635 832 1673 si
860 1633 1104 1683 conquisitis
1131 1633 1320 1682 protinus
1348 1644 1372 1670 a
1399 1643 1459 1671 me
1486 1643 1605 1682 argu-

124 1702 272 1743 mentis
298 1702 559 1742 extrinsecus*
578 1703 636 1741 ita
656 1703 805 1742 firmari
825 1702 1020 1754 potuerit,
1048 1706 1094 1740 ut
1112 1702 1163 1740 ad
1182 1701 1393 1740 veritatem
1413 1705 1604 1751 emergat,

125 1784 214 1811 cum
240 1771 407 1811 meliore
432 1771 520 1810 luce
541 1772 676 1811 omnia
694 1771 992 1822 adspergentur
1011 1775 1095 1810 tum
1114 1770 1163 1809 de
1184 1770 1438 1820 singulorum
1454 1769 1603 1809 Astro-

125 1840 314 1880 nomicon
348 1839 545 1880 librorum
579 1841 697 1879 annis
733 1853 815 1880 non
852 1840 1003 1880 frustra
1030 1843 1259 1889 quaeretur.
1313 1839 1476 1878 Etenim
1505 1851 1604 1889 quas

122 1921 190 1948 res
223 1908 276 1948 ad
310 1920 396 1948 eam
430 1909 775 1949 corroborandam
809 1910 1021 1960 aptissima
1056 1920 1144 1948 esse
1177 1920 1334 1958 censeo,
1369 1920 1419 1947 ex
1447 1908 1605 1948 iisdem-

124 1977 160 2016 si
194 1977 273 2017 tibi
299 1977 532 2028 placebunt,
566 1978 739 2029 primum
766 1979 884 2017 facile
912 1989 1147 2028 cognosces,
1181 1978 1250 2027 qui
1278 1978 1375 2017 anni
1402 1978 1530 2018 libros
1558 1978 1603 2017 II

125 2050 166 2085 et
183 2045 247 2085 IV
274 2046 456 2097 tulerint,
483 2046 631 2086 deinde
651 2047 854 2098 appositis
873 2047 938 2097 iis,
967 2059 1069 2097 quae
1097 2058 1221 2097 supra
1239 2047 1476 2098 monstravi,
1505 2051 1602 2088 tem-

126 2114 241 2164 po‘ris
269 2115 432 2155 indiciis
460 2116 619 2156 ratione
646 2120 688 2155 et
714 2116 780 2154 via
806 2119 1032 2156 ceterorum
1060 2127 1220 2166 quoque
1239 2117 1436 2156 librorum
1455 2118 1602 2156 aetatis

124 2183 223 2223 fines
251 2184 412 2236 efficies,
441 2189 486 2223 ut
514 2185 614 2223 satis
641 2185 762 2235 plane
791 2185 986 2225 eluceant.

228 2252 351 2292 Prius
392 2254 520 2304 igitur
563 2266 681 2303 quam
721 2255 771 2293 de
800 2255 863 2305 iis,
905 2266 1007 2305 quae
1047 2255 1125 2294 hoc
1159 2255 1293 2305 capite
1327 2255 1600 2307 continentur,

124 2321 318 2362 iudicium
352 2323 435 2373 fiat,
470 2323 675 2363 videamus
709 2323 758 2363 de
792 2324 1070 2363 recentissima
1104 2324 1178 2363 illa
1212 2324 1445 2376 suspicione
1477 2337 1523 2364 ac
1549 2325 1600 2365 de

125 2390 212 2431 eius
241 2392 547 2442 probabilitate.
