1910 3250
705 273 987 313 ..81-

101 409 229 449 usque
255 397 308 436 ad
334 398 515 447 mortem,
545 408 645 446 quae
673 409 708 436 a.
737 396 775 435 d.
805 395 880 435 VI.
921 394 984 433 Id.
1014 392 1105 433 Oct.
1135 391 1245 443 (Kal.
1263 390 1440 443 Antiat.)
1469 403 1576 430 anno

101 468 176 507 '7¹72
202 466 365 515 accidit,
401 466 576 504 omnium
604 466 786 516 gentium
813 463 935 503 saluti
963 466 1078 502 tanta
1105 461 1322 512 diligentia
1348 460 1577 512 prospexit,

100 537 148 575 ut
185 533 404 586 plurimum
443 535 552 585 apud
585 546 652 573 eas
686 533 931 573 auctoritate
965 532 1136 571 valeret:
1179 542 1315 570 omnes
1350 531 1494 570 habuit
1526 530 1578 569 ad

101 617 216 645 suum
242 604 372 655 ipsius
400 603 614 642 arbitrium
643 605 683 642 et
710 607 851 641 nutum
871 614 911 641 se
933 601 1280 640 accommodantes
1300 600 1439 650 potius
1460 611 1579 649 quam

100 673 280 712 absentis
311 673 524 723 principis,
560 673 627 722 qui
656 676 807 710 motum
837 671 1045 711 Orientem
1073 683 1155 708 non
1183 681 1305 720 posse
1332 669 1471 719 pacari
1499 669 1579 707 nisi

102 740 333 782 Germanici
374 742 577 792 sapientia
610 741 689 780 iam
722 741 880 791 pridem
917 739 996 778 sibi
1030 743 1299 789 persuaserat.
1365 738 1493 787 Quem
1527 737 1579 776 ad

101 814 287 859 eventum
321 796 604 850 celebrandum
637 809 750 848 nulla
785 820 951 858 usquam
985 811 1055 846 aut
1081 806 1245 846 brevior
1272 810 1343 846 aut
1369 807 1580 857 pulchrior

100 878 302 930 reperitur
336 879 424 918 laus
454 890 571 928 quam
598 878 641 916 in
668 877 968 917 Astronomicis
996 876 1173 916 Manilii.
1226 876 1347 915 Adde
1377 876 1486 925 quod
1514 875 1580 914 hic

98 950 224 999 poeta
262 952 424 999 praeter
458 947 790 987 consuetudinem
824 947 1006 997 priorum
1040 949 1253 996 poetarum
1289 944 1468 994 Parthis,
1510 944 1580 993 qui

101 1017 304 1057 voluntati
332 1015 563 1056 Germanici
590 1016 774 1055 obsecuti
804 1018 910 1064 sunt,
945 1014 1102 1064 aliquid
1130 1013 1287 1064 gloriae
1316 1014 1506 1053 attribuit
1535 1013 1576 1052 in

99 1086 239 1127 eodem
268 1090 411 1136 quarto
440 1087 547 1125 libro
576 1085 760 1124 versibus
787 1086 874 1124 803.
903 1086 997 1123 804:

233 1161 394 1207 „Magna
418 1161 517 1196 iacet
539 1161 648 1197 tellus
673 1160 816 1206 magnis
843 1159 1072 1195 circumdata
1097 1158 1191 1204 ripis

236 1218 382 1256 Parthis
408 1221 447 1254 et
471 1218 525 1254 ab
550 1218 739 1254 Parthis
764 1217 966 1253 domitae
991 1228 1058 1263 per
1082 1216 1233 1252 saecula
1257 1215 1457 1261 gentes“‚

98 1297 142 1334 at
176 1293 453 1345 Cappadoces,
494 1305 664 1343 quorum
706 1305 874 1343 regnum
913 1292 1159 1331 clarissimus
1202 1291 1271 1330 ille
1306 1290 1389 1328 dux
1423 1289 1576 1330 crebris

98 1363 217 1403 factis
252 1363 523 1403 seditionibus
558 1363 599 1400 in
631 1362 868 1413 provinciae
903 1362 1072 1401 formam
1099 1360 1281 1410 redigere
1310 1363 1474 1398 coactus
1502 1362 1578 1409 est,

98 1443 183 1472 non
208 1432 353 1472 leviter
381 1431 615 1481 obiurgavit
641 1430 791 1470 ibidem
819 1442 936 1470 versu
966 1433 1062 1470 760:

287 1499 499 1546 „Nemeaeo
523 1499 654 1546 potiris
680 1526 688 1535 .
711 1527 719 1536 .
744 1510 884 1545 regno
910 1498 1054 1542 ferocji
1080 1497 1380 1544 Cappadocum“.

100 1570 258 1620 Quibus
278 1570 434 1610 cunctis
454 1570 757 1619 animadversis,
784 1569 982 1607 neminem
1001 1567 1125 1606 alium
1145 1567 1225 1606 nisi
1246 1566 1459 1607 Caesarem
1480 1564 1578 1605 Ger·

96 1640 296 1680 manicam
324 1653 348 1679 a
366 1640 540 1679 Manilio
570 1639 760 1679 laudibus
789 1638 894 1677 affici
923 1649 998 1686 ego
1029 1636 1190 1686 quidem
1219 1649 1302 1675 non
1326 1635 1359 1675 is
1381 1647 1479 1685 sum,
1509 1634 1578 1684 qui

68 1743 74 1748 .
98 1713 162 1750 sat
185 1709 400 1761 probabile
429 1721 515 1749 esse
544 1720 697 1758 negem.
740 1706 854 1745 Haec
880 1717 957 1755 reS,
986 1706 1020 1744 si
1050 1705 1211 1755 quidem
1240 1704 1524 1744 Germanicum
1553 1715 1577 1741 a

97 1778 228 1819 Libra
255 1779 441 1830 genitum
474 1790 562 1818 esse
596 1780 717 1816 antea
744 1775 892 1826 reetee)
929 1775 1156 1825 statuimus,
1193 1774 1355 1814 vide-tur
1383 1772 1578 1813 mehercle

97 1859 228 1899 prope
255 1847 481 1888 manifesta.

198 1917 301 1957 Inde
327 1917 450 1957 etiam
477 1915 679 1967 extemplo
708 1918 833 1966 poeta
860 1910 1010 1953 amicus
1036 1912 1300 1952 Germanicus
1329 1912 1453 1951 fuisse
1483 1924 1577 1963 pro·

98 1987 238 2036 batur-3
271 1997 382 2027 nam:
416 1997 564 2035 meus,
600 1983 747 2034 inquit,
783 1983 932 2024 Caesar
966 1980 1153 2021 condidit
1182 1981 1331 2020 orbem.
1386 1981 1578 2031 Idemque

98 2067 239 2095 versus
266 2055 419 2094 indicio
449 2058 511 2094 est
535 2054 678 2093 haberi
706 2053 822 2092 illum
849 2053 890 2091 in
918 2051 1032 2091 ducis
1061 2049 1290 2101 comitibus,
1325 2049 1577 2100 quandoqui-

97 2124 187 2164 dem
221 2136 348 2163 nunc
379 2123 596 2175 particula,
630 2122 759 2161 forma
784 2121 912 2170 verbi,
948 2120 1057 2171 quod
1085 2122 1148 2159 est
1175 2120 1347 2170 frenare,
1383 2120 1435 2158 ad
1462 2131 1577 2170 prae-

98 2205 190 2233 sens
222 2196 382 2244 tempus
418 2195 619 2243 spectans,
655 2189 829 2240 denique
865 2189 996 2228 omnis
1023 2183 1212 2227 ‘versuum
1240 2200 1364 2227 sonus
1392 2188 1578 2239 proxime

98 2261 381 2304 Germanicum
413 2261 528 2300 illum
561 2260 701 2300 adesse
738 2259 982 2310 significant.
1036 2258 1098 2297 De
1128 2258 1219 2310 ipso
1250 2257 1376 2309 igitur
1403 2257 1579 2306 valuere,

97 2343 198 2383 quae
226 2331 392 2383 scripsit
418 2331 512 2371 inde
540 2344 565 2370 a
591 2342 710 2370 versu
738 2328 816 2380 IV,
844 2330 939 2369 622:

258 2406 434 2452 „Miratur
456 2406 614 2453 populos
638 2404 756 2442 Asiae
781 2404 1008 2450 totidemque
1033 2405 1203 2449 tropaea,

260 2462 359 2508 Quot
379 2463 476 2510 loca,
499 2467 539 2501 et
562 2465 771 2500 innumeras
796 2464 925 2508 gentes
953 2461 1188 2507 Taurumque
1214 2461 1415 2497 minantem

258 2521 448 2559 Fluctibus
474 2524 512 2558 et
535 2521 687 2559 Cilicum
712 2519 869 2567 populos
895 2518 1113 2565 Syriamque
1139 2519 1363 2565 perustam.“

190 2645 222 2692 8)
254 2645 493 2683 Commodum
518 2647 587 2684 erit
611 2648 656 2684 de
681 2646 858 2684 mensium
884 2646 1135 2694 appellatione
1161 2657 1209 2683 ex
1232 2645 1440 2682 nominibus
1463 2644 1578 2690 impe-

102 2705 264 2740 ratorum
291 2704 402 2740 ducta
426 2704 536 2740 etiam
561 2715 606 2741 ea
632 2705 802 2749 conferre,
830 2716 925 2751 quae
949 2705 1103 2740 tradidit
1128 2703 1279 2740 Cassius
1304 2704 1377 2739 Dio
1402 2704 1459 2747 44,
1483 2703 1505 2738 5
1531 2702 1578 2737 de

105 2759 266 2798 Caesare
297 2762 354 2806 57,
383 2761 427 2797 18
450 2761 495 2797 de
519 2762 666 2799 Tiberio
691 2764 748 2807 67,
778 2763 801 2798 4
826 2763 871 2798 de
895 2762 1109 2799 Domitiano
1134 2763 1190 2807 60,
1222 2763 1243 2798 5
1267 2762 1339 2812 περὶ
1363 2759 1514 2809 γενεσίων
1541 2759 1582 2794 et

105 2816 304 2858 Suetonius
327 2818 365 2856 iu
387 2818 464 2857 vita
486 2818 594 2858 Dom.
619 2829 651 2857 6.
677 2821 731 2858 13.
757 2823 790 2866 1,
814 2830 859 2858 ac
883 2820 930 2857 de
956 2819 1178 2858 Germanico
1203 2819 1332 2857 Claud.
1358 2828 1389 2855 c.
1417 2819 1470 2855 11.

1323 2889 1346 2924 6
