1930 3320
322 417 388 456 Ibi
414 416 508 455 inde
536 428 561 455 a
587 427 707 455 versu
737 418 760 455 7
787 415 887 454 haec
912 414 1156 466 reperimus:

219 512 246 518 “·
275 503 408 548 „Hunc
430 501 516 538 mihi
539 505 592 546 tu,
619 501 646 537 C
659 512 810 545 aesar,
835 501 1020 547 patriae
1045 500 1143 547 prin
1157 511 1348 547 cepsque
1371 502 1598 546 paterque,

273 559 344 604 Qui
366 560 464 602 regis
490 571 542 595 au
552 571 606 605 gu
617 559 708 594 stis
734 561 927 604 parentem
951 559 1094 604 legibus
1119 559 1246 593 orbem

275 617 572 663 Concessumque
598 628 622 663 p
634 628 656 651 a
666 621 681 651 t
690 617 726 651 ri
754 617 926 651 mundum
954 617 976 651 d
988 627 1007 650 e
1018 627 1040 650 u
1050 627 1067 651 s
1092 615 1134 661 ip
1145 626 1162 650 s
1172 626 1192 650 e
1215 615 1376 659 mereris,

273 675 352 710 Das
378 675 539 710 animum
563 675 733 720 viresque
760 674 851 709 facis
880 674 926 708 ad
951 675 1059 709 tanta
1085 672 1288 708 canenda“.

322 759 391 800 Sic
423 760 599 799 Manilio
642 773 743 809 eum,
783 760 834 798 ad
872 773 988 810 quem
1024 771 1183 798 carmen
1221 755 1335 797 suum
1369 759 1566 797 missurus
1601 762 1676 808 est,

190 829 460 881 compellante
507 829 627 868 facile
669 829 838 878 accidit,
879 831 925 868 ut
965 841 1054 868 cum
1094 840 1214 867 voces
1258 827 1444 867 Caesaris
1492 826 1675 877 Augusti

192 899 244 938 ad
270 910 388 938 aures
415 902 507 936 tuas
534 899 790 948 perveniant,
828 898 1099 938 Octavianum
1127 910 1349 948 agnoscere
1379 897 1456 935 tibi
1485 897 1676 946 videaris,

191 968 306 1007 cuius
349 968 550 1018 principis
596 967 693 1006 olim
737 968 830 1006 aliis
873 973 914 1006 et
954 968 1056 1018 ipsis
1098 968 1139 1005 in
1182 972 1354 1006 mentem
1394 966 1555 1005 venisse
1595 966 1675 1004 iam

191 1049 316 1087 supra
341 1036 629 1076 demonstravi.

317 1105 512 1144 Attamen
539 1105 660 1144 modo
690 1105 814 1156 paulo
846 1106 996 1144 maiore
1016 1105 1235 1155 diligentia
1257 1105 1299 1142 in
1319 1105 1442 1143 talem
1461 1105 1676 1143 allocutio-

190 1187 281 1214 nem
309 1174 582 1224 inquisiveris,
618 1174 783 1213 difficile
814 1187 895 1213 non
925 1175 1004 1213 erit
1032 1175 1271 1225 intellegere
1302 1174 1406 1213 nihil
1434 1186 1603 1224 prorsus
1631 1174 1674 1212 in

191 1255 238 1282 ea
278 1244 422 1292 inesse,
464 1243 569 1282 unde
607 1242 823 1282 Octaviani
861 1244 1022 1293 quidem
1058 1244 1305 1282 mentionem
1339 1243 1426 1282 fieri
1463 1246 1673 1293 appareat.

192 1311 396 1362 Quoniam
424 1312 466 1361 ii,
496 1313 565 1361 qui
593 1312 687 1350 huic
715 1316 808 1350 ante
834 1312 1089 1351 Hadrianum
1119 1313 1160 1350 in
1191 1312 1361 1362 imperio
1384 1317 1674 1357 successerant,

142 1387 165 1426 s
191 1382 356 1419 nomina
384 1381 457 1419 illa
485 1381 564 1419 sibi
593 1381 864 1430 vindicavere,
899 1382 1043 1420 horum
1070 1382 1176 1420 ratio
1207 1382 1241 1419 si
1271 1381 1359 1420 sola
1386 1380 1572 1419 habenda
1600 1386 1674 1430 est,

163 1468 167 1472 <
189 1461 446 1500 nequaquam
487 1461 537 1488 ex
578 1449 791 1488 duodecim
833 1451 1089 1500 principibus
1127 1451 1296 1488 cuilibet
1332 1450 1498 1500 patroni
1534 1455 1674 1500 partes

189 1519 288 1558 dare
306 1519 585 1570 prohibemur.
604 1541 653 1546 -—-
668 1519 813 1568 Neque
834 1532 928 1558 vero
951 1532 997 1558 ea
1018 1519 1058 1557 in
1079 1531 1120 1558 re
1150 1519 1258 1558 ultra
1278 1519 1480 1557 Hadriani
1501 1522 1675 1558 aetatem

190 1587 386 1644 progredi
427 1588 536 1636 licet,
579 1588 674 1636 quia
713 1588 790 1627 hoc
831 1592 997 1628 auctore
1034 1589 1233 1628 sancitum
1267 1598 1342 1638 est,
1384 1593 1430 1627 ut
1475 1589 1553 1627 iam
1590 1601 1673 1628 non

191 1657 383 1708 princeps
411 1657 512 1707 ipse,
551 1657 614 1695 cui
643 1657 754 1694 orbis
782 1659 981 1696 terrarum
1008 1662 1184 1708 pareret,
1214 1658 1285 1696 sed
1315 1658 1400 1696 eius
1428 1658 1545 1697 heres
1573 1658 1673 1708 legi-

190 1726 312 1765 timus
342 1725 528 1765 Caesaris
557 1726 798 1775 cognomine
826 1727 1117 1777 appellaretur.
1169 1726 1260 1775 Quo
1290 1726 1397 1766 facto
1428 1728 1490 1765 ins
1513 1727 1674 1776 quidem

189 1795 399 1846 publicum
420 1795 581 1845 imperii
600 1794 777 1833 Romani
797 1796 1003 1834 convincit
1017 1796 1235 1835 Manilium
1255 1797 1334 1835 iam
1352 1796 1485 1846 primo
1507 1800 1672 1835 nostrae

189 1875 307 1903 aerae
353 1865 514 1902 saeculo
556 1864 720 1903 vixisse.
777 1863 882 1903 Sunt
923 1865 1051 1914 igitur
1087 1866 1128 1903 in
1166 1878 1313 1915 magno
1350 1877 1486 1904 errore
1523 1865 1674 1905 versati

191 1931 410 1981 Gevartius
446 1933 612 1982 eiusque
649 1933 813 1982 similes,
851 1946 940 1972 cum
974 1935 1076 1973 miro
1117 1934 1291 1983 quodam
1318 1934 1481 1973 dicendi
1511 1947 1672 1985 genere,

191 2012 273 2051 quo
308 2001 352 2039 in
385 2002 560 2040 carmine
594 2017 692 2042 usus
729 2008 847 2052 esset,
884 2003 1042 2041 inducti
1077 2006 1241 2054 poetam
1274 2003 1499 2042 Theodosii
1527 2003 1672 2054 Magni

189 2074 324 2108 aetate
361 2069 618 2111 Theodorum
652 2073 854 2111 Manlium
899 2073 1104 2110 consulem
1139 2071 1264 2110 fnisse
1302 2072 1514 2111 sentirent.
1571 2072 1672 2112 Tale

191 2137 290 2188 quid
320 2150 370 2178 ne
403 2139 600 2179 divinitas
636 2141 798 2190 quidem
830 2141 1032 2192 principis
1063 2141 1229 2179 laudata
1258 2141 1549 2191 impedimento
1579 2127 1671 2191 fuit,

189 2219 239 2247 ne
262 2207 550 2258 opinarentur!
580 2231 628 2237 —
656 2210 716 2249 At
734 2211 858 2249 etiam
876 2211 996 2261 plura
1014 2210 1055 2248 in
1076 2210 1302 2260 prooemio,
1331 2210 1380 2248 de
1402 2222 1482 2259 quo
1503 2211 1673 2260 agimus,

190 2277 316 2316 verba
349 2277 550 2316 habent-ur
587 2291 660 2316 nec
695 2292 741 2318 ea
776 2280 905 2330 magis
941 2279 1144 2330 ambigua,
1181 2292 1299 2328 quam
1326 2279 1432 2318 unde
1463 2279 1561 2328 quid
1590 2291 1671 2318 am-

187 2345 299 2400 plius
326 2346 378 2386 ad
407 2348 718 2387 constituendos
737 2354 883 2399 poetae
903 2361 1034 2387 annos
1054 2348 1266 2387 redundet.
1313 2348 1517 2397 Quoniam
1539 2353 1672 2388 autem

183 2415 311 2455 ceteri
353 2415 434 2454 loci
479 2417 539 2455 ita
573 2418 803 2468 comparati
832 2418 1036 2467 videntur,
1077 2422 1123 2456 ut
1157 2417 1390 2456 hominibus
1425 2418 1558 2456 doctis
1593 2418 1672 2456 iam

188 2482 268 2523 hoe
301 2495 422 2523 unum
455 2485 578 2524 liceat
611 2486 852 2536 disceptare,
888 2487 938 2525 ad
979 2486 1249 2526 Octavianum
1285 2499 1337 2525 an
1372 2486 1423 2525 ad
1459 2487 1673 2526 Tiberium

187 2555 313 2602 poeta
346 2563 387 2591 se
421 2558 735 2603 convertat,·-
769 2557 988 2606 apparebit
1023 2563 1158 2595 autem
1194 2556 1301 2595 infra
1336 2557 1414 2595 hoc
1448 2557 1670 2595 rectissime

159 2628 161 2630 ·
189 2619 258 2670 agi
284 2641 334 2647 ——
367 2633 443 2659 nos
479 2623 639 2670 quidem
673 2636 722 2663 ne
758 2625 910 2664 frustra
945 2630 1102 2675 tempus
1133 2638 1348 2676 operamve
1377 2637 1670 2674 consumamus,

191 2688 328 2726 statim
362 2689 472 2728 istud
506 2692 719 2741 anquirere
757 2694 800 2731 in
834 2694 907 2732 illa
941 2695 1207 2734 contentione
1244 2695 1449 2743 debemus,
1492 2698 1584 2732 utro
1621 2694 1670 2732 de

188 2757 375 2808 principe
416 2759 656 2811 appellatio,
699 2773 800 2813 quae
837 2767 972 2803 exstat
1006 2765 1049 2803 in
1084 2763 1272 2803 carminis
1309 2763 1493 2812 exordio,
1533 2762 1671 2814 aptius

189 2825 424 2877 accipiatur.
