1936 3392
1042 288 1095 324 92

426 430 638 468 contentus
673 434 829 477 manet,
863 431 904 468 et
936 427 1089 468 caelum
1121 432 1323 470 scrutatur
1354 430 1398 470 in
1431 430 1544 478 alvo,

425 507 722 558 cognatumque
752 519 922 558 sequens
956 519 1098 560 corpus
1130 521 1171 546 se
1204 507 1362 560 quaerit
1393 507 1435 547 in
1469 507 1599 548 astris.
1631 507 1656 561 ¹)

425 579 474 620 In
517 583 661 622 natura
703 586 744 622 et
775 581 885 622 caelo
917 582 1235 636 pervestigandis
1264 583 1393 638 igitur
1424 598 1505 624 non
1537 584 1672 625 animo
1705 588 1765 624 est

365 657 657 708 deficiendum3
692 658 790 700 licet
820 673 968 714 parvus
1000 659 1053 700 sit
1085 660 1226 711 homo,

425 749 505 788 quo
538 735 667 786 valet,
703 736 942 777 immensum
975 741 1048 778 est.
1113 737 1179 779 Sic
1211 739 1297 779 auri
1330 739 1506 793 pondera
1538 738 1647 794 parvi

425 817 667 868 exsuperant
698 813 828 868 pretio
861 828 1092 855 numerosos
1125 815 1226 856 aeris
1258 829 1434 856 acervos,

426 890 492 931 Sic
523 890 706 941 adamas,
739 895 938 946 punctum
970 891 1140 946 lapidis,
1175 892 1388 947 pretiosior
1419 907 1518 934 auro
1550 897 1622 933 est.

426 968 602 1009 Parvula
633 968 692 1009 sic
724 972 858 1010 totum
890 969 1058 1024 pervisit
1089 969 1244 1024 pupula
1277 969 1431 1010 caelum
1450 1002 1460 1021 ‚

427 1061 589 1101 quoque
622 1046 760 1087 vident
782 1046 912 1095 oculi,
937 1046 1151 1088 minimum
1173 1051 1256 1098 est,
1280 1061 1372 1087 cum
1394 1047 1568 1088 maxima
1589 1050 1766 1088 cernant.

403 1123 493 1181 ‚Sic
524 1123 649 1164 animi
682 1123 820 1173 sedes,
854 1124 970 1165 tenui
1001 1123 1076 1165 sub
1109 1123 1226 1165 corde
1259 1123 1412 1174 locata,

429 1216 499 1256 per
529 1204 663 1242 totum
695 1205 866 1256 angusto
898 1205 1040 1255 regnat
1074 1202 1123 1242 do
1154 1201 1286 1242 limite
1318 1215 1474 1256 corpus.

427 1279 624 1320 Materiae
655 1294 706 1320 ne
739 1293 885 1332 quaere
918 1279 1105 1330 modum,
1140 1280 1208 1320 sed
1241 1279 1420 1335 perspice
1453 1278 1579 1329 vires,

427 1371 526 1411 quas
559 1356 686 1406 ratio,
719 1371 799 1398 non
833 1356 991 1411 pondus
1023 1356 1158 1398 habet.
1222 1356 1342 1397 Ratio
1372 1355 1505 1396 omnia
1536 1355 1664 1397 vincit
1695 1355 1727 1410 ²)

429 1434 491 1476 Ab
541 1434 668 1475 altera
715 1437 825 1489 parte
874 1434 1002 1489 igitur
1049 1434 1168 1475 homo
1217 1438 1278 1475 est
1307 1447 1501 1488 magnus,
1542 1447 1634 1474 cum
1665 1432 1769 1474 nibil

367 1527 500 1567 neque
533 1513 577 1553 in
609 1511 718 1553 caelo
751 1526 884 1567 nequo
914 1512 956 1553 in
990 1516 1095 1553 terra
1127 1526 1218 1553 eum
1250 1511 1397 1562 lateat,
1436 1511 1471 1552 si
1502 1511 1621 1552 modo
1652 1511 1771 1552 ratio·

368 1603 460 1630 nem
508 1593 700 1643 sequatur
747 1593 788 1630 et
834 1588 1032 1630 sideribus
1064 1589 1184 1630 fidem
1216 1587 1385 1638 habeat,
1418 1587 1468 1629 ab
1499 1589 1628 1629 altera
1658 1592 1772 1643 parte

368 1670 527 1716 tamen,
577 1670 623 1707 ut
670 1681 791 1722 supra
838 1666 1036 1716 vidimus,
1062 1666 1091 1720 ³)
1110 1666 1228 1707 ,1111111
1259 1681 1385 1721 paene
1418 1669 1502 1715 est,
1536 1679 1628 1706 cum
1659 1663 1772 1706 aliud

369 1744 498 1784 maius
547 1758 638 1784 eum
687 1747 804 1798 cogat
846 1747 1040 1798 regatque
1073 1747 1114 1784 et
1146 1744 1189 1784 in
1221 1743 1401 1798 proprias
1434 1742 1555 1784 ducat
1587 1742 1771 1797 leges‚⁴)

370 1825 415 1862 ut
447 1821 552 1862 nihil
583 1822 668 1876 ipse
700 1821 845 1863 valeat.

430 1898 666 1949 Lucretius,
718 1914 860 1954 parum
907 1898 985 1940 sibi
1033 1902 1218 1940 constans
1265 1899 1308 1939 in
1340 1897 1556 1947 hocloco,
1605 1896 1772 1938 liberam

370 1977 623 2018 voluntatem
654 1977 810 2018 homini
842 1976 1086 2026 vindicavit,
1104 1976 1136 2030 ⁵)
1159 1975 1352 2017 Manilius
1374 1975 1579 2016 hominem
1602 1973 1772 2015 liberum

371 2070 454 2096 esse
487 2055 652 2109 negavit
663 2071 675 2104 3
710 2053 876 2095 arbitrio
908 2053 1012 2095 nihil
1043 2054 1112 2104 fit,
1162 2053 1296 2094 omnia
1328 2052 1400 2093 fati
1433 2051 1523 2106 lege
1555 2051 1770 2100 eveniunt,

371 2133 494 2173 etiam
543 2133 810 2187 cogitationes
857 2132 1088 2180 liominum3
1113 2131 1144 2185 ὓ)
1183 2130 1316 2170 omnia
1348 2130 1543 2170 scelerum
1574 2143 1721 2183 genera
1752 2143 1773 2169 e

371 2209 745 2251 constellationibus
777 2213 938 2250 tantum
971 2209 1161 2264 pendent.
1180 2208 1221 2261 ⁷).
1270 2209 1326 2248 At
1348 2206 1504 2247 obicere
1525 2206 1650 2261 possis
1671 2205 1774 2246 hanc

347 2318 349 2320 -
372 2287 596 2328 doctrinam
614 2288 790 2328 facinora
808 2286 1021 2328 defendere
1039 2289 1079 2327 et
1096 2285 1287 2326 virtutem
1305 2285 1500 2325 offendere
1512 2316 1524 2334 ‚
1547 2297 1635 2324 cum
1655 2297 1774 2324 causa

417 2542 441 2582 ¹)
488 2545 550 2579 IV,
576 2545 636 2574 904
663 2553 750 2581 seqq.

419 2603 444 2642 Ἰ)
492 2605 553 2639 IV,
579 2604 640 2633 924
666 2613 753 2640 seqq.

419 2663 445 2696 ³)
494 2665 539 2694 Cf.
564 2673 636 2702 pag.
661 2665 700 2694 87
716 2688 723 2698 ,
749 2665 799 2694 88.

418 2723 443 2762 ⁴)
491 2726 548 2761 IV,
573 2725 631 2759 98,
657 2726 707 2754 99.

419 2783 448 2822 ⁵)
496 2785 542 2815 Cf.
567 2786 702 2814 Dissert.
728 2786 868 2815 nostram
895 2784 1018 2814 Lucret.
1043 2783 1121 2821 phil.
1146 2789 1216 2820 pag.
1241 2783 1281 2811 :39
1307 2783 1340 2811 et
1364 2783 1414 2810 99.

422 2843 447 2883 ὓ)
493 2845 539 2875 Cf.
563 2854 635 2882 pag.
661 2846 711 2874 77.

424 2905 446 2941 ⁷]
494 2907 542 2941 ΙΙ,
567 2906 749 2935 587-6οῗ.
