1936 3392
1010 260 1217 299 -30-

433 346 509 384 Sed
530 344 641 383 aliud
661 344 783 394 longe
804 348 877 390 est,
898 344 1020 383 fidem
1046 347 1280 397 astrologiae
1301 348 1537 386 summatim
1557 352 1678 399 atque
1698 348 1739 387 in
1759 350 1844 389 uni-

378 420 538 446 versum
576 407 785 454 adhibere,
822 407 934 445 aliud
968 409 1129 460 singula
1164 411 1359 462 dispicere
1394 423 1562 462 remque
1600 424 1674 462 per
1706 416 1843 463 partes

376 483 541 509 omnem
569 482 822 520 percensere.
843 471 946 509 Nam
973 473 1043 523 qui
1067 473 1180 524 vulgi
1207 475 1419 525 opiniones
1446 474 1549 512 tueri
1576 475 1840 524 affectabant,

372 538 416 572 -et
442 533 493 571 ad
519 532 737 571 altissimas
764 533 1100 587 doctissimasque
1128 549 1271 576 causas
1297 537 1360 576 vel
1387 538 1515 577 aniles
1538 537 1697 577 fabulas
1726 551 1841 578 revo-

376 608 467 634 care
486 596 734 645 gaudebant,
755 597 893 645 iidem,
917 599 1052 647 credo,
1076 613 1159 638 non
1179 604 1262 639 tam
1289 601 1340 640 ad
1366 614 1414 640 ea
1441 601 1579 640 omnia
1605 602 1842 652 accipienda

375 660 545 698 fuissent
562 660 697 711 proni,
719 661 754 699 si
773 660 959 710 diligenti
986 662 1266 713 disquisitione
1287 665 1441 702 minute
1467 665 1539 703 illa
1563 666 1840 716 investigavis-

374 727 477 770 sent,
495 723 760 773 astrologiam
781 725 1025 775 praesertim,
1045 738 1170 777 quam
1191 731 1335 766 ceterae
1357 728 1566 786 sapientiae
1588 741 1670 766 suae
1691 728 1840 767 rationi

374 799 604 838 repugnare
626 787 714 838 jam
739 788 1137 828 animadvertissent.
1161 792 1298 840 Neque
1321 791 1428 829 enim
1451 803 1499 829 ea
1524 791 1721 830 divinatio
1748 792 1839 830 reli-

370 862 549 900 quarum
582 850 724 889 similis
751 855 811 889 est
840 865 847 889 :
878 864 1025 903 nempe
1054 856 1169 900 exta,
1202 858 1404 900 monstra,
1435 853 1621 902 fulgura,
1650 855 1837 904 auguria,

373 918 518 962 sortes,
541 914 714 960 somnia,
741 915 1052 954 vaticinationes
1079 920 1275 955 eventura
1302 916 1593 967 praenuntiant,
1617 916 1840 966 astrologia

371 981 510 1015 autem
542 990 625 1016 non
653 979 862 1017 fortunam
895 983 1071 1026 tantum,
1103 980 1173 1018 sed
1205 980 1432 1030 ingenium,
1466 992 1597 1031 neque
1629 980 1739 1019 bona
1770 985 1840 1019 aut

374 1040 497 1089 mala,
524 1041 594 1080 sed
619 1041 789 1080 virtutes
813 1054 859 1081 ac
880 1042 978 1081 vitia
998 1043 1258 1082 nascentibus
1282 1047 1517 1095 praeparat:
1541 1043 1653 1094 quod
1673 1043 1839 1094 quidem

372 1116 470 1143 mox
498 1105 712 1143 ostendam
742 1118 835 1144 cum
868 1106 1089 1145 stoicorum
1119 1107 1306 1145 doctrina
1338 1119 1483 1157 parum
1514 1119 1753 1156 congruere.
1783 1107 1840 1146 Ac

371 1167 473 1205 mihi
499 1167 625 1206 libros
649 1168 852 1207 Ciceronis
873 1169 921 1208 de
943 1170 1200 1208 Divinatione
1220 1170 1423 1209 evolventi
1446 1170 1548 1208 illud
1570 1167 1737 1208 obvium
1760 1174 1835 1216 est,

372 1230 580 1278 Quintum,
604 1231 702 1269 dum
728 1232 882 1282 placita
908 1233 1129 1271 stoicorum
1157 1233 1352 1280 defendit,
1375 1234 1424 1272 de
1450 1233 1594 1272 ceteris
1619 1233 1839 1283 generibus

370 1293 563 1345 plurima,
583 1294 830 1345 paucissima
850 1295 899 1333 de
920 1300 1123 1334 astrorum
1147 1296 1444 1345 significatione
1471 1309 1675 1347 exponere
1697 1308 1706 1336 ε
1730 1297 1838 1335 unde

371 1356 509 1406 colligi
536 1361 684 1407 potest,
712 1369 795 1395 non
821 1361 982 1396 tantum
1009 1358 1100 1396 illos
1126 1359 1220 1396 huic
1244 1359 1384 1408 generi
1409 1359 1610 1398 studuisse
1636 1363 1838 1410 quantum

369 1419 551 1470 reliquis.
573 1419 690 1466 Quod
715 1419 948 1459 credibilius
968 1421 1116 1467 evenit,
1139 1421 1171 1459 si
1195 1422 1285 1472 quis
1306 1422 1536 1460 Panaetium
1558 1422 1746 1470 attendit,
1769 1423 1840 1474 qui

370 1495 475 1521 unus
507 1483 775 1533 astrologiam
808 1483 962 1535 rejecit,
995 1484 1164 1523 summis
1197 1485 1329 1524 aetatis
1361 1498 1443 1523 suae
1474 1485 1691 1535 astrologis
1719 1498 1839 1524 usum

369 1546 506 1594 fuisse,
537 1547 701 1598 Scylace
729 1547 851 1586 etiam
879 1547 1181 1587 Halicarnassio
1215 1548 1279 1587 vel
1309 1548 1599 1587 familiariter¹
1625 1561 1632 1587 :
1668 1548 1771 1588 adeo
1796 1552 1840 1588 ut

370 1621 452 1648 non
491 1609 614 1648 aliam
652 1610 704 1649 ob
739 1623 910 1650 causum
949 1612 1084 1650 minus
1119 1612 1350 1662 astrologiae
1386 1611 1602 1651 credidisse
1634 1612 1836 1660 videatur,

369 1684 494 1723 quam
513 1673 621 1724 quod
645 1673 737 1727 plus
756 1674 799 1712 in
818 1686 867 1713 ea
886 1674 1154 1725 intelligebat.
1177 1675 1396 1722 Praeterea,
1420 1675 1531 1725 quod
1557 1687 1698 1714 omnes
1721 1675 1835 1714 stoici

364 1734 636 1788 astrologiam
664 1725 924 1788 acceperunt,
954 1750 1038 1777 non
1064 1739 1259 1778 continuo
1286 1739 1393 1777 inter
1416 1739 1565 1778 stoicos
1591 1739 1838 1778 numerandi

366 1812 511 1839 omnes
544 1804 651 1847 sunt,
683 1801 753 1852 qui
785 1801 908 1839 iidem
940 1801 1107 1840 fuerunt
1141 1802 1350 1853 astrologi.
1386 1803 1437 1840 At
1467 1805 1624 1850 contra,
1656 1803 1736 1841 duo
1769 1803 1839 1853 qui

368 1864 509 1902 Romae
531 1868 625 1903 ante
651 1864 861 1914 Manilium
889 1865 939 1903 de
965 1877 1014 1903 ea
1039 1869 1126 1904 arte
1151 1866 1415 1916 scripserunt,
1438 1878 1521 1904 non
1547 1865 1664 1904 stoici
1690 1866 1804 1904 fuere
1827 1877 1836 1904 :

367 1928 594 1974 Varronem
622 1927 728 1975 dico,
759 1928 842 1978 qui,
874 1928 906 1966 si
937 1928 1065 1966 ullam
1095 1928 1426 1980 philosophicam
1455 1927 1646 1967 haeresim
1678 1933 1838 1968 secutus

363 1995 441 2039 cst,
460 1990 766 2042 Pythagoream
789 1991 924 2042 potius
947 1992 1062 2038 fovit,
1086 2004 1209 2042 quam
1232 1992 1418 2039 stoicam,
1437 1995 1476 2031 et
1496 1991 1702 2044 Nigidium
1720 1992 1838 2042 Figu-

367 2053 468 2102 lum,
488 2055 558 2105 qui
578 2054 719 2106 procul
741 2054 865 2093 dubio
892 2055 1174 2106 Pythagoreus
1200 2055 1289 2093 fuit.
1314 2055 1455 2106 Igitur,
1479 2067 1571 2094 cum
1596 2067 1681 2094 non
1705 2055 1837 2106 magis

364 2117 540 2156 Zenonis
565 2117 752 2156 doctrina
784 2131 908 2170 quam
940 2119 1114 2157 aliorum
1144 2117 1487 2170 philosophorum
1514 2118 1834 2169 interpretandae

367 2185 571 2220 astrorum
599 2181 747 2220 rationi
772 2182 922 2229 faveat,
949 2194 1080 2233 neque
1108 2181 1192 2220 ullo
1222 2181 1395 2220 arctiore
1419 2173 1583 2220 vinculo
1614 2185 1686 2219 aut
1713 2184 1834 2220 natu-

366 2244 445 2283 rali
464 2244 656 2284 societate
676 2245 861 2284 Porticus
887 2246 1055 2285 inventa
1077 2248 1118 2284 et
1143 2244 1432 2284 Chaldaeorum
1459 2244 1539 2283 sint
1560 2244 1719 2295 juncta,
1743 2244 1833 2284 nul-

366 2307 453 2346 lum
481 2307 569 2358 jam
601 2308 812 2356 indicium,
841 2309 1065 2348 stoicorum
1098 2312 1342 2348 sectatorem
1372 2308 1494 2347 fuisse
1526 2307 1756 2358 Manilium,
1786 2321 1836 2347 ex

303 2368 309 2375 ’
364 2382 415 2409 eo
447 2371 656 2418 ducemus,
685 2372 796 2422 quod
828 2372 1108 2422 astrologiam,
1138 2371 1186 2410 de
1219 2383 1300 2422 qua
1331 2371 1507 2423 scripsit,
1536 2371 1594 2410 illi
1623 2371 1834 2423 sapientiae

364 2433 553 2472 doctores
574 2434 695 2473 tutati
716 2438 825 2473 sunt.

417 2497 561 2548 Itaque
596 2497 647 2536 ad
678 2498 812 2548 ipsum
851 2510 1017 2537 carmen
1050 2498 1324 2537 accedendum
1356 2502 1431 2548 est,
1462 2498 1835 2550 inquirendumque

364 2560 619 2611 diligentius,
656 2574 755 2600 num
790 2562 832 2600 in
864 2574 911 2601 eo
951 2561 1048 2601 satis
1080 2566 1192 2602 certa
1227 2563 1285 2602 rei
1318 2566 1562 2613 argumenta
1589 2566 1829 2615 appareant.

407 2699 435 2728 ι.
456 2698 614 2739 1bid.‚11,
635 2701 686 2739 42,
705 2700 755 2732 88.
