1930 3320
939 259 1188 299 ...2-

338 379 535 428 gumentis
563 378 711 416 certior
738 378 807 416 fiat
833 389 878 416 ac
905 377 1145 416 stabiliatur.
1188 378 1310 417 Cuius
1330 380 1387 418 rei
1415 379 1662 418 occasionem
1689 393 1784 419 nan-

339 448 425 484 etus
455 443 774 493 quandoquidem
801 444 921 482 talem
950 445 1104 493 qualem
1139 445 1359 493 significavi
1394 447 1535 485 molem
1568 447 1699 485 subire
1726 459 1785 484 me

340 513 461 560 iuvat,
490 511 566 549 iam
594 515 634 549 et
662 511 761 560 ipse·
778 523 1044 560 quaecumque
1072 513 1148 550 viri
1167 513 1277 551 docti
1297 514 1344 551 de
1364 514 1524 552 Manilii
1538 519 1642 552 'aevo
1661 526 1786 563 usque

339 579 387 617 ad
415 579 518 616 hunc
546 578 649 616 diem
680 578 915 627 iudicavere,
944 579 984 616 in
1012 582 1217 628 utramque
1245 584 1398 629 partem
1424 582 1639 630 disputabo
1667 581 1786 630 idque

339 647 407 694 ita,
435 649 480 684 ut
506 645 586 682 alia
613 645 861 694 gravissimis
886 646 1108 684 rationibus
1128 647 1300 695 probata
1317 650 1471 686 teneam
1491 649 1570 686 alia
1588 648 1784 686 deteriore

339 717 436 751 nota
463 712 622 761 signata
651 723 674 749 a
701 724 743 750 re
764 712 1025 762 disceptanda
1045 713 1085 750 in
1105 717 1307 751 aeternum
1325 715 1525 763 repellam.
1553 737 1602 742 —
1629 715 1785 754 Deinde

339 778 371 816 si
401 779 496 827 quid
526 779 620 817 novi
650 791 695 816 ac
722 779 991 817 memorabilis
1020 780 1123 818 forte
1149 782 1263 819 nobis
1286 782 1490 831 obtigerit,
1518 783 1558 820 id
1578 783 1786 832 aptissimo

340 858 497 895 quoque
538 847 627 884 loco
670 846 719 884 ad
759 846 972 895 peritiores
1013 847 1186 885 arbitros
1228 848 1413 886 deferam.
1474 849 1676 888 Videlicet
1711 851 1788 889 erit

339 926 483 963 magna
512 914 692 963 quaestio
722 913 841 950 etiam
867 912 915 950 de
943 913 992 950 iis
1020 913 1260 963 hominibus,
1290 915 1356 963 qui
1376 915 1538 954 Manilii
1562 906 1625 954 vel
1653 920 1787 955 aucto-

339 994 400 1020 res
428 981 491 1020 vel
519 981 734 1019 familiares
761 980 825 1018 vel
858 985 1106 1018 assecutores
1135 981 1256 1020 fuisse
1291 983 1461 1032 putandi
1495 985 1599 1032 sunt,
1636 983 1669 1021 si
1705 983 1787 1031 qui-

338 1049 425 1087 dem
444 1049 506 1087 his
526 1049 700 1098 coguitis
723 1050 807 1099 ipse
828 1049 932 1087 iuter
952 1052 1082 1086 certos
1110 1061 1303 1088 annorum
1330 1051 1520 1089 terminos
1549 1051 1788 1089 includetur.

443 1117 598 1165 Quibus
627 1116 854 1166 praemissis
882 1118 1021 1164 restat,
1058 1119 1102 1155 ut
1131 1118 1196 1166 qui
1225 1119 1301 1156 viri
1328 1119 1437 1157 docti
1465 1119 1572 1156 haud
1599 1118 1788 1156 mediocri

339 1197 462 1235 opera
489 1197 548 1223 me
575 1184 814 1232 adiuverint,
849 1184 988 1232 paucis
1018 1185 1235 1223 ostendam.
1290 1185 1392 1224 Sunt
1427 1187 1551 1235 igitur
1587 1186 1788 1235 inprimis:

442 1253 688 1302 Josephus
718 1251 967 1300 Scaliger,
1004 1253 1070 1300 qui
1106 1257 1198 1290 ante
1230 1253 1302 1290 hos
1333 1253 1436 1292 CCC
1465 1265 1590 1291 annos
1619 1253 1789 1290 Parisiis

339 1320 650 1358 Astronomicon
676 1320 803 1357 libros
831 1320 958 1358 edidit
985 1324 1149 1358 ornatos
1178 1321 1474 1369 commentario,
1502 1323 1547 1359 ut
1574 1321 1678 1359 solet
1695 1320 1788 1358 scri-

340 1388 445 1437 bere,
474 1387 571 1426 satis
601 1387 756 1436 amplo3

441 1454 686 1492 Ricardus
714 1454 996 1503 Bentleius,
1032 1455 1099 1502 qui
1135 1458 1298 1493 curante
1326 1454 1505 1492 Loudini
1533 1467 1567 1493 a.
1599 1456 1695 1493 1739
1725 1466 1788 1492 ne-

339 1525 435 1572 pote
469 1523 654 1560 carminis
688 1525 917 1560 contextum
950 1523 1184 1560 recensitum
1219 1534 1304 1560 cum
1338 1522 1590 1571 praefatione
1619 1521 1789 1571 parvula

338 1591 512 1639 posteris
541 1590 725 1638 reliquit3

442 1658 652 1696 Carolus
672 1657 1031 1707 Lachmannus,
1055 1658 1166 1695 cuius
1186 1658 1290 1695 inter
1310 1657 1610 1695 observationes
1629 1657 1788 1694 criticas

340 1724 559 1774 Gottingae
588 1737 623 1763 a.
656 1727 751 1764 1815
781 1726 950 1775 scriptas
987 1728 1108 1774 caput
1134 1726 1153 1761 I
1183 1726 1230 1763 de
1258 1725 1420 1762 Manilii
1455 1729 1584 1763 aetate
1619 1724 1788 1762 habetur

338 1794 391 1842 (v.
419 1792 488 1831 Kl.
518 1791 719 1830 Schriften
749 1804 782 1829 z.
810 1792 929 1830 klass.
958 1792 1106 1830 Philol.
1137 1805 1229 1842 pag.
1258 1794 1304 1829 42
1334 1791 1456 1841 seq.);
1692 1783 1701 1791 ⁸

438 1859 733 1897 Fridericus
763 1859 1003 1908 Jacobus,
1041 1860 1108 1907 qui
1143 1860 1190 1896 de
1219 1859 1353 1896 eadem
1380 1870 1421 1895 re
1450 1862 1490 1896 et
1517 1858 1557 1895 in
1585 1869 1787 1907 program-

338 1930 441 1966 mate
463 1927 691 1966 Lubecensi
719 1939 752 1965 a.
778 1929 873 1966 1832
902 1931 942 1965 et
970 1928 1012 1964 in
1040 1927 1289 1976 praefatione
1320 1937 1412 1964 suae
1432 1925 1592 1963 Manilii
1621 1924 1789 1962 editioni

340 2008 374 2034 a.
406 1997 500 2035 1849
530 1995 686 2034 adiecta
713 1995 897 2044 pluribus
925 1995 1135 2042 disseruit;

439 2063 734 2112 Rudolphus
763 2062 1058 2110 Merkelius,
1087 2074 1109 2099 a
1139 2073 1216 2110 quo
1245 2062 1424 2111 prolatas
1451 2061 1500 2099 de
1526 2062 1648 2110 poeta
1674 2071 1789 2108 argu-

338 2135 400 2170 tas
435 2131 654 2170 sententias
690 2130 732 2167 in
765 2130 999 2180 prolusione
1035 2130 1084 2167 ad
1123 2129 1260 2167 Ovidii
1294 2129 1385 2167 Ibin
1413 2128 1594 2167 Berolini
1629 2140 1663 2164 a.
1693 2129 1789 2165 1837

339 2199 390 2248 (v.
421 2198 539 2237 Ovid.
569 2198 692 2235 Trist.
721 2210 759 2246 p.
789 2198 1004 2246 393—406)
1034 2197 1138 2234 faeta
1166 2196 1344 2245 legimus.

440 2265 608 2304 Praeter
635 2265 708 2302 hos
738 2265 770 2302 si
802 2265 869 2312 qui
896 2265 944 2302 de
973 2263 1201 2312 indaganda
1228 2263 1388 2300 Manilii
1416 2265 1546 2300 aetate
1578 2263 1678 2300 bene
1713 2273 1787 2300 rne-

338 2334 406 2372 riti
436 2334 541 2381 sunt,
570 2344 637 2369 eos
667 2332 891 2380 ubicunque
919 2331 1032 2369 decet
1060 2331 1176 2368 iustis
1203 2331 1388 2368 laudibus
1417 2330 1583 2367 efferam.

440 2400 524 2437 Iam
552 2399 661 2436 vides
690 2399 814 2437 tantis
843 2410 930 2436 cum
957 2398 1054 2435 viris
1082 2397 1176 2435 mihi
1205 2397 1289 2434 fore
1317 2399 1526 2444 certamen,
1554 2396 1595 2432 in
1617 2398 1787 2443 quantos

339 2478 524 2505 summam
557 2469 711 2503 tantum
742 2464 1016 2502 verecundiam
1052 2475 1174 2501 meam
1210 2463 1363 2500 iuvenis
1397 2463 1663 2501 existimantis
1697 2474 1783 2500 esse

340 2538 537 2584 oporteat.
592 2533 774 2570 Fortiter
802 2536 932 2568 tamen
960 2530 1009 2567 ad
1038 2530 1287 2579 propositam
1315 2542 1396 2568 rem
1424 2527 1724 2579 aggrediamur!

1823 63 1921 76 ,,,,,,
