1936 3392
871 267 926 308 91

162 413 329 456 *habeat
359 428 402 455 re
435 427 530 455 vera
562 427 648 454 esse
680 417 832 465 artem,
868 428 950 469 qua
982 413 1082 469 quid
1106 412 1241 454 sidera
1263 413 1616 469 praesignificent,

180 495 371 549 cognosci
406 492 535 549 possit
567 496 609 534 ct
641 493 792 534 eximio
824 507 962 535 amore
998 507 1086 535 eam
1119 496 1300 535 tueatur.

242 570 452 614 Notabilis
501 576 562 614 est
593 573 722 614 nostri
757 573 898 629 opinio
932 572 982 614 de
1014 572 1232 614 hominum
1267 577 1416 614 natura
1497 572 1619 624 Quod

179 652 258 694 iam
293 654 446 694 Aratus
479 651 585 694 dixit
614 652 665 705 ¹):
705 655 778 694 τοῦ
813 653 950 709 (Διὸς)
985 653 1066 707 γὰρ
1102 653 1175 693 καὶ
1211 650 1336 703 γένος
1361 650 1507 705 ἐσμέν,
1545 651 1620 693 hoc

179 731 289 774 idem
322 747 346 773 a
378 730 554 774 Manilio
589 731 731 774 multis
765 731 865 773 locis
898 730 1110 788 probatur.
1178 730 1312 788 Supra
1346 731 1426 773 iam
1461 730 1619 772 dictum

179 815 242 855 cst
274 811 311 853 ei
343 812 391 852 τὸ
426 825 546 853 omne
580 811 701 854 deum
736 826 847 863 esse,
883 811 947 854 vel
979 812 1088 868 potis
1121 811 1343 864 rationem,
1391 825 1495 865 quae
1529 810 1620 851 uni·

179 890 308 934 versis
355 890 477 933 rebus
526 891 663 943 inest,
705 907 790 934 esse
825 892 963 935 deum.
1030 891 1168 942 Nam,
1204 891 1281 933 etsi
1315 906 1398 934 non
1438 890 1620 941 diserte,

178 974 317 1013 tamen
363 970 629 1026 aliquatenus
679 971 915 1014 distinxisse
966 971 1128 1013 videtur
1176 972 1284 1013 inter
1332 969 1543 1012 materiem
1580 980 1621 1011 ct

178 1049 427 1107 principium
477 1049 663 1092 rationis.
732 1050 866 1093 Homo
915 1056 1054 1093 autem
1089 1055 1151 1093 est
1184 1052 1492 1105 μικρόκοσμος,
1529 1053 1621 1100 „est

179 1129 359 1171 mundus
392 1130 435 1171 in
462 1144 533 1181 eo,
569 1129 802 1186 exemplum
837 1135 898 1172 est
932 1130 996 1172 dei
1030 1131 1072 1172 in
1107 1130 1287 1186 imagine
1320 1128 1537 1186 parva.'’²)

240 1208 300 1250 Ut
333 1209 515 1251 mundus
549 1214 610 1251 est
643 1215 908 1252 constructus
942 1226 991 1252 ex
1024 1211 1158 1252 omnis
1192 1210 1354 1265 generis
1383 1207 1622 1264 corporibus

178 1293 219 1329 et
251 1287 424 1344 spiritu,
460 1289 533 1343 qui
567 1294 703 1331 movet
737 1294 779 1331 et
814 1289 1042 1345 gubernat,
1078 1291 1136 1332 sic
1171 1289 1288 1332 nobis
1321 1293 1420 1331 sunt
1453 1302 1624 1344 corpora

178 1372 363 1410 terrenae
410 1368 556 1419 sortis,
607 1369 734 1411 animi
768 1369 908 1413 divini.
935 1369 965 1424 3)
1032 1369 1194 1412 Mentes
1228 1373 1391 1411 nostrae
1425 1371 1623 1423 cognatae

177 1451 277 1488 sunt
308 1448 438 1489 menti
472 1451 643 1490 naturae
667 1449 723 1504 ⁴),
759 1454 892 1506 partes
921 1465 1064 1491 sumus
1099 1450 1164 1492 dei
1190 1450 1249 1505 ⁵),
1281 1449 1392 1491 caelo
1416 1447 1547 1504 geniti
1571 1447 1622 1502 ὓ),

178 1526 280 1569 deus
328 1526 489 1570 habitat
537 1528 614 1570 sub
663 1534 828 1584 pectore
878 1534 1033 1572 nostro.
1065 1530 1095 1586 7)
1160 1529 1211 1572 In
1255 1529 1415 1572 caelum
1449 1528 1626 1570 redeunt

177 1605 307 1648 animi
354 1607 511 1659 nostri,
563 1623 655 1650 cum
706 1624 727 1650 e
779 1609 891 1651 caelo
935 1611 1136 1652 venerint.
1163 1611 1193 1666 8)
1260 1609 1375 1662 Quid
1409 1609 1558 1651 mirum
1591 1607 1625 1649 si

181 1685 368 1728 homines
401 1691 589 1729 naturam
621 1703 864 1743 cognoscere
900 1690 1075 1744 ideoque
1109 1690 1250 1731 futura
1277 1688 1511 1745 praevidere
1535 1703 1624 1743 pos-

181 1771 292 1817 sunt,
317 1770 618 1822 „nostrumque
639 1772 849 1824 parentem
874 1783 966 1825 pars
989 1784 1063 1811 sua
1085 1769 1356 1826 perspicimus
1370 1768 1415 1809 ?”
1434 1769 1465 1823 9)
1506 1767 1624 1809 Hanc

181 1843 234 1887 ob
266 1860 350 1887 rem
384 1845 506 1888 homo

243 1924 430 1967 edomuit
462 1929 612 1968 terram
645 1928 691 1968 in
722 1928 884 1983 fruges,
920 1928 1114 1970 animalia
1147 1930 1280 1985 cepit,

246 2004 526 2060 imposuitque
560 2007 669 2048 viam
703 2012 854 2063 ponto,
889 2009 1008 2050 stetit
1040 2023 1147 2050 unus
1181 2009 1224 2050 in
1258 2023 1390 2050 arcem

245 2089 404 2126 erectus
438 2086 610 2141 capitis,
645 2086 858 2142 victorque
891 2087 942 2129 ad
975 2088 1109 2130 sidera
1143 2089 1274 2130 mittit

244 2162 504 2219 sidereosque
538 2165 702 2216 oculos,
740 2168 992 2224 propiusque
1026 2168 1238 2224 adspectat
1271 2167 1519 2224 Olympum,

246 2242 503 2299 inquil-itque
536 2244 700 2297 Iovem;
742 2261 818 2288 nec
851 2247 938 2289 sola
970 2247 1103 2290 fronte
1137 2247 1307 2290 deorum

228 2455 252 2491 ¹)
301 2459 420 2490 Phaen.
446 2470 491 2491 vs.
516 2463 546 2492 Γ).

227 2516 253 2557 2)
302 2521 364 2556 lv,
391 2522 472 2557 894,
499 2524 573 2554 895.

226 2579 252 2617 ³)
301 2583 343 2612 IV
357 2605 365 2618 ‚
390 2583 577 2616 888—893.

227 2641 252 2680 4)
301 2644 332 2674 11
347 2667 354 2680 ,
382 2645 454 2675 123.

227 2701 252 2742 ⁵)
300 2706 331 2735 ΙΙ
345 2729 353 2741 ,
382 2707 454 2738 116.

227 2762 253 2802 ἦ)
301 2767 363 2802 lv,
391 2768 465 2798 824.

232 2824 256 2859 ἵἱ
305 2828 344 2857 lv
359 2852 367 2863 ,
393 2829 466 2859 886.

229 2885 255 2924 8)
304 2890 344 2918 lv
359 2914 367 2925 ,
394 2891 467 2921 887.

231 2948 255 2982 9)
306 2950 368 2986 lv,
394 2952 468 2983 884.
