1930 3320
974 286 1182 325 -74-

342 375 451 413 tibus
472 372 762 412 enumerandis
782 375 971 411 ostentet.
993 372 1116 422 Cujus
1136 385 1261 411 unum
1280 373 1514 424 exemplum
1540 377 1603 412 sat
1620 373 1697 413 erit
1722 387 1816 426 pro·

342 438 490 476 ducere
514 450 522 474 :

528 550 701 597 Lanigeri
722 561 808 597 pars
830 554 968 597 quarta
986 554 1108 597 nocet,
1131 564 1199 588 nec
1221 557 1326 589 sexta
1345 553 1502 590 salubris
1524 565 1532 589 :

529 603 696 649 Septima
715 613 784 649 par
802 603 855 638 illi
877 614 920 639 ac
939 604 1084 639 decima
1104 607 1173 649 est,
1192 606 1424 652 decimaeque
1440 605 1619 641 secunda.

530 655 693 701 Quaeque
715 655 808 691 duas
831 655 995 702 duplicat
1010 668 1192 701 summas,
1212 661 1431 704 septemque
1450 667 1677 703 novemque,

527 707 682 754 Unaque
702 707 834 753 viginti
854 708 1018 743 numeris
1038 719 1124 754 pars
1144 710 1274 745 addita
1293 709 1409 754 laedit,

527 759 571 794 Et
592 759 724 806 quinta
744 762 781 795 et
801 760 934 795 duram
955 764 1193 797 consummat
1212 762 1374 808 septima
1393 763 1586 808 partem&

393 893 498 930 Num
521 904 619 931 vero
645 892 688 930 in
714 892 791 931 hac
819 904 955 932 rerum
983 894 1098 933 arida
1125 895 1358 947 asperitate,
1384 895 1608 947 quidquam
1631 893 1818 933 versibus

341 955 531 1004 arduum,
560 960 630 995 aut
657 956 848 995 scabrum
873 957 1006 996 inest?
1027 959 1102 998 Sed
1129 972 1211 998 non
1238 960 1362 998 modo
1383 959 1466 998 leni
1493 963 1635 998 tenore
1664 957 1811 1004 fluunt,

340 1019 424 1058 imo
450 1020 628 1059 rotundo
652 1020 857 1071 plenoque
885 1034 986 1060 sono
1011 1034 1054 1061 os
1082 1023 1349 1062 declamantis
1374 1022 1546 1075 implent
1571 1021 1816 1072 innantque.

345 1083 552 1135 Certequi
568 1084 625 1122 ita
644 1084 978 1123 mathematicam
999 1086 1200 1126 rationem
1222 1087 1262 1125 in
1282 1099 1475 1126 numeros
1494 1085 1666 1136 redegit,
1687 1084 1820 1124 mirus

341 1159 533 1186 versuum
555 1147 702 1186 artifex
722 1152 782 1186 est
802 1148 1081 1189 aestimandus.

1067 1395 1106 1437 II

391 1542 505 1580 Nunc
527 1545 665 1580 autem
687 1553 778 1591 quae
802 1540 860 1579 rei
882 1539 1140 1590 astrologicae
1158 1538 1380 1590 voluptatis
1401 1550 1525 1577 causa
1553 1538 1818 1590 adsperserit,

341 1605 658 1654 consideremus,
689 1607 829 1655 postea
860 1603 1086 1654 quaesituri,
1116 1602 1263 1654 quibus
1289 1602 1424 1640 verbis
1449 1605 1489 1641 et
1514 1614 1596 1653 qua
1619 1603 1816 1642 orationis

341 1669 477 1708 forma
495 1672 534 1706 et
552 1680 636 1706 rem
659 1668 789 1719 ipsam
812 1671 851 1706 et
870 1671 1112 1706 ornamenta
1132 1666 1388 1717 expresserit.
1411 1666 1502 1704 Jam
1523 1665 1820 1706 admonuimus

341 1731 664 1784 philosophiam,
686 1735 726 1770 et
751 1731 881 1770 interd
891 1743 956 1768 um
983 1730 1168 1775 stoicam,
1191 1743 1215 1768 a
1241 1733 1365 1780 poeta
1389 1733 1629 1780 usurpatam
1652 1729 1775 1769 fuisse
1803 1743 1813 1771 τ

342 1809 463 1848 quem
491 1795 704 1834 rhetorum
739 1794 923 1833 omnium
956 1806 1112 1832 morem
1142 1793 1264 1832 fuisse
1294 1793 1447 1831 Seneca
1481 1796 1598 1844 pater
1626 1797 1815 1833 testatur.

340 1861 494 1910 Nempe
523 1859 691 1911 quidam
718 1858 759 1896 in
787 1857 974 1896 suasoria
999 1857 1242 1895 brevitatem
1270 1856 1462 1895 humanae
1485 1857 1577 1895 vitae
1599 1856 1816 1896 luculentis

340 1924 475 1962 verbis
494 1927 534 1962 et
553 1923 667 1962 triste
685 1922 926 1961 sonantibus
952 1921 1153 1972 ponderat
1177 1933 1184 1959 :
1210 1936 1228 1957 «
1250 1920 1359 1958 Nulli
1378 1923 1527 1959 natura
1547 1921 1590 1958 in
1617 1924 1817 1960 aeternum

340 1987 528 2039 spiritum
562 1986 689 2034 dedit,
723 1989 960 2036 statutaque
990 1984 1253 2022 nascentibus
1281 1983 1323 2022 in
1354 1983 1478 2023 finem
1510 1983 1605 2023 vitae
1629 1984 1714 2023 dies
1738 1988 1812 2024 est.

339 2050 551 2090 Imbecilla
574 2050 684 2089 enim
712 2062 786 2088 nos
815 2048 990 2088 materia
1019 2048 1117 2087 deus
1147 2060 1262 2086 orsus
1292 2051 1351 2086 est
1372 2047 1400 2087 ².
1425 2063 1444 2083 »
1463 2048 1510 2086 In
1536 2047 1816 2087 controversia

340 2118 495 2165 autem,
519 2130 539 2150 «
570 2113 760 2152 Albutius
786 2116 826 2151 et
854 2112 1171 2164 philosophatus
1196 2115 1276 2160 est;
1309 2111 1411 2150 dixit
1436 2111 1641 2150 neminem
1670 2114 1816 2150 natum

339 2178 514 2218 liberum
547 2190 648 2226 esse,
680 2177 887 2216 neminem
919 2187 1103 2225 servum3
1137 2175 1224 2214 haec
1261 2178 1406 2227 postea
1440 2174 1611 2213 nomina
1644 2173 1814 2224 singulis

340 2242 583 2294 imposuisse
609 2242 817 2280 fortunam
841 2242 870 2279 ³.
894 2256 914 2277 »
942 2242 1022 2279 Nec
1048 2252 1096 2278 ea
1122 2251 1214 2290 quae
1241 2239 1293 2277 ad
1319 2250 1454 2277 mores
1478 2241 1519 2277 et
1543 2237 1670 2277 vitam
1696 2237 1815 2277 insti-

340 2306 537 2346 tuendam
570 2305 836 2357 pertinerent,
871 2303 989 2342 aliter
1023 2302 1210 2342 Manilius
1240 2305 1417 2341 tractare
1452 2313 1577 2352 quam
1612 2301 1817 2340 rhetorice

341 2369 503 2408 videtur
530 2382 538 2406 :
569 2380 817 2419 componere
850 2370 1081 2415 contentus,
1111 2378 1202 2417 quae
1231 2365 1364 2404 verbis
1396 2365 1568 2414 niteant,
1596 2377 1817 2404 numerose

341 2433 505 2479 cadant,
538 2435 657 2471 acute
689 2431 984 2481 significentur,
1021 2430 1283 2481 inopinanter
1311 2431 1676 2480 contraponantur.
1710 2429 1814 2468 Nam

339 2501 517 2536 veterem
537 2508 584 2535 ac
606 2495 744 2534 tritam
765 2494 815 2533 de
836 2506 936 2533 auro
957 2497 997 2533 et
1016 2493 1167 2532 divitiis
1188 2492 1397 2544 querelam
1419 2496 1598 2540 revocat,
1617 2496 1819 2545 optatque

339 2564 400 2609 ut,
421 2559 584 2600 sublata
610 2558 798 2611 pecunia,
822 2558 988 2608 frugum
1014 2561 1176 2596 tantum
1202 2557 1455 2609 mancipium
1474 2556 1710 2595 hominibus
1734 2556 1815 2596 sit:

382 2717 410 2749 1.
432 2716 565 2756 Manil.,
584 2716 736 2753 Astron„
757 2715 812 2755 lv,
833 2717 893 2748 444
912 2718 946 2748 et
966 2724 1042 2756 sqq.
1063 2715 1209 2747 449-497.

381 2764 412 2796 2.
433 2762 527 2801 Sen„
550 2763 665 2803 Sum„
687 2763 728 2802 II,
746 2763 779 2794 2⁰
801 2763 856 2795 ed.
874 2762 1061 2802 Kiessling,
1085 2771 1120 2803 p.
1146 2762 1195 2793 13.

381 2811 410 2842 3.
432 2810 497 2848 1d.,
521 2809 694 2848 Contwv„
715 2810 786 2849 VII,
806 2811 836 2849 6,
857 2818 890 2850 p.
909 2809 980 2841 349.
