1930 3320
766 292 979 333 ..63-

114 383 310 436 gentibus
335 381 599 432 vertentique
622 381 768 420 mundi
796 381 952 421 circulo
974 381 1173 421 adversus
1194 382 1406 422 tribuatur
1432 381 1536 422 ordo
1559 381 1620 421 in-

116 449 331 501 vicemque
365 445 614 487 contrarius.
653 446 695 485 Si
727 446 839 485 enim
868 446 1092 486 intervalla
1121 447 1385 486 dinumerare
1418 446 1621 498 inceperis

115 514 292 554 adverso
311 511 438 563 signis
459 510 727 562 surgentibus
748 510 893 550 ordine
914 511 1200 563 progrediens,
1219 512 1400 564 primum
1423 511 1621 551 interval-

115 579 202 618 lum
222 578 332 617 infra
351 576 614 616 horizontem
637 575 689 614 ab
718 579 813 615 ortu
835 575 887 614 ad
917 576 1049 615 imum
1074 577 1218 616 orbem
1237 577 1426 628 pueritiae
1448 576 1615 625 referes,

114 643 294 696 alterum
324 641 377 680 ab
412 641 496 680 imo
526 641 626 680 orbe
668 641 721 680 ad
757 641 1016 681 horizontem
1053 655 1195 681 rursus
1236 654 1515 694 occasumque
1546 641 1617 693 ju-

113 710 264 755 ventae,
287 706 458 746 tertium
485 719 613 758 supra
634 705 893 745 horizontem
911 707 970 745 *ab
992 719 1142 746 occasu
1163 707 1216 747 ad
1240 719 1452 746 summum
1474 706 1619 746 orbem

114 772 290 813 maturis
311 772 446 820 annis,
467 775 666 823 quartum
689 771 869 824 denique
892 772 943 811 ab
969 772 1071 811 orbe
1098 783 1262 811 summo
1284 771 1341 827 ad.
1359 771 1618 810 horizontem

114 850 339 890 rursusque
379 837 430 877 ad
465 839 604 876 ortum
630 840 807 876 senectae
838 849 846 876 :
882 836 941 876 ita
968 840 1026 885 ut,
1062 839 1249 876 vertente
1279 836 1450 884 circulo,
1484 836 1620 886 prima

113 902 275 943 oriatur
306 902 495 954 pueritiae
531 901 744 952 assignata
782 914 900 954 pars,
942 902 1092 941 ultima
1127 901 1345 948 senectuti,
1388 900 1618 952 reddatque

113 967 298 1008 scientiae
319 967 426 1007 ratio
449 979 595 1006 verum
619 966 715 1006 vitae
737 979 921 1006 cursum.
947 969 1039 1006 Non
1057 970 1198 1006 autern
1219 979 1269 1005 ea
1290 965 1483 1005 Manilius
1505 977 1617 1004 com-

114 1033 251 1085 peruit
285 1044 463 1084 cumque
503 1044 591 1071 rem
630 1044 714 1071 non
746 1032 913 1084 penitus
951 1035 1238 1082 cognosceret,
1274 1043 1352 1070 nec
1388 1030 1618 1069 admodum

112 1097 380 1150 perspiceret,
404 1096 619 1149 quomodo
645 1109 687 1135 se
707 1096 898 1143 haberet,
922 1096 980 1135 ita
1001 1095 1225 1135 intervalla
1246 1095 1372 1135 variis
1397 1095 1493 1134 vitae
1516 1098 1618 1134 tem-

112 1162 286 1215 poribus
305 1161 460 1209 divisit,
479 1164 525 1199 ut
538 1161 719 1213 primum
741 1161 881 1200 locum
906 1173 1034 1213 supra
1052 1161 1311 1200 horizontem
1331 1160 1383 1200 ad
1405 1173 1615 1199 summum

110 1227 257 1267 orbem
272 1226 462 1279 pueritiae
481 1225 615 1274 daret,
632 1229 876 1278 ceterosque
892 1226 1087 1278 deinceps
1106 1226 1372 1266 dinumerare
1394 1230 1585 1278 pergeret
1605 1237 1614 1265 ε

111 1295 297 1332 vertente
317 1291 446 1342 igitur
466 1291 636 1338 circulo,
661 1291 795 1331 oritur
815 1291 999 1343 primum
1020 1291 1244 1331 senectutis
1271 1290 1475 1342 templum
1503 1290 1617 1342 quod

110 1357 222 1397 infra
241 1356 503 1396 horizontem
528 1356 580 1395 ad
610 1356 742 1394 imum
764 1356 910 1395 orbem
932 1356 1189 1405 extenditur,
1205 1355 1477 1407 pueritiaffque
1501 1354 1617 1394 locus

110 1416 246 1473 surgit
262 1421 448 1472 ultimus,
467 1433 562 1460 cum
582 1433 676 1473 quae
698 1433 796 1472 pars
815 1421 964 1459 mundi
981 1422 1073 1472 Jam
1094 1420 1357 1460 horizontem
1385 1421 1614 1472 superavit,

112 1486 263 1526 ultima
291 1498 340 1526 ea
372 1485 424 1525 sit
455 1485 507 1524 ad
538 1489 677 1524 ortum
713 1485 912 1524 reditura.
953 1485 1070 1524 Unde
1107 1497 1260 1524 novam
1295 1497 1393 1523 sane
1435 1485 1615 1535 figuram

112 1551 329 1598 habemus,
354 1563 448 1603 quae
481 1550 678 1589 humanae
708 1550 802 1590 vitae
839 1554 1029 1590 tenorem
1058 1550 1117 1589 ita
1146 1551 1287 1598 refert,
1315 1553 1359 1588 ut
1389 1549 1562 1601 incipiat
1592 1561 1618 1588 a

109 1619 338 1667 senectute,
361 1628 386 1654 a
403 1615 583 1667 pueritia
603 1619 744 1654 autem
774 1615 960 1654 desinat!

163 1681 294 1720 Porro
310 1680 527 1719 adnotavit
544 1679 729 1731 Scaliger
746 1680 772 1728 ¹,
790 1693 876 1719 non
892 1679 1022 1719 ullam
1036 1680 1122 1719 fere
1144 1684 1384 1731 temporum
1406 1680 1615 1718 rationem

107 1745 154 1786 in
182 1745 331 1798 quinto
364 1745 471 1784 libro
499 1749 656 1784 rectam
685 1757 788 1784 esse.
812 1746 887 1784 Hic
914 1749 1055 1784 autem
1079 1744 1262 1797 explicat
1285 1745 1480 1783 Manilius
1508 1757 1613 1796 quos

111 1822 250 1851 mores
282 1810 470 1850 tribuant
499 1814 638 1850 cetera
670 1813 784 1849 astra
813 1810 856 1853 in
888 1810 1110 1849 duodecim
1147 1810 1275 1862 signis
1306 1810 1497 1858 orientia,
1522 1822 1614 1861 quae

110 1879 224 1916 astra
251 1875 296 1914 in
332 1875 483 1927 quibus
508 1874 724 1926 signorum
757 1875 959 1927 cujusque
995 1874 1186 1927 partibus
1215 1879 1391 1925 surgant
1421 1875 1612 1926 viresque

109 1940 280 1981 socient.
303 1941 358 1979 Et
377 1943 466 1978 erat
495 1952 593 1978 sane
622 1939 928 1991 expectandum
956 1940 998 1979 in
1026 1952 1070 1979 re
1102 1943 1234 1986 tanta,
1255 1940 1298 1978 in
1323 1952 1406 1992 qua
1433 1952 1499 1978 ars
1526 1943 1616 1978 tota

112 2004 232 2058 quasi
258 2003 551 2044 continebatur
583 2008 623 2044 et
646 2004 956 2053 cumulabatur,
988 2018 1199 2044 summam
1227 2004 1445 2044 scribentis
1469 2017 1614 2044 curam

110 2070 200 2110 fore
221 2073 268 2109 ut
287 2069 429 2108 omnia
456 2073 743 2121 componeret.
767 2070 820 2108 At
847 2069 1040 2109 Manilius
1071 2070 1303 2122 quamlibet
1328 2070 1516 2122 priorum
1544 2082 1613 2108 ra-

111 2134 270 2174 tionem
307 2133 563 2187 perscripsit,
585 2146 632 2173 ac
665 2147 716 2173 ne
744 2134 937 2185 quaesivit
970 2134 1154 2185 quidem,
1184 2147 1277 2186 quae
1311 2135 1354 2172 in
1381 2135 1486 2174 facie
1523 2134 1615 2173 caeli

112 2203 276 2239 mutata
309 2202 494 2239 veterem
521 2199 612 2251 jam
646 2199 852 2238 rationem
878 2203 1041 2239 mutare
1069 2203 1288 2250 cogerent,
1318 2211 1392 2238 nec
1432 2211 1525 2250 quae
1563 2199 1612 2238 ad

110 2267 359 2318 praesentem
392 2264 484 2303 caeli
510 2263 662 2303 faciem
695 2263 1010 2316 responderent.
1041 2264 1175 2315 Igitur
1209 2264 1382 2303 vetustis
1415 2276 1490 2302 nec
1522 2263 1612 2315 jam

111 2329 234 2369 rectis
266 2328 451 2370 numeris
477 2332 711 2377 contentus,
731 2330 889 2368 Navem
915 2329 959 2368 in
988 2333 1139 2382 quarto
1177 2328 1328 2368 Arietis
1358 2328 1493 2379 gradu
1523 2340 1615 2367 sur-

110 2406 209 2446 gere
226 2393 337 2444 fecit,
357 2406 453 2434 cum
470 2393 588 2433 illam
612 2394 796 2446 Scaliger
816 2398 992 2434 testetur
1011 2395 1054 2433 in
1075 2393 1297 2434 undecimo
1313 2393 1461 2433 Cancri
1482 2393 1615 2444 gradu

109 2462 201 2498 tum
218 2463 356 2516 ortam
374 2459 513 2510 fuisse,
536 2459 732 2511 Aquilam
755 2464 896 2499 autem
917 2460 961 2498 in
988 2459 1238 2498 duodecimo
1265 2458 1439 2511 Aquarii
1460 2458 1611 2510 gradu,

109 2535 205 2576 quae
230 2527 322 2564 tum
343 2524 527 2577 quinque
552 2526 634 2564 fere
660 2524 775 2564 horis
802 2529 898 2564 ante
926 2524 1006 2564 hoc
1030 2528 1197 2577 tempus
1224 2524 1466 2563 oriebatur:
1497 2528 1536 2562 et
1564 2523 1614 2562 de

109 2587 259 2628 ceteris
283 2588 390 2628 falsa
414 2589 516 2629 item
542 2589 685 2629 omnia
704 2589 890 2629 tradidit.
915 2590 1015 2637 Quae
1036 2602 1136 2630 vero
1158 2589 1341 2629 scientiae
1366 2589 1469 2628 fides
1492 2601 1613 2640 supe-

157 2727 188 2758 1.
210 2725 379 2767 Scaliger.
404 2736 438 2767 p.
464 2728 522 2760 251
549 2730 584 2760 et
609 2729 680 2760 292.
706 2741 723 2758 «
744 2729 861 2767 Quare
885 2728 1052 2760 videmus
1081 2729 1273 2761 manifesto
1303 2731 1339 2760 et
1364 2727 1547 2760 Manilium
1579 2729 1615 2759 et

114 2773 305 2806 Firmicum
336 2775 504 2807 homines
533 2775 839 2819 ἀναστρολογήτους
869 2777 994 2815 fuisse,
1019 2785 1059 2808 ac
1086 2776 1166 2808 illos
1193 2776 1270 2808 sine
1300 2776 1371 2808 ullo
1399 2776 1541 2807 delectu
1573 2783 1615 2805 ea

112 2829 194 2861 quae
213 2821 273 2853 alii
290 2821 376 2853 caelo
394 2822 655 2855 conveniebant
680 2823 801 2855 Italico
822 2823 1123 2856 accommodasse.
1146 2824 1235 2856 Nam
1257 2822 1458 2855 differentia
1478 2825 1532 2854 est
1553 2820 1613 2852 ΧΠ

116 2867 296 2908 graduum
314 2867 398 2901 fere.
416 2880 432 2898 »ι
458 2868 508 2910 (Ρ.
529 2869 616 2910 251.)
