1942 3308
401 352 441 388 et
480 343 564 402 ipse
604 343 792 387 audiebat
820 342 975 398 Aetius,
1019 344 1070 389 ef.
1107 343 1233 400 Verg.
1266 343 1373 389 Aen.
1406 343 1511 388 VIII
1544 344 1638 390 704.
1700 345 1886 389 Phoebus

402 420 549 466 autem,
589 414 683 455 solis
714 419 753 455 et
793 413 891 454 lueis
922 412 1020 454 deus
1051 413 1246 467 (Φοῖβος,
1277 406 1418 467 φάος),
1450 414 1490 454 in
1521 413 1610 456 luc-e
1639 415 1798 470 genitus
1829 422 1888 456 est

401 474 659 536 (λυκηγενής,
698 479 854 536 λύκη-
883 480 971 534 lux)
1014 486 1054 522 et
1093 495 1165 536 pro
1206 480 1371 522 Phoebo
1410 481 1474 522 vel
1516 482 1709 538 Apolline
1750 482 1886 526 Solem

400 563 560 604 quoque
596 548 781 589 dicebant
811 548 995 591 Romani.
1058 547 1291 604 Apollinem
1325 555 1459 590 autem
1489 549 1522 590 si
1552 550 1783 605 Augustum
1815 565 1887 606 pu-

400 616 539 657 tabant
578 630 676 668 esse,
721 616 818 656 nihil
848 631 945 657 sane
975 622 1072 668 erat,
1115 631 1186 657 eur
1217 631 1295 657 non
1328 616 1466 659 Solem
1497 617 1670 659 eundem
1701 624 1741 659 et
1769 618 1888 660 duce·

406 690 496 724 rent
527 689 566 724 et
594 683 794 734 dicerent3
827 698 872 723 ae
902 683 1074 739 propitia
1096 683 1231 725 hercle
1261 684 1402 725 accidit
1424 685 1595 737 fortuna,
1628 691 1670 726 ut
1700 699 1750 727 ne
1771 685 1888 727 huius

405 749 567 806 quidem
599 751 719 791 moris
754 750 952 806 exemplis
983 750 1196 791 destitutus
1233 751 1319 794 sim.
1383 751 1539 793 Horatii
1570 753 1676 794 enim
1707 753 1746 794 in
1779 768 1888 795 meas

402 825 535 874 partes
577 818 710 860 licebit
751 833 895 859 vocare
936 818 961 861 l.
999 818 1057 858 IV
1088 833 1120 861 e.
1152 818 1191 870 5,
1233 834 1312 874 quo
1353 834 1509 861 summa
1547 822 1804 863 veneratione
1840 837 1887 863 ae

400 887 549 942 pietate
582 887 815 942 Augustum
844 887 1111 942 prosequitur.
1172 887 1312 942 Fingit
1340 887 1406 940 ibi⁷
1449 888 1639 944 quamdiu
1671 890 1890 946 imperator

403 970 434 994 av
457 955 584 1010 patria
616 955 730 1007 absit,
771 955 924 996 tamdiu
955 954 1094 996 deesse
1125 955 1247 996 solem
1280 956 1486 1004 nitentem.
1530 956 1598 1012 qui
1629 957 1734 998 veris
1764 958 1889 998 instar

401 1023 550 1078 populo
581 1022 795 1078 affulgeat3
828 1029 1040 1078 praesente
1071 1038 1167 1064 vero
1198 1023 1372 1066 Caesare
1394 1024 1585 1066 maiorem
1617 1039 1704 1066 csse
1733 1024 1887 1066 dierum

399 1090 671 1142 serenitatem,
726 1090 898 1132 recreari
940 1090 1078 1144 solem,
1118 1091 1288 1133 nitorem
1323 1092 1476 1147 augeri.
1545 1091 1702 1134 Audire
1733 1092 1890 1149 placeat

401 1159 556 1200 olorem
588 1158 718 1214 ipsum
749 1158 806 1198 sie
837 1164 1066 1199 canentem:

627 1227 818 1268 Lucem
845 1226 971 1267 redde
1000 1231 1104 1278 tuae,
1134 1227 1219 1268 dux
1250 1227 1357 1279 bone,
1380 1229 1579 1282 patriae:

624 1295 767 1336 Instar
797 1297 905 1336 veris
935 1297 1042 1336 enim
1072 1296 1202 1336 voltus
1234 1295 1302 1336 nbi
1330 1300 1427 1337 tuus

626 1363 884 1416 Adfulsit
906 1364 1078 1417 populo,
1107 1365 1274 1418 qratior
1303 1365 1336 1404 it
1364 1364 1452 1405 dies

627 1430 680 1471 Et
711 1431 814 1472 soles
844 1431 989 1471 melius
1019 1433 1162 1472 nitent.

400 1497 470 1540 Sol
523 1498 645 1553 igitur
695 1499 938 1554 reipublicae
983 1505 1043 1540 est
1082 1498 1317 1554 Augustus,
1360 1498 1507 1539 civium
1549 1499 1632 1541 lux.
1702 1497 1888 1549 Quocum

399 1566 486 1607 loeo
507 1581 715 1621 compares
738 1566 837 1609 Hor.
861 1581 893 1609 c.
917 1566 978 1608 IV
1001 1567 1038 1620 2,
1062 1567 1114 1608 46
1137 1582 1210 1622 sq„
1236 1567 1302 1607 ubi
1333 1572 1494 1622 recepto
1516 1565 1689 1608 Caesare
1711 1566 1889 1622 pulcher

402 1633 546 1674 dieitur
577 1633 659 1675 Sol.
681 1633 713 1687 ¹)
771 1635 864 1675 Non
908 1635 1037 1674 minus
1077 1635 1190 1675 suavi
1228 1634 1458 1675 adulatione
1486 1634 1711 1675 Honorium
1743 1634 1890 1690 prinei·

401 1715 492 1756 pem
533 1707 572 1741 et
616 1700 751 1744 Solem
799 1702 903 1743 inter
946 1716 988 1743 se
1031 1702 1161 1757 iungit
1200 1700 1445 1743 Claudianus
1486 1702 1536 1743 de
1578 1701 1636 1742 VI
1679 1701 1888 1743 consulatu

400 1768 571 1809 Honorii
603 1785 639 1811 v.
670 1769 752 1811 537
782 1784 863 1824 sq.:
910 1767 1004 1824 Ipse
1022 1771 1257 1824 favens...
1289 1784 1412 1811 cler„
1431 1802 1440 1811 .
1470 1770 1688 1824 Principis
1714 1775 1749 1811 et
1781 1770 1891 1812 Solis

400 1837 539 1878 radiis
571 1838 731 1878 detersa
772 1840 940 1878 removit
971 1837 1140 1889 Nubila,
1181 1851 1352 1892 quorum
1395 1837 1610 1878 verborum
1648 1851 1670 1878 e
1699 1843 1890 1879 contextu

406 1905 537 1946 elucet
573 1905 675 1945 sieut
713 1904 799 1947 Soli
843 1906 895 1946 ita
939 1905 1113 1961 Principi
1160 1912 1319 1961 poetam
1365 1904 1594 1946 attribuisse
1634 1905 1780 1950 radios.
1839 1905 1892 1946 Et

404 1987 507 2028 quae
529 1972 626 2013 alias
649 1972 809 2028 propria
832 1971 936 2015 Solis
959 1973 1045 2013 laus
1063 1978 1133 2026 est,
1166 1980 1209 2013 ut
1229 1972 1367 2014 nubila
1394 1972 1504 2013 caelo
1529 1971 1762 2028 dispell‘at‚²)
1793 1973 1893 2014 haec

404 2040 511 2096 apud
539 2040 807 2082 Claudianum
841 2040 1022 2082 Honorio
1064 2040 1232 2096 Solique
1269 2048 1329 2081 est
1359 2040 1595 2083 communis.
1656 2039 1894 2096 Eodemque

402 2110 520 2151 modo
550 2125 639 2150 eum
672 2110 755 2151 sole
785 2109 1061 2150 inardescente
1099 2109 1301 2164 radiisque
1338 2109 1520 2163 fulgente
1557 2114 1813 2164 comparatur
1841 2109 1893 2158 ab

402 2179 551 2222 Ovidio
584 2178 842 2230 Octavianus,
876 2179 915 2218 in
946 2178 1057 2219 cuius
1086 2178 1185 2221 trist.
1217 2178 1243 2220 l.
1275 2177 1315 2218 II
1346 2193 1382 2220 v.
1414 2177 1496 2219 323
1524 2177 1624 2219 haec
1650 2182 1766 2218 sunt:

570 2247 761 2302 Denique
789 2260 879 2287 cnm
908 2249 1068 2287 meritis
1098 2247 1329 2301 impleveris
1360 2247 1512 2296 omnia,
1545 2244 1713 2297 Caesar,

573 2315 686 2355 Pars
714 2314 817 2356 mihi
846 2315 895 2356 cle
924 2316 1066 2356 multis
1096 2329 1182 2355 ¹mm
1214 2314 1403 2356 canenda
1421 2313 1527 2367 fuit.

539 2427 563 2467 ¹)
582 2429 622 2460 cf.
639 2428 702 2460 Ov.
719 2438 749 2461 a.
768 2438 798 2460 a.
813 2429 828 2460 I
843 2430 907 2460 ‘213
928 2428 984 2470 qui
1003 2428 1188 2470 alloquitur
1206 2429 1395 2470 Augustum
1422 2439 1442 2469 p
1456 2425 1726 2459 ulcherrime
1751 2435 1892 2458 rerum

401 2487 434 2516 ct
458 2483 586 2516 Lucan.
612 2485 722 2526 phars.
748 2486 762 2517 I
787 2487 829 2517 48
857 2488 1031 2517 mutato
1055 2485 1161 2517 sole.

536 2541 561 2580 2)
587 2542 627 2572 ef.
652 2542 691 2572 A.
721 2542 820 2573 Riese
853 2541 994 2573 Anthol.
1029 2542 1104 2572 Lat.
1132 2541 1216 2572 1869
1250 2543 1335 2580 part.
1359 2540 1462 2581 prior.
1497 2540 1578 2572 fase.
1604 2539 1630 2571 1.
1654 2550 1687 2581 p.
1711 2540 1776 2571 250
1801 2549 1893 2573 num.

402 2597 466 2628 589
493 2596 526 2627 in
554 2597 690 2628 laudem
718 2597 816 2629 Solis,
846 2615 883 2619 -
910 2596 1158 2638 Respiciendae
1190 2600 1369 2638 praeterea
1407 2600 1504 2628 erunt
1537 2596 1806 2638 comparationes
1832 2595 1894 2626 im·

401 2653 565 2694 perator-is
592 2663 665 2684 eum
691 2653 782 2692 Sole,
815 2663 899 2693 quas
925 2653 1016 2693 apud
1044 2663 1098 2684 eos
1126 2653 1268 2694 legimus
1295 2652 1353 2694 qui
1386 2655 1462 2696 περὶ
1485 2654 1653 2694 βασιλείας
1675 2651 1894 2692 seripserunt,

401 2710 442 2740 eff.
470 2710 568 2741 Dion.
596 2709 767 2750 chrysost.
792 2709 807 2740 1
835 2721 865 2751 p.
889 2711 943 2740 51.
968 2709 1019 2740 111
1045 2720 1065 2750 p
1096 2711 1167 2749 125,
1198 2710 1271 2750 126,
1302 2708 1500 2748 128,a1ibi;
1527 2708 1612 2740 talia
1636 2707 1775 2750 collegit
1801 2707 1896 2739 Gott-

401 2763 460 2796 lob
486 2767 658 2797 Barner
683 2769 925 2806 comparantur
941 2767 1032 2797 inter
1049 2775 1083 2798 se
1104 2765 1226 2798 Graeci
1245 2765 1286 2797 de
1306 2775 1373 2808 reg.
1390 2765 1478 2798 hom.
1503 2765 1577 2797 virt.
1604 2767 1690 2796 auot.
1719 2762 1895 2806 Marburgi

404 2822 504 2855 1889.
