1910 3250
958 287 1231 327 ..3ss-

373 419 459 444 eum
494 410 713 444 monstrare
747 407 923 455 quamvis
957 407 1119 444 volebat
1146 419 1225 444 non
1252 408 1396 456 potuit.
1423 430 1472 436 —
1501 408 1684 447 Ceterum
1711 420 1806 458 quo-

373 474 477 511 niam
524 475 564 510 in
611 474 886 511 enumerandis
935 474 1105 512 siderum
1151 475 1344 523 genituris
1386 477 1567 514 omnibus
1609 476 1806 514 orationis

373 541 650 589 aequabilitati
691 541 788 579 satis
829 553 973 590 operae
1008 542 1120 580 dedit
1153 545 1202 589 et,
1244 542 1349 590 quod
1384 544 1565 591 equidem
1599 543 1731 592 sciam,
1771 544 1806 581 si

372 608 574 656 exceperis
592 608 769 656 Libram,
797 608 845 645 de
866 620 942 656 qua
960 611 1101 656 postea
1120 610 1339 647 accuratius
1359 610 1590 659 videbimus,
1617 623 1664 648 ne
1683 622 1802 648 unum

374 675 529 723 quidem
557 675 665 712 sidus
699 676 781 713 ulla
814 675 930 713 laude
964 675 1184 724 insignivit,
1213 676 1307 724 quid
1335 682 1406 725 est⁷
1435 689 1503 715 cur
1529 681 1688 727 poetam
1714 677 1805 715 aliis

371 741 675 792 scriptoribusss)
724 742 998 785 conferamus?
1062 743 1127 780 An
1173 743 1341 781 Iacobus
1382 745 1669 794 pervestigavit
1709 757 1807 791 eum,

371 809 482 846 cuius
511 810 733 858 exemplum
761 809 943 847 omnibus
972 811 1144 848 numeris
1172 810 1468 860 exprimendum
1494 811 1806 850 Astronomicon

369 879 510 914 auctor
546 876 622 914 sibi
657 876 896 926 proposuit?
953 877 1041 924 Qua
1068 877 1109 914 in
1136 889 1177 916 re
1205 878 1323 916 etiam
1352 877 1398 915 O.
1429 877 1634 928 Gruppius
1661 879 1808 916 frustra

369 943 464 981 mihi
500 943 660 981 videtur
695 956 828 982 omnes
866 956 1007 982 nervos
1042 946 1307 993 contendisse,
1342 957 1428 983 cum
1455 946 1678 995 nuperrime
1705 946 1807 984 Var-

367 1011 478 1049 ronis
517 1010 819 1060 disciplinarum
860 1012 1004 1050 librum
1045 1012 1107 1050 VI
1141 1026 1164 1051 a
1198 1013 1368 1051 Manilio
1397 1012 1576 1051 versibus
1613 1013 1808 1052 inclusum

368 1089 453 1116 esse
480 1079 651 1127 probare
679 1078 901 1127 studeret.⁹)

472 1145 582 1193 Quae
610 1146 684 1184 etsi
714 1146 771 1183 ita
798 1150 902 1195 sunt,
936 1158 1015 1184 non
1044 1150 1173 1184 tamen
1201 1147 1363 1185 dubium
1391 1147 1588 1196 existimo,
1616 1148 1711 1196 quin
1740 1147 1806 1186 Ti-

366 1213 468 1251 berii
504 1214 633 1251 thema
668 1213 710 1250 in
744 1213 1059 1252 Astronomicon
1094 1219 1234 1263 quarto
1269 1215 1340 1252 illo
1378 1225 1491 1262 quem
1525 1215 1681 1253 ostendi
1716 1215 1806 1253 loco

367 1281 552 1330 supersit.
612 1279 706 1318 Non
742 1284 802 1318 est
836 1281 938 1318 enim
974 1286 1281 1320 consentaneum
1314 1281 1536 1329 Manilium,
1570 1285 1614 1319 ut
1647 1281 1807 1319 fatalem

366 1349 539 1386 omnium
590 1356 719 1386 rerum
773 1349 1049 1386 necessitatem
1103 1349 1142 1386 in
1197 1349 1356 1398 ignibus
1410 1348 1646 1386 caelestibus
1692 1349 1807 1386 sitam

366 1419 612 1464 coargueret,
648 1415 697 1452 ab
735 1415 979 1464 aequalibus,
1015 1427 1182 1464 quorum
1209 1426 1321 1478 casus
1351 1414 1569 1454 clarissima
1595 1427 1711 1454 verae
1737 1415 1807 1454 do-

365 1482 516 1520 ctrinae
558 1484 739 1532 exempla
780 1494 864 1520 esse
904 1483 1075 1532 possint,
1115 1483 1166 1520 ad
1206 1484 1361 1532 priores
1389 1483 1629 1521 discessisse.
1679 1482 1807 1532 Atqui

366 1550 399 1586 si
434 1550 510 1587 iam
545 1551 601 1599 (p.
630 1550 669 1600 9)
706 1552 877 1596 constat,
916 1549 1102 1599 Augusto
1140 1550 1297 1588 saeculo
1332 1550 1479 1588 vixisse
1513 1556 1686 1600 poetam,
1724 1555 1806 1590 tum

366 1617 523 1665 quidem
551 1629 663 1656 nemo
693 1622 732 1654 et
759 1617 984 1654 faventibus
1007 1616 1228 1666 Scorpione
1257 1628 1327 1654 nec
1347 1629 1458 1654 secus
1479 1617 1700 1666 Sagittario
1719 1630 1807 1656 cum

363 1685 539 1723 Arcturo
569 1684 830 1734 triumphavit
858 1688 909 1731 et,
938 1684 1138 1722 saeviente
1167 1696 1245 1722 non
1275 1684 1391 1722 modo
1421 1684 1502 1722 telo
1533 1684 1805 1728 Arcitenentis

364 1764 498 1790 verum
533 1753 651 1790 etiam
685 1752 811 1790 cauda
844 1752 983 1801 Nepae
1020 1752 1212 1800 Fortuna,
1246 1753 1346 1790 facie
1380 1752 1510 1789 laesus
1538 1753 1613 1790 fuit
1638 1757 1807 1818 praeter

365 1819 580 1858 Tiberium.
647 1820 715 1858 Ad
755 1821 858 1858 hunc
898 1820 1022 1868 igitur
1062 1820 1268 1858 referenda
1308 1820 1503 1868 videntur,
1552 1830 1806 1868 quaecunque

366 1888 564 1926 sideribus
593 1888 674 1925 illis
703 1888 932 1936 astrologus
961 1888 1158 1926 attribuit.
1210 1887 1272 1925 Ac
1301 1888 1487 1936 quoniam
1512 1886 1739 1936 Augustum
1764 1887 1805 1924 iu

365 1955 483 1992 simili
518 1955 669 1992 honore
703 1954 841 1992 haberi
876 1967 954 1992 non
989 1954 1095 2003 licet,
1129 1955 1310 2002 profecto
1339 1965 1496 1992 necesse
1525 1957 1586 1992 est
1613 1957 1658 1991 ut
1685 1965 1806 2003 supra

363 2022 577 2060 concludas
605 2025 825 2070 quartum
855 2023 1010 2070 quidem
1030 2021 1342 2060 Astronomicon
1371 2021 1515 2059 librum
1542 2021 1805 2071 compositum

365 2102 450 2128 esse
478 2094 572 2139 post
598 2093 795 2127 mortuum
824 2089 1098 2128 Octavianum.

466 2157 554 2204 Quo
598 2157 726 2196 denuo
769 2158 941 2207 probato
983 2169 1041 2195 me
1077 2168 1239 2205 sequere
1267 2157 1321 2194 sis
1349 2157 1389 2193 in
1419 2157 1561 2204 locum,
1603 2167 1716 2204 quem
1743 2156 1802 2194 in-

364 2224 502 2273 primis
531 2224 749 2262 Merkelius
782 2236 853 2262 nec
880 2236 959 2262 non
988 2224 1157 2261 Iacobus
1185 2224 1547 2272 frequentaverunt.
1600 2223 1676 2262 Est
1702 2223 1805 2262 enim

366 2291 542 2329 eiusdem
569 2292 663 2329 libri
691 2291 783 2329 inde
811 2303 835 2328 a
861 2302 917 2327 vs.
947 2292 1019 2328 763
1047 2291 1290 2339 compositus
1317 2290 1378 2328 his
1406 2290 1556 2328 verbis:

500 2374 671 2420 „Virgine
696 2376 762 2411 sub
789 2377 890 2410 casta
915 2374 999 2409 felix
1022 2376 1190 2419 terraque
1216 2374 1375 2419 marique

498 2432 565 2466 Est
587 2432 792 2475 Rhodos,
815 2431 1064 2475 hospitium
1090 2431 1258 2465 recturi
1283 2429 1506 2475 principis
1532 2430 1683 2464 orbem

499 2487 662 2532 Tumque
688 2488 814 2522 domus
839 2497 921 2521 vere
947 2485 1053 2530 Solis,
1078 2487 1134 2522 cui
1157 2488 1237 2521 tota
1260 2489 1406 2521 sam-ata
1429 2489 1495 2527 est,

501 2543 590 2578 Cum
616 2545 763 2588 caperet
786 2543 933 2578 lumen
957 2542 1103 2586 magni
1127 2543 1205 2577 sub
1231 2541 1424 2577 Caesare
1450 2553 1543 2576 mun
1556 2542 1624 2578 di.“

464 2627 554 2664 Hac
594 2627 635 2663 in
677 2626 862 2664 carminis
900 2630 1041 2675 parte,
1066 2626 1134 2664 ubi
1176 2628 1316 2664 auctor
1352 2626 1486 2664 orbem
1514 2630 1706 2664 terrarum
1732 2639 1804 2676 per

452 2767 482 2813 ⁸)
510 2766 580 2803 cfr.
607 2766 726 2802 Germ.
751 2767 856 2802 Arat.
881 2767 1070 2803 393-413.
1117 2766 1144 2809 9)
1167 2766 1326 2802 Hermae
1350 2766 1417 2803 vol.
1441 2766 1506 2811 XI,
1530 2778 1565 2812 p.
1589 2766 1755 2803 235—39.
