1930 3320
914 247 936 258 ,-

796 272 851 277 ,-.-,
921 258 932 285 1
998 270 1052 274 —-

175 375 278 431 quid
312 389 368 416 ex
400 373 574 430 optimis
607 371 830 413 codicibus
862 372 1100 421 enotasset,
1132 370 1280 411 docuit
1308 383 1391 419 me,
1423 367 1686 421 ubicumque

176 444 229 486 de
271 443 480 484 librorum
524 443 714 484 lectione
761 454 846 481 non
897 439 1002 480 satis
1051 444 1249 481 constare
1300 438 1404 479 mihi
1445 435 1687 477 videbatur.

172 513 327 568 Itaque
371 512 531 554 eximia
560 509 768 552 Becher-ti
798 508 883 550 fide
916 509 1108 549 nituntur
1138 509 1268 563 longe
1301 506 1488 563 plurima
1521 519 1578 547 ex
1609 505 1686 551 eis,

173 595 282 638 quae
314 581 477 636 passim
508 579 561 621 de
594 578 791 620 codicum
822 577 1009 619 lectione
1042 577 1273 619 adnotabo.

288 649 447 691 Libelli
477 648 564 690 mei
595 651 743 703 partes
775 647 836 687 ita
868 646 1084 702 disposui,
1126 650 1174 687 ut
1205 646 1249 686 in
1281 644 1422 700 capite
1456 643 1594 698 primo
1627 640 1687 682 de

173 723 302 761 arte
357 718 583 760 metrica
628 717 872 767 Manilii,
935 717 1073 757 altero
1127 715 1190 757 de
1241 714 1485 773 flexione
1533 717 1577 753 et
1629 710 1688 752 de

179 788 332 844 copia
354 787 643 839 verborum,
668 786 797 827 tertio
818 785 876 827 de
899 785 1287 841 particularum
1311 781 1688 827 collocatione,

177 862 329 914 quarto
381 857 445 899 de
498 856 699 912 figuris
752 860 802 897 et
856 855 1058 911 tropis,
1119 855 1266 910 quinto
1292 860 1297 869 ‘
1319 852 1506 907 denique
1560 865 1688 906 agam

175 927 235 970 de
280 926 555 978 versibus,
593 926 644 966 in
681 925 880 980 quibus
913 924 1182 965 Manilius
1222 923 1462 965 aliorum
1499 926 1688 977 poeta-

176 1010 291 1038 rum
329 1010 528 1037 versus
568 995 818 1036 imitatus
859 999 958 1043 est:
997 1009 1079 1036 nec
1112 998 1282 1043 metuo,
1326 1008 1380 1035 ne
1412 992 1563 1034 videar
1602 1005 1690 1032 ma-

174 1067 329 1108 teriam
359 1066 487 1107 nimis
520 1066 656 1106 multa
677 1066 720 1106 in
742 1079 905 1120 genera
924 1064 1175 1120 digessisse.
1237 1064 1305 1106 De
1332 1077 1527 1115 casuum,
1558 1076 1686 1118 prae-

177 1136 462 1192 positionum,
507 1135 732 1177 modorum
773 1135 896 1176 verbi
942 1150 1024 1177 usu
1066 1134 1301 1176 Maniliano
1348 1134 1432 1175 alio
1479 1134 1575 1174 loco
1622 1145 1690 1172 me

177 1206 280 1248 olim
311 1205 446 1247 verba
475 1205 689 1246 facturum
722 1219 849 1260 spero
869 1203 915 1260 ¹).

782 1479 1029 1521 CAPUT
1062 1480 1097 1521 I.

620 1578 685 1613 De
719 1579 816 1613 arte
846 1577 1038 1613 metrica
1067 1577 1258 1615 Manilii.

291 1664 359 1707 De
413 1669 504 1707 arte
547 1665 715 1706 Manilii
763 1665 942 1706 metrica
996 1665 1274 1721 expositurus
1328 1666 1516 1722 primum
1565 1680 1692 1721 agam

176 1732 238 1774 de
270 1733 502 1782 ratione,
544 1747 645 1788 qua
681 1734 730 1774 in
761 1733 1099 1774 hexametris
1137 1733 1345 1789 dactyli
1376 1738 1428 1775 et
1461 1734 1692 1790 spondei

178 1816 205 1844 a
249 1806 406 1859 poeta
451 1803 790 1844 misceantur.
866 1802 934 1844 De
974 1816 1058 1858 qua
1101 1817 1146 1844 re
1187 1817 1283 1844 cum
1331 1803 1431 1844 olim
1477 1804 1692 1845 rettulerit

177 1869 461 1912 Drobisch
517 1871 584 1912 in:
658 1870 853 1913 Berichte
907 1871 1029 1912 ueber
1085 1871 1152 1912 dc'e
1211 1871 1566 1926 Verlaaudlvmyen
1616 1872 1691 1914 der

178 1938 371 1992 Koem'yl.
403 1939 693 1981 Saechsischen
729 1938 1005 1995 Gescllschaft
1034 1939 1107 1981 der
1127 1940 1496 1996 Wissensehaften,
1522 1942 1690 1994 philol.-

180 2006 321 2048 histor.
357 2006 511 2058 Classe,
549 2010 667 2059 1866,
699 2024 740 2065 p.
776 2011 827 2049 75
861 2023 980 2064 sqq„
1010 2009 1087 2050 ubi
1118 2024 1159 2065 p.
1194 2011 1274 2050 107
1307 2025 1398 2066 sqq.
1431 2010 1486 2053 de
1518 1996 1690 2052 Manilii

181 2075 434 2118 hexametro
481 2077 616 2118 verba
664 2077 788 2129 facit,
837 2081 983 2119 tamen
1027 2079 1326 2133 quaestionem
1381 2080 1499 2121 illam
1545 2080 1687 2123 denuo

181 2160 414 2201 aggressus
477 2161 626 2189 omnes
676 2147 846 2188 Manilii
891 2148 1170 2190 hexametros
1228 2150 1490 2205 perlustravi
1538 2150 1690 2193 Iacobi

183 2215 419 2258 editionem
452 2222 645 2258 secutus:
677 2232 777 2258 nam
808 2217 1003 2273 quamvis
1035 2217 1151 2259 haud
1181 2219 1375 2260 nesciam
1399 2221 1548 2262 multis
1580 2222 1689 2264 locis

181 2285 296 2327 hunc
327 2286 465 2327 virum
497 2286 669 2327 doctum
695 2301 720 2327 a
748 2291 868 2328 recta
895 2287 1081 2329 lectione
1105 2287 1347 2341 deerrasse,
1382 2289 1511 2331 immo
1535 2305 1690 2347 saepe-

181 2368 361 2397 numero
394 2356 478 2397 iam
510 2355 669 2397 dudum
702 2361 896 2398 correcta
928 2356 1069 2399 denuo
1101 2357 1390 2414 depravasse,
1430 2363 1577 2402 tamen
1617 2365 1692 2402 aut

274 2470 299 2512 ¹)
324 2469 367 2503 In
390 2469 555 2505 versibus
580 2462 739 2506 citandis
770 2471 828 2505 his
858 2483 944 2506 usus
977 2484 1056 2506 sum
1087 2471 1330 2508 editionibus:
1363 2474 1404 2509 T.
1430 2473 1577 2509 Lucreti
1609 2474 1692 2509 Cari

180 2525 226 2560 de
249 2536 371 2560 rerum
394 2528 527 2561 natura
558 2527 645 2562 libri
670 2539 732 2563 sex
757 2528 909 2564 Carolus
935 2528 1149 2564 Lachmann
1182 2531 1366 2566 recensuit
1398 2533 1436 2566 et
1468 2532 1691 2566 emendavit.

182 2582 297 2618 editio
322 2586 465 2628 quarta.
514 2585 632 2620 Berol.
663 2587 762 2621 1871.
820 2587 975 2626 Catulli,
1014 2587 1170 2628 Tibulli,
1209 2589 1392 2634 Propertii
1424 2589 1588 2624 carmina
1621 2601 1690 2624 rec.

181 2639 365 2676 Lucianus
394 2641 559 2677 Mueller.
614 2643 761 2688 Lipsiae
795 2645 892 2679 1870.
948 2645 988 2680 Ρ.
1012 2645 1171 2690 Vergilii
1197 2646 1359 2682 Maronis
1397 2658 1508 2692 opera
1543 2658 1691 2692 recogn.

183 2697 224 2732 O.
250 2694 426 2734 Ribbeck.
480 2699 626 2745 Lipsiae
660 2702 758 2736 1872.
815 2702 855 2737 Ρ.
883 2702 1036 2737 Ovidius
1060 2704 1159 2739 Naso
1192 2715 1236 2739 ex
1267 2715 1413 2750 recogn.
1440 2705 1483 2739 R.
1509 2704 1691 2740 Merkelii.

183 2755 331 2800 Lipsiae
350 2757 438 2791 1872
460 2769 512 2801 sq.
560 2758 609 2792 M.
634 2759 766 2794 Manili
791 2760 1072 2796 Astronomicon
1097 2762 1184 2796 libri
1209 2762 1374 2807 quinque
1398 2774 1468 2797 rec.
1492 2762 1548 2796 Fr.
1570 2762 1690 2796 Iacob.

183 2812 301 2848 Berol.
330 2814 428 2848 1846.
476 2814 612 2851 Poetae
638 2815 761 2855 Latini
786 2817 945 2853 minores
968 2830 1039 2859 rec.
1065 2819 1245 2859 Aemilius
1262 2820 1447 2854 Baehrens
1472 2819 1543 2854 vol.
1561 2820 1689 2855 Ι-ΙΙΙ,

184 2869 331 2923 Lipsiae
357 2871 445 2906 1879
470 2884 548 2923 sqq.
