1936 3392
870 808 902 850 I.

258 919 348 962 Lib.
374 918 414 974 Ι,
445 932 482 960 v.
510 918 696 960 20—27
732 917 794 959 ed.
819 916 972 958 Jacob:

283 1002 403 1044 Bina
434 1001 546 1044 mihi
569 1001 729 1057 positis
761 1001 904 1043 lucent
933 998 1094 1042 altaria
1123 997 1342 1054 flammis,-

281 1074 353 1116 Ad
381 1074 467 1116 duo
500 1073 658 1129 templa
682 1086 848 1128 precor,
880 1070 1048 1126 duplici
1077 1070 1374 1112 circumdatus
1404 1072 1539 1122 aestu,

287 1145 508 1188 Carminis
538 1148 579 1186 et
609 1158 781 1195 rerum;
814 1146 930 1186 certa
960 1157 1062 1185 cum
1093 1143 1176 1197 leye
1207 1145 1433 1184 canentem

281 1217 483 1259 Mundus
514 1220 554 1258 et
582 1216 796 1258 immenso
827 1218 969 1256 vatem
1000 1213 1321 1269 circumstrepit
1351 1213 1461 1266 orbe,

288 1289 451 1344 Vimque
479 1289 622 1330 soluta
651 1288 747 1329 suis
779 1286 984 1328 immittit
1014 1285 1143 1327 verba
1171 1285 1342 1340 fiyuris

288 1359 426 1411 Quem
449 1360 654 1415 primum
684 1358 874 1400 interius
906 1357 1030 1399 licuit
1060 1370 1304 1412 coynoscere
1336 1355 1491 1398 terris?

283 1431 476 1473 Munera
506 1431 746 1473 caelestum.
815 1429 925 1480 Quis
955 1429 1092 1483 enim,
1125 1428 1408 1471 condentibus
1437 1428 1540 1482 illis,

289 1501 512 1558 Olepsisset
541 1502 663 1558 furto
694 1502 932 1555 mundum,
964 1514 1049 1556 quo
1080 1504 1237 1542 cuncta
1267 1501 1510 1556 reyuntur?

259 1586 476 1628 Vel-suum
509 1587 564 1626 25
598 1589 639 1627 et
671 1585 744 1638 26,
788 1585 933 1639 quales
963 1584 1161 1639 procudit
1190 1583 1343 1638 Jacob,
1386 1585 1637 1626 sententiam

139 1670 360 1712 nunquam
385 1656 595 1712 ‚expedire
630 1657 762 1712 potui.
824 1655 973 1711 Neque
1011 1655 1220 1711 Scaligero
1257 1669 1396 1711 neque
1433 1655 1638 1709 Bentleio⁷

141 1741 324 1784 quorum
354 1728 458 1770 alter
487 1728 675 1783 scripsit:

270 1811 426 1862 Quem
450 1812 655 1867 primum
684 1811 879 1867 infernis
910 1811 1035 1853 licuit
1065 1825 1311 1866 coynoscere
1343 1811 1470 1854 terris

283 1883 475 1925 Munera
505 1883 763 1925 caelestum?

139 1966 261 2008 aiter:

288 2037 426 2089 Quem
451 2038 655 2094 primum
686 2039 876 2080 interius
908 2039 1033 2080 be'cuit
1063 2053 1308 2094 coynoscere
1338 2040 1506 2081 caelum

282 2109 468 2152 Munere
498 2111 756 2152 caelestum?

139 2206 206 2236 res
235 2193 416 2235 feliciter
441 2195 575 2236 cessit.
633 2194 742 2236 Nam
775 2195 914 2236 cuivis
944 2198 1118 2252 apparet
1148 2199 1190 2236 et
1219 2195 1446 2250 „infernis
1478 2196 1638 2237 tervis“

138 2265 350 2307 insulsum
395 2279 502 2320 esse,
545 2270 587 2308 et
629 2281 851 2321 „munera
888 2267 1117 2309 caelestum
1126 2268 1150 2287 “
1189 2279 1275 2308 non
1318 2266 1472 2309 idoneo
1509 2280 1637 2309 sensu

138 2349 215 2392 pro
251 2371 277 2391 „
286 2350 354 2379 res
389 2337 564 2380 divinas
573 2339 599 2359 “
635 2339 723 2380 sive
759 2372 784 2392 ,‚
794 2338 990 2380 caelestia
999 2339 1024 2359 “
1061 2339 1180 2394 poni,
1223 2342 1266 2380 et
1295 2339 1496 2392 „caelum
1505 2340 1530 2360 “
1560 2352 1636 2395 pro

138 2408 334 2462 „terris“
371 2409 573 2452 audacius
616 2410 763 2452 subici.
833 2409 944 2460 Quid
984 2409 1098 2465 quod
1135 2409 1338 2452 Manilius
1376 2412 1471 2466 quis
1507 2410 1638 2452 fuerit

138 2480 301 2535 primus
342 2480 431 2535 ille,
475 2482 544 2522 cui
587 2481 752 2523 caelum
795 2482 976 2523 interius
1020 2494 1272 2537 cognoscere
1308 2482 1493 2536 licuerit,
1535 2495 1637 2523 nus—

140 2564 269 2606 quam
298 2551 485 2594 indicat?

259 2622 357 2666 God.
397 2623 558 2667 Grembl.
597 2625 740 2667 habet:
794 2626 986 2668 Munera
1026 2626 1093 2667 vel
1133 2640 1324 2668 munere.
1391 2625 1456 2667 Tu
1499 2625 1636 2667 scribe

139 2707 319 2737 munere
345 2695 408 2749 (cf.
434 2696 459 2737 1.
485 2695 546 2750 11,
576 2711 613 2737 V.
643 2698 745 2738 115:
786 2697 894 2747 Quis
925 2698 1089 2739 eaelum
1116 2701 1262 2753 posset
1286 2697 1378 2739 nisi
1401 2697 1508 2738 caeli
1531 2711 1632 2738 mu—

139 2778 240 2808 nere
269 2768 436 2820 nosse?)
469 2771 511 2809 et
540 2768 640 2810 tolle
670 2769 896 2810 molestum
928 2769 1043 2810 istud
1075 2770 1413 2824 interrogationis
1445 2769 1634 2823 signum3

139 2837 226 2878 iam
256 2839 397 2880 omnia
426 2839 552 2894 plana
581 2839 704 2882 fient:

289 2920 425 2971 Quem
448 2923 654 2978 primum
683 2924 874 2966 interius
905 2924 1030 2966 licuit
1060 2938 1304 2979 cognoscere
1337 2923 1463 2965 terris

283 2991 466 3036 Munere
496 2996 734 3037 caelestum.

1328 3078 1346 3113 1
