1936 3392
837 295 892 336 29

165 443 378 487 Manilium
429 442 678 484 Antiochum
730 440 874 491 illum,
928 441 978 483 de
1028 454 1111 495 quo
1144 452 1266 496 supra
1298 453 1430 480 sermo
1463 442 1574 489 erat,

164 521 391 564 condidisse
445 519 598 561 Romae
649 518 811 561 Plinius
862 522 1049 560 testatur.
1065 517 1090 572 ¹)
1155 515 1271 559 Inter
1319 516 1576 558 doctissimos

165 598 386 654 astrologos
419 598 543 639 etiam
577 596 854 638 numerandus
889 600 950 637 est
983 591 1052 650 qui
1089 599 1183 637 ante
1200 593 1432 651 proelium,
1469 593 1578 650 apud

164 676 346 734 Pydnam
397 676 679 726 commissum,
731 674 853 716 lunae
903 674 1107 716 defectum
1157 672 1388 730 praedixit,
1451 671 1582 714 Gaius

166 750 371 807 Sulpicius
421 749 620 804 Gallus.2)
685 746 815 790 Varro
865 749 914 790 de
963 747 1187 803 astrologia
1230 746 1408 803 scripsit.
1422 745 1452 803 ³)
1517 745 1581 787 De

165 830 296 874 Lucio
328 829 496 871 Tarutio
529 829 745 879 Firmano,
781 828 972 871 familiari
1005 843 1081 870 suo
1105 827 1248 869 Cicero
1271 826 1435 884 scripsit
1458 826 1579 868 haec:

168 908 399 966 „imprimis
447 907 703 950 Chaldaeicis
752 906 982 949 rationibus
1034 907 1247 958 eruditus,
1301 905 1412 948 urbis
1456 906 1580 948 etiam

167 992 330 1031 nostrae
377 986 555 1029 natalem
605 986 710 1029 diem
747 985 960 1043 repetebat
993 985 1043 1028 ab
1076 986 1127 1028 iis
1160 984 1389 1038 Parilibus,
1431 984 1582 1040 quibus

169 1079 258 1109 eam
290 1080 315 1107 a
345 1063 523 1107 Romulo
556 1063 764 1106 conditam
797 1063 1030 1120 accepimus
1047 1096 1059 1115 ,
1095 1062 1371 1119 Romamque,
1404 1064 1448 1105 in
1482 1063 1583 1119 iugo

169 1157 263 1185 eum
296 1141 556 1193 esset'luna,
607 1145 744 1183 natam
779 1155 864 1182 esse
898 1140 1060 1183 dicebat
1092 1154 1167 1182 nec
1199 1140 1290 1183 eius
1323 1140 1407 1182 fata
1441 1154 1586 1183 canere

170 1220 431 1264 dubitabat.'’
455 1221 487 1276 ⁴¹)
550 1221 613 1263 De
662 1221 743 1262 alio
777 1221 985 1263 Ciceronis
1019 1220 1211 1276 aequali,
1261 1220 1483 1277 Nigidium
1517 1220 1584 1264 Fi-

172 1299 318 1356 gulum
351 1299 465 1351 dico,
499 1302 608 1341 recte
641 1298 848 1340 Martinus
886 1298 1040 1340 Hertz:
1093 1297 1286 1351 „Quodsi
1318 1313 1402 1341 non
1426 1298 1585 1341 dubita-

173 1392 264 1420 mus
275 1409 293 1429 ,Α
335 1377 474 1431 inquit
491 1409 502 1427 ,
554 1377 653 1432 quin
704 1375 904 1432 Nigidius
937 1381 979 1418 et
1011 1375 1309 1432 Pythagoricae
1344 1377 1586 1434 disciplinae

175 1470 326 1497 assecla
372 1454 497 1497 fuerit
543 1459 586 1496 et
632 1455 911 1505 resuscitator,
952 1460 994 1496 et
1025 1454 1227 1510 magicam
1262 1459 1387 1510 atque
1417 1455 1585 1497 astrolo-

176 1529 308 1586 gicau⁴
363 1528 657 1571 Chaldaeorum
714 1543 817 1584 quae
871 1528 1022 1571 dicitur
1070 1528 1330 1585 disciplinam
1380 1529 1556 1572 coluerit
1571 1562 1584 1582 ‚

177 1621 279 1662 quae
325 1621 419 1651 cum
468 1607 557 1664 ipsa
604 1606 677 1649 illa
722 1605 984 1663 philosophia
1032 1606 1260 1649 arctissimo
1309 1607 1475 1649 vinculo
1508 1608 1589 1649 ista

176 1689 309 1728 aetate
341 1686 562 1728 coniuncta
593 1686 717 1728 fuisse
750 1685 978 1738 videbatur,
1012 1701 1063 1728 ex
1096 1685 1224 1728 altera
1256 1690 1371 1743 parte
1394 1687 1437 1729 id
1461 1686 1587 1729 etiam

175 1849 290 1891 Gescli.
324 1849 338 1879 I
373 1857 447 1887 pag.
483 1849 558 1879 288.
605 1848 695 1886 Quod
730 1848 903 1879 Mommsen
928 1849 978 1880 ait
1002 1846 1049 1882 1⁶,
1082 1857 1155 1887 pag.
1184 1848 1264 1879 181:
1315 1849 1407 1886 „Wie
1431 1849 1498 1880 tief
1520 1850 1592 1880 dies

177 1909 382 1948 Gankolspiel
419 1911 490 1940 dem
526 1910 706 1940 romische-n
744 1911 859 1941 Wesen
896 1911 1114 1946 widerstand‚
1150 1911 1257 1947 migr,
1294 1910 1387 1947 dass,
1417 1911 1520 1941 selbst
1545 1911 1593 1941 als

178 1979 251 2001 man
286 1972 398 2009 spater
433 1971 466 2001 in
500 1972 577 2002 Rom
614 1981 647 2001 es
673 1972 844 2007 beuutzte,
876 1971 959 2002 doeh
983 1972 1036 2001 nie
1061 1972 1113 2001 eiu
1142 1972 1281 2002 Versueh
1308 1972 1460 2009 gemacht
1486 1972 1594 2002 wurde

178 2031 213 2066 esi
237 2030 510 2068 einznburgerffl,
533 2032 567 2062 id
591 2033 730 2070 probare
755 2041 819 2063 non
843 2040 972 2070 possum
998 2041 1016 2062 a
1041 2031 1196 2062 Cicerone
1220 2032 1302 2063 haec
1320 2032 1435 2063 doctus
1453 2033 1506 2071 (de
1523 2032 1594 2063 Div.

178 2076 219 2123 1.
236 2082 310 2126 9¹23:
337 2088 490 2128 „Etruria
514 2089 622 2119 autem
641 2089 680 2119 de
698 2089 787 2119 caelo
806 2090 898 2119 taeta
915 2088 1135 2119 scientissime
1153 2089 1400 2125 animadvertit,
1420 2090 1596 2128 eademque

181 2143 420 2183 interpretatur
448 2145 525 2182 quid
557 2145 737 2183 quibusque
762 2145 956 2175 ostendatur
980 2145 1137 2176 monstris
1161 2147 1261 2184 atque
1285 2147 1462 2184 portentis.
1513 2146 1594 2183 Quo-

181 2205 268 2234 eirca
303 2203 377 2234 bene
412 2205 501 2243 apud
536 2206 672 2235 ntaiores
707 2211 829 2234 neutros
865 2212 990 2234 senatun
1029 2211 1108 2240 cum,
1146 2216 1212 2235 cum
1239 2206 1381 2245 florebat
1404 2206 1594 2245 imperium.

179 2263 316 2294 decrevit
345 2269 379 2293 ut
406 2263 449 2294 'de
469 2264 656 2303 principum
673 2264 760 2304 filiis
784 2265 818 2294 X
835 2265 972 2304 ainqulie
997 2264 1149 2294 Etruriae
1169 2265 1303 2304 populis
1326 2265 1362 2294 in
1385 2265 1597 2304 disciplinam

178 2323 403 2365 effoderentur,
427 2335 466 2354 πο
489 2335 544 2354 are
567 2330 656 2354 tanta
675 2330 811 2364 propter
835 2326 1015 2355 tenuitatem
1038 2325 1195 2355 hominum
1219 2335 1240 2354 a
1263 2325 1434 2364 reliyioniae
1459 2326 1596 2355 auctori·

179 2383 240 2409 tate
276 2380 481 2410 abduceretur
516 2381 560 2410 ad
596 2381 760 2411 mercedem
794 2386 887 2420 atque
911 2387 1102 2421 quaestum?
1152 2381 1219 2412 Val.
1243 2381 1372 2411 Maxim.
1401 2382 1464 2420 (ed.
1488 2382 1597 2420 Halm)

181 2431 253 2478 pag.
276 2439 320 2480 22„
365 2439 519 2476 „Tantum
544 2441 652 2471 autem
677 2441 819 2471 studium
845 2442 990 2478 antiquis
1014 2451 1078 2471 non
1103 2441 1203 2472 solum
1222 2442 1402 2472 servandae
1420 2442 1477 2471 sed
1495 2441 1595 2472 etiam

181 2499 425 2539 amplificandae
450 2501 619 2539 religionis
643 2502 726 2538 fuit,
751 2503 789 2532 ut
805 2501 1038 2533 florentissima
1054 2503 1121 2532 tum
1141 2503 1176 2533 et
1192 2502 1442 2541 opulentissima
1460 2503 1599 2533 civitate

182 2561 290 2598 (leuem
325 2563 506 2602 principum
542 2564 600 2594 filii
636 2565 770 2595 senatus
807 2565 956 2595 consulto
993 2565 1132 2602 singulis
1171 2565 1320 2596 Etruriae
1345 2565 1474 2604 populis
1497 2565 1600 2604 perei-

183 2621 320 2660 piondae
343 2631 506 2653 sacrorum
531 2623 725 2662 disciplinae
750 2624 858 2661 gratia
883 2625 1124 2655 traderentur.”
1166 2625 1240 2655 Exc.
1265 2624 1373 2655 Parid.
1400 2625 1601 2663 „percipien-

185 2672 244 2714 dae
268 2669 461 2722 disciplinae
486 2685 626 2722 gratia.”

230 2741 255 2781 Ι)
302 2745 388 2774 Hist.
414 2745 489 2776 Nat.
513 2745 649 2783 XXXV,
677 2747 749 2777 199.

230 2795 256 2836 ²)
303 2801 368 2830 biv.
393 2801 509 2838 XLIV,
546 2803 606 2838 37;
636 2802 718 2833 Plin.
743 2803 794 2839 11,
822 2799 880 2838 122
907 2803 1012 2834 Valet.
1036 2802 1120 2834 Max.
1145 2803 1240 2840 VIII,
1269 2804 1325 2839 11;
1352 2798 1463 2842 Quint.
1488 2803 1521 2839 1,
1549 2803 1601 2834 17.

230 2857 257 2896 ³)
305 2859 352 2890 Cf.
378 2860 515 2892 Ritschl.
542 2862 672 2900 Quaest.
699 2863 831 2893 Varron.
848 2880 884 2884 —
903 2862 1047 2894 Cassiod.
1073 2864 1111 2894 de
1129 2863 1282 2894 mathem.
1300 2863 1429 2901 discipl.
1446 2871 1519 2900 pag.
1534 2860 1604 2892 57⁹*

190 2915 270 2944 edit.
294 2915 411 2947 Genov.
438 2917 532 2947 1656.
579 2918 673 2948 Fabr.
698 2918 733 2948 B.
758 2919 791 2949 L.
817 2919 850 2954 1,
874 2920 903 2949 7.
929 2920 960 2948 4.

234 2973 259 3016 ⁴)
308 2976 346 3006 «ie
370 2977 440 3008 niv.
465 2978 515 3014 11,
539 2978 591 3007 98.
