1930 3320
838 251 1121 291 ..53-

217 380 346 422 Nunc
374 378 613 431 appellatur
642 376 872 428 sapientia,
903 376 1067 429 quique
1094 389 1185 428 per
1214 377 1384 417 artem.
1408 376 1422 427 Η
1444 374 1503 417 M.
1536 374 1557 415 I
1589 375 1643 415 68
1674 373 1732 414 Et

216 447 450 505 stupefacta
477 459 602 488 novo
625 444 856 498 pendebat
892 445 1085 487 lumine
1120 443 1278 486 mundi.
1338 443 1392 485 V.
1424 457 1519 486 aen.
1550 442 1616 485 IV
1647 444 1729 485 584

218 517 306 575 (ΙΧ
339 519 440 573 459)
470 516 531 558 Et
558 516 644 557 iam
664 514 811 567 prima
839 527 966 556 novo
995 514 1238 568 sparqebat
1269 513 1460 555 lumine
1489 515 1644 564 terras‚·
1675 512 1729 556 cf.

216 587 345 630 Lucr.
364 586 411 628 II
437 587 516 627 144
538 583 730 626 Primum
753 597 911 625 aurora
932 596 1056 625 novo
1075 597 1167 626 cum
1188 583 1353 637 sparqit
1374 582 1563 625 lumine
1582 584 1730 624 terras.

217 657 260 699 V
291 658 373 699 283
405 654 732 708 Suppeditatque
761 666 888 695 novo
918 652 1133 709 confestim
1173 653 1375 696 lumine
1407 653 1556 695 lumen.
1581 652 1596 705 Η
1618 651 1676 694 Μ.
1710 651 1731 693 Ι

221 726 315 778 791)
337 724 463 781 †Sed
477 737 567 766 cum
584 716 707 777 lonqa
733 722 821 764 dies
849 722 992 764 acuit
1020 722 1271 764 mortalia
1299 721 1470 764 corda.
1502 721 1555 763 V.
1580 735 1731 777 georg.

218 797 241 838 I
277 797 356 838 123
386 794 523 836 Movit
551 805 674 847 aqros
703 793 816 834 curis
846 805 1041 835 acuens
1069 782 1331 834 mortalia*
1356 791 1522 833 corda.
1546 791 1560 843 Η
1601 791 1688 834 *Μ.
1710 791 1731 832 Ι

221 867 276 908 92
297 889 349 895 ——
371 867 409 906 et
437 876 675 916 rumpere
703 862 908 904 vocibus
938 875 1139 916 unques.
1180 862 1233 905 V.
1258 862 1337 904 eol.
1362 863 1402 912 8.
1444 863 1492 902 71
1526 860 1733 914 Friqidus

217 935 266 977 in
291 934 430 988 pratis
460 932 724 975 cantando
751 931 1024 984 rumpitur
1052 931 1265 985 anquis.
1304 931 1319 984 ΙΙ
1356 930 1414 974 Μ.
1448 931 1471 972 Ι
1491 932 1544 972 93
1568 930 1733 973 8οΖἰὶσὶ-

219 1006 309 1046 tare
337 1003 518 1054 wnbras,
548 1002 799 1054 imumque
827 1000 1128 1043 Acheronta
1162 1014 1367 1042 movere.
1428 1000 1484 1044 V.
1515 1015 1610 1043 aen.
1642 999 1732 1041 VII

220 1075 302 1116 312
322 1073 510 1115 Flectere
532 1071 572 1113 si
592 1084 745 1124 nequeo
775 1083 955 1123 superos,
987 1070 1283 1112 Acheronta
1311 1070 1522 1119 movebo;
1555 1069 1608 1112 of.
1636 1083 1732 1112 aen.

219 1143 300 1196 XI,
333 1143 386 1184 23
420 1165 472 1171 —-
504 1141 578 1193 qui
612 1141 724 1183 solus
753 1140 880 1182 honos
910 1139 1199 1182 Acheronte
1239 1139 1316 1181 sub
1346 1140 1444 1181 imo
1474 1142 1543 1181 est.
1606 1138 1730 1181 Ovid.

218 1216 320 1256 met.
359 1206 427 1254 XI
482 1213 563 1253 504
603 1209 826 1263 Despicerc
867 1210 915 1251 in
958 1210 1089 1252 valles
1135 1210 1382 1262 imumque
1432 1209 1732 1251 Acheronta

219 1281 394 1324 videtur.
418 1283 433 1335 [Ι
454 1280 513 1322 M.
547 1279 568 1321 I
600 1281 682 1321 267
711 1279 957 1332 Aequato
986 1281 1073 1320 tum
1103 1278 1261 1320 Libra
1291 1278 1371 1320 die
1401 1292 1491 1321 cum
1523 1280 1732 1331 tempore

218 1350 400 1393 noctis.
444 1349 499 1394 V.
521 1363 671 1406 georg.
693 1349 715 1390 I
745 1350 826 1390 208
857 1347 1027 1390 Libra
1055 1347 1139 1390 die
1169 1348 1431 1402 somnique
1467 1362 1623 1401 pares
1660 1347 1734 1390 ubi

216 1419 405 1474 fecerit
433 1419 597 1460 horas.
622 1420 636 1473 ΙΙ
658 1417 757 1460 Μ.Ι
779 1419 861 1459 285
892 1416 980 1459 Nec
1009 1430 1102 1458 vero
1131 1431 1151 1459 e
1181 1416 1350 1459 solido
1378 1419 1524 1458 stant
1553 1417 1733 1459 robora

217 1488 402 1542 eorporis
430 1488 480 1530 ei.
540 1487 596 1531 V.
627 1502 723 1530 aen.
756 1487 802 1529 ΙΙ
834 1488 917 1528 639
947 1486 1236 1540 solidaeque
1273 1499 1348 1528 suo
1376 1488 1523 1529 stant
1553 1486 1733 1529 robore

217 1558 338 1601 vires.
371 1558 386 1613 ΙΙ
412 1556 472 1600 M.
504 1557 540 1599 I.
575 1559 656 1598 304
696 1555 837 1610 Verqit
875 1555 923 1597 in
972 1555 1149 1598 alterius
1191 1558 1327 1598 rostro
1373 1557 1733 1609 sequiturque

217 1628 524 1680 sequente-m.
584 1626 639 1668 V.
671 1640 768 1668 aen.
803 1624 870 1666 XI
909 1622 991 1666 695
1030 1624 1184 1667 Eludit
1216 1638 1320 1679 qyro
1357 1624 1532 1666 interior
1567 1626 1733 1678 sequi-

217 1698 398 1749 turque
426 1697 742 1748 sequentem.
769 1695 784 1748 ΙΙ
825 1694 883 1737 M.
911 1694 933 1735 Ι
956 1695 1038 1735 317
1073 1694 1191 1748 Quod
1219 1694 1372 1736 similis
1401 1694 1570 1736 iunctis
1599 1694 1735 1737 instat

165 1810 174 1818 ‚
216 1764 272 1807 dc
300 1777 438 1806 more
468 1763 722 1805 iuvencis.
782 1763 838 1807 V.
869 1778 965 1806 aen.
998 1763 1068 1804 III
1101 1765 1183 1805 369
1220 1762 1305 1805 Hic
1342 1762 1551 1814 Helenus,
1589 1765 1734 1806 caesis

213 1834 399 1888 primum
427 1832 482 1875 de
511 1846 646 1875 more
675 1832 923 1875 iuvencis.
947 1833 962 1886 ss
986 1832 1045 1874 M.
1068 1832 1090 1873 I
1124 1833 1206 1874 396
1238 1832 1516 1885 Subsequitur
1544 1833 1734 1886 rapido

216 1904 463 1947 contenta
499 1901 707 1945 Canicula
737 1916 908 1946 cursu.
970 1902 1025 1944 V.
1057 1916 1154 1945 aen.
1187 1902 1229 1943 V
1261 1903 1341 1944 291
1375 1901 1478 1953 Hic,
1519 1902 1593 1955 qui
1622 1901 1735 1958 forte

215 1973 346 2015 velint
372 1971 558 2025 rapido
596 1972 905 2015 contendere
934 1985 1109 2021 cursu;
1153 1971 1394 2014 contendere
1424 1984 1572 2013 cursu:
1605 1972 1732 2015 Luor.

216 2042 282 2085 VI
314 2043 382 2084 28.
414 2041 540 2084 ovid.
571 2046 674 2084 met.
707 2041 774 2084 IV
806 2043 906 2090 303;
943 2041 1121 2094 rapidus
1150 2053 1317 2083 cursus:
1350 2041 1485 2096 Verg.
1517 2055 1612 2083 aen.
1644 2041 1734 2083 VII

217 2114 315 2156 676.
346 2112 439 2154 XII
471 2114 567 2154 683.
592 2114 607 2167 Η
636 2111 695 2154 Μ.
727 2113 750 2154 I
785 2113 868 2154 433
905 2112 1038 2166 Quam
1072 2113 1243 2164 propter
1277 2110 1400 2154 Cetus
1438 2111 1735 2154 convolvens

215 2195 461 2236 squamea
491 2183 650 2236 terqa.
691 2182 745 2223 V.
766 2195 915 2238 georg.
938 2181 1009 2223 III
1032 2183 1115 2222 426
1148 2181 1395 2234 Squamea
1426 2181 1735 2223 convolvens

216 2251 378 2294 sublato
402 2253 564 2304 pectore
595 2254 764 2306 terqa3
796 2251 851 2295 cf.
883 2266 978 2293 aen.
1012 2250 1058 2292 II
1092 2252 1173 2293 218
1207 2265 1269 2307 sq.
1299 2263 1540 2303 squamea
1580 2250 1734 2293 circum

219 2319 394 2375 Terqa.
418 2322 433 2374 ΙΙ
454 2320 512 2362 Μ.
547 2320 568 2362 Ι
600 2323 683 2362 514
713 2319 996 2362 Lustrarit
1023 2319 1263 2361 mundum
1292 2319 1411 2360 vario
1440 2319 1523 2361 sol
1553 2319 1735 2374 iqneus

217 2389 344 2432 orbe.
390 2390 444 2432 V.
462 2405 610 2447 georg.
633 2390 698 2433 IV
721 2392 803 2433 426
819 2389 1010 2432 Ardebat
1025 2389 1147 2440 caelo,
1177 2391 1219 2430 et
1234 2388 1414 2430 medium
1443 2389 1521 2430 sol
1551 2389 1598 2443 iq
1609 2403 1734 2434 neus

217 2459 410 2510 orbem3
440 2459 502 2502 sol
530 2461 693 2513 iqneus:
726 2475 823 2503 aen.
850 2460 964 2502 VIII
996 2462 1064 2502 97.
1115 2459 1177 2502 sol
1201 2458 1374 2501 ardens:
1408 2458 1503 2502 Cat.
1536 2461 1604 2512 64,
1629 2460 1733 2510 354;

214 2529 275 2572 cf.
297 2529 426 2571 Lucr.
448 2529 490 2571 V
513 2531 594 2572 693
627 2545 689 2586 sq.
711 2553 768 2561 —-
793 2533 969 2572 terras
1000 2532 1045 2571 et
1075 2529 1279 2571 caelum
1310 2529 1467 2571 lumine
1488 2529 1734 2571 lustrans

156 2629 160 2639 .
215 2622 275 2629 -
305 2598 395 2640 sol.
446 2599 461 2651 ΙΙ
511 2599 570 2641 Μ.
602 2600 625 2641 Ι
657 2601 738 2641 516
769 2599 856 2642 Nec
882 2612 924 2642 se
954 2601 1200 2653 coquoseunt
1230 2601 1366 2640 terrae
1395 2598 1733 2640 vertentibus

218 2667 390 2710 annis.
411 2667 482 2709 III
499 2671 581 2710 554
597 2668 696 2711 Non
715 2683 851 2712 annos
871 2670 1016 2724 siqnis,
1037 2682 1196 2713 menses
1225 2668 1545 2711 vertentibus
1562 2668 1730 2741 annis.

314 2782 340 2825 ¹)
377 2781 448 2817 Eos
490 2782 609 2824 locos,
656 2781 790 2827 quibus
835 2783 984 2829 signum
1028 2784 1143 2819 crucis
1178 2786 1199 2827 †
1244 2783 1416 2829 apposui,
1460 2783 1534 2818 iam
1574 2780 1734 2817 eontulit

219 2838 278 2874 W.
307 2838 474 2874 Ribbeck
509 2838 549 2874 in
585 2839 790 2885 appendice
828 2840 1003 2877 editionis
1027 2841 1268 2887 Vergilianae
1292 2840 1338 2875 ab
1366 2840 1503 2876 Ottone
1527 2838 1733 2874 Ribbeckio

221 2898 381 2932 curatae.
