1936 3392
1558 371 1612 412 13

837 574 892 617 Π.

236 658 404 702 Codicis
443 659 757 702 Gemblacensis
799 659 979 700 formam
1022 659 1122 700 satis
1160 661 1354 700 accurate
1392 657 1614 714 descripsit

113 730 330 773 Malvinus
360 731 584 785 Bechertl,
615 731 699 772 nisi
731 731 847 786 quod
872 743 1032 772 errores
1059 729 1267 785 quosdam
1291 730 1472 771 leviores
1499 743 1613 771 com-

113 803 247 857 misit,
279 816 387 858 quos
419 802 556 845 obiter
586 803 793 858 corrigere
823 802 938 843 haud
970 801 1204 843 absurdum
1234 801 1397 843 fuerit.2

233 872 352 924 Quae
377 873 588 916 Prisciani
618 874 796 915 carmini
821 873 1071 928 subscripsit
1094 886 1247 915 manus
1267 872 1394 926 XIV,
1425 876 1475 914 ut
1493 873 1613 914 vide-

113 949 201 1000 tur,
237 946 412 1000 saeculi,
449 949 550 988 sunt
585 945 706 987 haec:
752 944 906 999 „Liber
942 945 1077 986 sancti
1109 944 1225 986 Petri
1257 943 1612 998 Gemblacensis“,

112 1030 218 1059 non:
258 1016 378 1072 „Lib.
410 1016 449 1059 S.
481 1018 591 1069 pmf
623 1016 911 1059 Gremblacens.
914 1018 935 1038 “
997 1016 1253 1058 Permiscuit
1286 1016 1447 1058 scilicet
1476 1015 1527 1057 V.
1560 1015 1611 1058 D.

111 1088 322 1131 Prisciani
366 1089 567 1132 carminis
609 1088 964 1144 subscriptionem
1010 1089 1071 1130 eis
1116 1101 1226 1144 quae
1262 1089 1309 1129 in
1346 1087 1431 1130 fine
1467 1087 1538 1129 lib.
1570 1087 1612 1128 V

110 1160 443 1203 Astronomicon
471 1161 684 1216 leguntur.
746 1159 842 1202 Vid.
875 1160 1011 1202 collat.

230 1231 430 1274 Godioem
459 1231 675 1275 Lutetiam
700 1232 963 1274 Parisiorum
993 1244 1048 1274 ex
1079 1232 1172 1287 ipso
1203 1233 1459 1273 monasterio
1487 1231 1610 1273 Gem-

109 1302 297 1346 blacensi
332 1304 520 1346 delatum
551 1317 642 1346 esse
673 1305 726 1359 (p.
753 1305 796 1357 4)
827 1317 956 1359 nego;
994 1316 1179 1359 namque
1211 1316 1311 1345 eum
1342 1303 1389 1344 P.
1421 1302 1610 1345 Danielis

109 1373 390 1431 Papebrochii
440 1389 522 1418 soc.
571 1375 671 1417 Iesu
719 1376 1047 1431 Antverpiensis
1091 1375 1429 1428 (1628—1714)
1478 1375 1610 1417 fuisse

109 1449 320 1488 testantur
355 1460 405 1489 ea
441 1460 550 1502 quae
586 1448 632 1488 in
667 1447 805 1489 fronte
842 1448 1003 1502 primae
1034 1447 1212 1502 paginae
1242 1448 1445 1502 inscripta
1475 1449 1611 1488 sunt.3

109 1518 237 1560 Anno
280 1523 424 1560 autem
463 1519 595 1573 1773,
637 1518 770 1560 Maria
796 1518 985 1568 ‚Theresa
1026 1524 1246 1574 regnante,
1290 1531 1390 1560 cum
1431 1519 1609 1561 societas

109 1589 208 1632 Iesu
251 1603 274 1632 e
316 1591 544 1646 provinciis
587 1591 743 1632 nostris
786 1590 954 1632 sublata
990 1594 1115 1644 esset,
1158 1590 1276 1645 libri,
1321 1591 1396 1645 qui
1432 1591 1478 1631 in
1515 1591 1609 1632 eius

110 1661 269 1703 ordinis
299 1661 566 1703 bibliothecis
596 1661 946 1716 adservabantur,
977 1661 1202 1704 Bruxellas
1232 1663 1279 1703 in
1307 1661 1608 1704 bibliothecam

109 1746 241 1788 quam
271 1733 421 1775 dicunt
451 1733 612 1775 ducum
641 1733 1002 1789 Burgundionum
1033 1733 1241 1789 deportati
1272 1738 1382 1775 sunt.

225 1803 358 1847 Porro
388 1806 531 1847 minus
562 1808 674 1847 recte
705 1806 872 1861 scripsit
899 1805 1079 1847 Bechert
1104 1806 1156 1861 (p.
1178 1807 1343 1860 4—5):
1377 1839 1414 1861 „.
1430 1839 1438 1847 .
1454 1839 1462 1847 .
1477 1819 1607 1848 manu

106 1880 250 1919 autem
279 1877 438 1918 saeculi
469 1881 519 1918 ut
549 1877 720 1919 videtur
743 1875 853 1918 XVI
881 1903 936 1908 —
972 1877 1122 1931 (immo
1143 1876 1244 1931 XV)
1272 1903 1327 1907 ——
1354 1878 1457 1920 haec
1481 1891 1608 1934 appo-

105 1948 206 1991 sita:
244 1947 401 1990 Malius
438 1952 562 2004 poeta
598 1949 824 2004 eademque
860 1963 1022 1991 ananus
1057 1950 1295 1991 nmmullas
1325 1953 1451 1991 notas
1481 1964 1602 1991 ‘'nar-

227 2103 238 2122 ¹
263 2103 307 2138 In
337 2102 456 2138 libello
489 2103 546 2138 eui
577 2103 719 2139 titulus:
752 2103 806 2138 De
831 2102 881 2138 M.
903 2103 1066 2139 Manilii
1088 2104 1313 2139 emendandi
1335 2105 1492 2140 ratione.
1544 2105 1603 2139 Li-

105 2162 219 2216 psiae,
243 2161 606 2198 MDCOCLXXVIH.

113 2211 127 2218 '
225 2221 240 2241 ²
262 2221 472 2258 Ioculariter
508 2222 641 2258 erravit
677 2223 734 2258 vir
763 2223 801 2258 in
830 2224 939 2259 rebus
970 2224 1124 2269 antiquis
1154 2225 1263 2270 probe
1294 2225 1510 2260 exercitatus
1542 2225 1604 2260 sed

103 2281 340 2318 recentiorum
364 2283 565 2328 temporum
589 2282 757 2318 historiae
782 2283 879 2319 haud
904 2284 1050 2329 perinde
1069 2295 1220 2331 gnarus,
1247 2285 1332 2320 dum
1352 2285 1474 2320 scribit
1488 2287 1535 2330 (p.
1549 2285 1603 2330 4):

103 2369 126 2387 „
171 2369 178 2376 .
207 2369 215 2376 .
238 2341 334 2377 hunc
370 2341 502 2378 librum
531 2342 625 2378 inter
656 2343 846 2379 seditiones
877 2344 1071 2389 turbasque
1102 2344 1187 2380 belli
1219 2344 1334 2380 civilis
1373 2366 1417 2370 —
1457 2345 1603 2389 (Gallos

102 2400 295 2447 Betqioam
325 2402 446 2437 armis
472 2414 670 2448 occupasse
695 2403 872 2448 iynorare
896 2404 1056 2448 videtur)
1083 2425 1145 2449 —,
1178 2415 1248 2449 quo
1274 2405 1435 2449 proximo
1461 2404 1603 2440 saeculo

103 2460 219 2496 Gallia
254 2461 404 2506 exarsit,
440 2462 619 2498 Lutetiam
650 2462 870 2498 Parisiorum
906 2463 1064 2499 delatum
1095 2475 1191 2509 esse,
1230 2475 1276 2499 ex
1308 2464 1433 2510 sigillis
1465 2464 1603 2499 duobus
1670 2503 1673 2506 Α

103 2542 148 2546 -
187 2521 318 2566 (vhmno
356 2521 491 2566 tribus)
524 2543 569 2547 —
606 2523 718 2568 patet,
758 2534 910 2568 quorum
944 2523 1097 2559 alterum
1130 2545 1175 2549 —-
1209 2524 1340 2569 (immo
1371 2525 1457 2568 duo)
1486 2545 1535 2568 .-
1567 2524 1604 2559 in

102 2581 231 2627 prima,
269 2579 423 2616 alterum
452 2581 489 2616 in
519 2581 645 2618 ultima
675 2583 806 2618 codicis
836 2583 965 2630 pagina
995 2585 1129 2629 exstat,
1161 2584 1217 2619 his
1248 2584 1427 2629 inscriptis
1458 2583 1600 2618 litteris:

101 2641 350 2682 moramur:
368 2660 375 2668 ·
395 2651 585 2677 Nix-nomm
614 2643 720 2687 atque
745 2642 783 2677 in
807 2643 923 2679 medio
949 2643 1064 2689 sigillo
1089 2643 1255 2679 lictorum
1281 2644 1396 2679 fasces
1422 2643 1601 2688 conspicui

102 2702 203 2746 sunt,
230 2711 338 2746 Super
362 2701 490 2746 quibus
516 2701 674 2747 teyimen
699 2703 839 2748 eapitis
864 2703 1031 2747 fratrum
1055 2704 1204 2739 ordinis
1225 2715 1332 2749 quem
1351 2703 1478 2747 ferunt
1497 2703 1600 2737 Iaco-

102 2760 277 2796 binorum
285 2761 328 2805 (s)
355 2761 546 2796 cernitur.“

223 2820 237 2840 ⁸
261 2819 396 2865 „Liber
424 2821 483 2856 hic
508 2832 538 2856 a.
562 2821 654 2857 1678
680 2823 925 2859 commodatus
950 2823 1001 2858 D0
1026 2823 1230 2858 Sherburno
1256 2834 1320 2868 pei·
1345 2823 1427 2858 Dum
1452 2822 1599 2857 Samue-

99 2878 172 2915 lem
197 2879 284 2915 Oarr
306 2879 540 2926 Bibliopolam
562 2881 823 2918 Londinensem
848 2894 870 2918 a
893 2883 933 2918 P.
954 2883 1093 2918 Danieli
1118 2883 1360 2928 Papebrochio
1385 2883 1494 2918 soctis
1516 2882 1601 2917 Iesu

101 2939 317 2984 Antverpiae
348 2939 462 2975 eidem
492 2941 633 2976 restitui
663 2942 776 2977 debet.
810 2942 998 2978 restitutus
1024 2946 1079 2977 est
1104 2953 1159 2977 an.
1189 2943 1315 2978 1693&
1342 2963 1385 2967 —
1414 2942 1601 2977 Praeterea

101 2999 246 3034 exhibet
270 2999 394 3034 eadem
418 3001 559 3047 pagina:
586 3002 653 3046 „†.
679 3002 738 3036 mi.
765 3001 840 3036 8⁰.“
