1930 3320
923 240 1169 280 *4-

316 361 513 406 Ovidium
535 367 578 406 et
605 368 769 406 ceteros
791 368 940 419 poetas
962 363 1191 415 Romanos,
1223 376 1327 419 quos
1352 361 1538 418 Augusti
1560 367 1602 405 et
1621 361 1785 405 Tiberii

317 433 533 474 saeculum
565 433 680 483 tulit,
714 433 959 487 exemplum
990 436 1182 473 secutum
1213 446 1309 474 esse
1341 437 1583 488 poetarum,
1616 431 1687 486 qui
1716 434 1788 472 aut

316 504 414 541 ante
432 500 569 554 ipsum
590 500 787 540 vixerunt
811 503 883 540 aut
897 499 1082 554 Augusti
1093 500 1308 541 Tiberiive
1327 501 1526 555 aequales
1539 499 1723 550 fuerunt,
1737 523 1788 528 —-

316 571 486 623 poetam
509 568 620 608 enim
643 567 815 608 Tiberio
837 581 962 622 quam
982 567 1178 622 Augusto
1203 568 1436 622 imperante
1461 581 1633 608 carmen
1653 570 1788 607 astro-

316 635 529 675 nomicum
562 634 851 690 composuisse
884 636 1010 689 paulo
1042 635 1315 676 verisimilius
1348 634 1476 690 est1).
1545 634 1662 682 Quae
1693 633 1789 675 imi-

317 701 488 742 tationis
530 702 728 756 exempla
778 702 822 742 in
867 706 988 758 parte
1028 702 1153 743 huius
1193 703 1329 743 libelli
1374 706 1590 757 postrema
1630 700 1791 757 publici

317 769 420 809 iuris
451 769 592 810 facere
615 769 798 820 decrevi,
832 783 926 810 cum
947 770 1199 824 praesertim
1220 770 1410 811 viderem
1430 770 1548 810 nulla
1575 769 1664 810 fere
1695 768 1790 809 imi-

318 836 490 877 tationis
524 837 720 892 exempla
751 836 802 877 ab
835 837 912 889 eis,
943 837 1013 891 qui
1033 837 1198 878 Manilii
1226 850 1396 878 carmen
1427 836 1663 888 ediderunt,
1695 849 1790 878 esse

319 908 660 954 commemorata,
694 905 793 958 quin
825 905 952 946 etiam
967 904 1037 945 W.
1069 905 1354 946 Ribbeckium
1384 905 1428 945 in
1459 903 1657 945 editionis
1681 903 1792 944 Ver-

318 970 503 1023 gilianae
535 970 705 1011 criticae
737 984 762 1010 a
790 969 919 1011 fratre
951 973 1121 1011 curatae
1152 971 1362 1025 prioribus
1381 970 1529 1011 »tribus
1566 969 1792 1011 volumini-

319 1039 399 1080 bus
429 1053 666 1094 perpaucos
699 1053 847 1080 versus
878 1039 1131 1080 Manilianos
1162 1039 1380 1091 attulisse,
1420 1052 1574 1094 magno
1615 1051 1792 1080 numero

320 1096 520 1149 versuum
550 1108 618 1148 vel
649 1108 832 1149 maxime
863 1107 1104 1162 dignorum,
1144 1107 1215 1162 qui
1245 1107 1534 1159 adferrentur,
1574 1107 1730 1153 omisso
1742 1105 1792 1162 ²).

413 1220 438 1262 ¹)
465 1219 507 1254 cf.
533 1219 802 1254 Bertholdus
827 1218 998 1259 Freier,
1037 1219 1081 1254 de
1106 1219 1150 1252 M.
1174 1218 1317 1254 Manilii
1351 1229 1444 1262 quae
1474 1218 1641 1254 feruntur
1671 1218 1795 1255 Astro-

321 1275 487 1310 nomicon
511 1277 643 1319 aetate,
669 1275 867 1319 Gottingae
892 1275 990 1310 1880.
1029 1276 1043 1318 ΙΙ
1084 1276 1111 1319 ²)
1129 1275 1310 1316 Quattuor
1332 1274 1468 1318 priores
1493 1273 1662 1310 carminis
1684 1273 1796 1310 libros

322 1331 351 1365 si
376 1332 455 1376 quis
472 1332 614 1366 Freiero
639 1332 836 1375 obloquens
861 1331 1058 1366 contendat
1082 1331 1302 1376 conscriptos
1320 1342 1394 1365 esse
1413 1332 1495 1375 post
1511 1342 1647 1365 annum
1661 1343 1696 1376 p.
1715 1330 1795 1366 Chr.

320 1399 355 1422 n.
380 1387 430 1421 IX
455 1389 491 1422 et
515 1389 600 1422 ante
616 1388 774 1432 Augusti
794 1389 956 1428 mortem,
981 1387 1011 1421 is
1028 1399 1100 1422 non
1116 1388 1302 1422 refellatur
1321 1387 1680 1436 imitationibus,
1707 1398 1796 1432 quas

323 1445 431 1488 poeta
456 1454 499 1477 ex
523 1444 744 1478 carminibus
772 1443 816 1478 ab
850 1443 978 1478 Ovidio
1004 1443 1134 1478 Tomos
1171 1444 1278 1487 (anno
1313 1455 1348 1488 p.
1373 1444 1452 1479 Chr.
1482 1455 1517 1478 n.
1542 1444 1606 1488 IX)
1633 1443 1797 1489 relegato

322 1500 359 1534 in
385 1500 493 1535 exilio
508 1500 673 1541 conditis,
698 1500 818 1535 tristia
841 1500 921 1535 dico
946 1501 983 1534 et
1007 1499 1177 1545 epistolas
1201 1511 1243 1534 ex
1259 1501 1386 1541 Ponto,
1411 1500 1671 1546 deprompsisse
1688 1499 1798 1535 alicui

320 1557 513 1591 videbitur.
562 1556 735 1592 Tristium
760 1556 854 1591 enim
879 1556 989 1591 libros
1014 1556 1175 1601 singulos
1192 1557 1344 1591 Romam
1367 1557 1492 1592 missos
1517 1568 1591 1592 esse
1607 1556 1677 1592 viri
1699 1556 1798 1592 docti

322 1613 564 1648 consentiunt.
618 1614 747 1658 Itaque
772 1625 853 1648 cum
877 1613 1028 1647 dubium
1051 1612 1112 1647 vix
1136 1612 1204 1652 sit,
1237 1612 1325 1656 quin
1349 1613 1504 1648 Nasonis
1536 1613 1675 1658 elegiae
1707 1613 1798 1648 cele-

322 1669 410 1703 riter
434 1670 569 1704 Romae
593 1670 803 1715 divulgatae
828 1669 918 1710 sint,
943 1681 965 1703 a
988 1669 1063 1703 veri
1088 1669 1327 1703 similitudine
1359 1681 1432 1704 non
1464 1669 1657 1704 abhorreat
1686 1669 1798 1707 etiam

322 1725 530 1765 Manilium,
563 1725 626 1770 qui
649 1725 712 1759 illo
742 1725 821 1770 ipso
847 1727 1009 1770 tempore
1034 1725 1184 1760 carmini
1209 1725 1432 1760 contexendo
1462 1737 1608 1770 operam
1635 1726 1797 1766 navaret,

322 1781 407 1815 inde
431 1782 609 1825 quaedam
643 1783 851 1815 mutuatum
881 1793 965 1816 esse.
1024 1782 1135 1816 Velut
1170 1793 1311 1816 versum
1345 1794 1367 1816 a
1396 1782 1547 1817 Manilio
1582 1782 1626 1816 de
1657 1782 1799 1827 Orpheo

324 1838 599 1882 pronuntiatum
634 1839 650 1872 I
673 1839 740 1872 3⁴29
777 1838 892 1872 Tunc
929 1838 1067 1872 silvas
1105 1842 1141 1872 et
1175 1849 1289 1873 saxa
1320 1838 1521 1879 trahens,
1556 1849 1651 1873 nunc
1677 1837 1800 1873 sidem

323 1894 421 1930 ducit
445 1895 474 1928 si
500 1907 580 1930 cum
603 1906 707 1929 versu
731 1894 824 1929 trist.
847 1895 897 1929 IV
915 1896 945 1935 1,
972 1894 1012 1930 17
1025 1907 1077 1938 sq.
1105 1896 1191 1930 Cum
1215 1896 1411 1930 traheret
1435 1894 1578 1932 silvas
1605 1895 1800 1940 Orpbeus

325 1955 363 1989 et
387 1951 481 1986 dura
505 1951 663 1986 canendo
681 1952 799 1986 Saxa
825 1951 1098 1996 comparaveris,
1122 1951 1313 1988 Manilium
1338 1963 1402 1986 sua
1426 1962 1469 1986 ex
1494 1951 1615 1986 Ovidii
1638 1952 1800 1989 versibus

324 2007 496 2053 petivisse
520 2007 768 2052 suspicaberis.
816 2007 915 2042 Idem
939 2019 1060 2042 versus
1085 2009 1299 2052 argumento
1327 2008 1417 2043 adeo
1441 2008 1556 2054 possit
1587 2019 1662 2043 esse
1691 2008 1802 2055 primi

324 2063 410 2098 libri
434 2063 626 2098 Maniliani
650 2063 798 2098 initium
830 2075 925 2098 anno
955 2064 1023 2098 XII
1058 2065 1180 2099 fictum
1213 2075 1303 2106 esse,
1341 2077 1420 2099 cum
1454 2064 1614 2100 tristium
1642 2064 1727 2101 libri
1750 2064 1802 2101 IV

326 2120 486 2154 carmina
522 2120 557 2154 in
595 2120 731 2155 recenti
766 2122 896 2165 poetae
927 2120 1102 2155 memoria
1138 2123 1272 2161 essent;
1308 2121 1401 2155 liber
1436 2121 1532 2156 enim
1567 2121 1727 2156 tristium
1750 2121 1802 2156 IV

326 2188 422 2211 anno
446 2177 497 2211 XI
521 2179 558 2211 et
581 2178 700 2222 priore
723 2178 810 2212 anni
829 2178 897 2211 XII
921 2179 1025 2222 parte
1049 2177 1268 2222 compositus
1293 2177 1451 2212 eiusdem
1475 2178 1563 2212 anni
1579 2179 1648 2212 XII
1663 2179 1803 2213 aestate

326 2233 384 2267 vel
407 2235 604 2268 auctumno
629 2234 782 2268 Romam
804 2234 949 2268 videtur
972 2234 1133 2278 perlatus
1158 2245 1242 2268 esse.

419 2290 495 2324 Nec
518 2290 666 2324 minoris
695 2301 761 2325 nec
794 2290 940 2324 maioris
967 2290 1141 2324 momenti
1179 2291 1234 2324 est
1265 2289 1422 2325 imitatio
1451 2289 1512 2325 illa
1551 2301 1659 2334 quam
1689 2301 1802 2335 sagax

328 2357 436 2380 nasus
472 2346 719 2394 deprehendat
751 2346 790 2380 in
813 2346 957 2380 Manilii
990 2346 1082 2380 libro
1107 2346 1158 2380 IV
1183 2346 1245 2380 60:
1277 2347 1366 2380 toto
1398 2348 1599 2390 spectante
1623 2351 1802 2388 senatu,

329 2401 387 2436 cui
422 2402 616 2446 respondet
641 2402 762 2437 Ovidii
792 2413 834 2436 ex
867 2403 971 2436 Pont.
1008 2402 1058 2436 IV
1081 2403 1119 2442 4,
1143 2402 1203 2438 41:
1240 2401 1332 2435 Inde
1366 2401 1504 2435 domum
1536 2407 1674 2446 repetes
1707 2407 1804 2438 toto

329 2457 546 2492 comitante
579 2462 736 2493 senatu.
797 2459 949 2493 Carmen
985 2469 1027 2492 ex
1064 2458 1180 2492 Ponto
1204 2458 1254 2492 IV
1277 2458 1299 2492 4
1325 2457 1474 2492 Ovidius
1506 2458 1685 2500 condidit,
1722 2470 1803 2494 eum

329 2514 560 2559 comperisset
585 2514 664 2549 Sex.
690 2514 903 2558 Pompeium
927 2514 1157 2559 designatum
1187 2525 1262 2548 esse
1286 2515 1468 2548 consulem
1492 2515 1579 2549 anni
1602 2527 1637 2559 p.
1663 2515 1743 2550 Chr.
1767 2526 1803 2549 n.

330 2571 430 2612 XIV;
455 2570 562 2607 simul
585 2582 706 2605 versus
729 2571 773 2606 24
797 2571 925 2605 doceat
949 2581 1092 2605 carmen
1116 2582 1210 2604 anno
1235 2570 1584 2615 XIII‘compositum
1609 2582 1701 2612 esse,
1731 2582 1804 2607 non

330 2639 425 2662 anno
450 2627 666 2672 insequenti,
692 2639 772 2662 cum
797 2627 988 2672 Pompeius
1013 2628 1202 2662 consulatu
1226 2628 1298 2661 iam
1322 2628 1544 2673 fungeretur.
1599 2629 1687 2663 Cum
1711 2628 1804 2662 nihil

331 2684 379 2719 sit
403 2684 499 2728 quod
524 2684 658 2725 obstet,
689 2684 880 2728 quominus
904 2683 973 2718 tibi
1004 2684 1220 2728 persuadeas
1251 2684 1373 2718 Ovidii
1405 2695 1547 2721 carmen
1581 2685 1691 2729 paulo
1722 2686 1806 2730 post

332 2752 442 2786 quam
478 2740 664 2775 conditum
698 2740 746 2774 sit
775 2741 926 2774 Romam
966 2741 1114 2775 missum
1149 2752 1239 2782 esse,
1281 2741 1355 2775 sive
1392 2741 1439 2775 ad
1476 2753 1572 2783 eum,
1611 2741 1658 2777 ad
1698 2752 1806 2786 quem

333 2797 507 2842 scriptum
532 2798 626 2838 erat,
658 2796 732 2831 sive
763 2796 809 2830 ad
835 2796 956 2831 Ovidii
986 2797 1136 2839 amicos,
1166 2797 1368 2842 suspicetur
1391 2798 1525 2841 aliquis
1549 2797 1692 2832 Manilii
1714 2808 1805 2832 vers,
