<?xml version="1.0" encoding="UTF-8"?>
<!DOCTYPE html PUBLIC "-//W3C//DTD XHTML 1.0 Transitional//EN"
    "http://www.w3.org/TR/xhtml1/DTD/xhtml1-transitional.dtd">
<html xmlns="http://www.w3.org/1999/xhtml" xml:lang="en" lang="en">
 <head>
  <title>
</title>
<meta http-equiv="Content-Type" content="text/html;charset=utf-8" />
  <meta name='ocr-system' content='tesseract 3.04.00' />
  <meta name='ocr-capabilities' content='ocr_page ocr_carea ocr_par ocr_line ocrx_word'/>
</head>
<body>
  <div class='ocr_page' id='page_1' title='image "./lucubrationesman00thomuoft_0213.png"; bbox 0 0 1936 3392; ppageno 0'>
   <div class='ocr_carea' id='block_1_1' title="bbox 816 284 1028 326">
    <p class='ocr_par' dir='ltr' id='par_1_1' title="bbox 816 284 1028 326">
     <span class='ocr_line' id='line_1_1' title="bbox 816 284 1028 326; baseline 0 -12"><span class='ocrx_word' id='word_1_1' title='bbox 816 284 1028 326; x_wconf 66' lang='lat'><strong>„35-</strong></span> 
     </span>
    </p>
   </div>
   <div class='ocr_carea' id='block_1_2' title="bbox 168 375 1668 688">
    <p class='ocr_par' dir='ltr' id='par_1_2' title="bbox 168 375 1668 688">
     <span class='ocr_line' id='line_1_2' title="bbox 171 375 1666 426; baseline 0.001 -9"><span class='ocrx_word' id='word_1_2' title='bbox 171 375 277 417; x_wconf 89' lang='lat' dir='ltr'><strong>caelo</strong></span> <span class='ocrx_word' id='word_1_3' title='bbox 298 378 467 425; x_wconf 77' lang='lat' dir='ltr'><strong>natum3</strong></span> <span class='ocrx_word' id='word_1_4' title='bbox 489 387 704 426; x_wconf 90' lang='lat' dir='ltr'><strong>unumque</strong></span> <span class='ocrx_word' id='word_1_5' title='bbox 729 387 856 426; x_wconf 87' lang='lat' dir='ltr'><strong>supra</strong></span> <span class='ocrx_word' id='word_1_6' title='bbox 883 379 1036 415; x_wconf 82' lang='lat' dir='ltr'><strong>caetera</strong></span> <span class='ocrx_word' id='word_1_7' title='bbox 1063 375 1262 415; x_wconf 82' lang='lat' dir='ltr'><strong>animalia</strong></span> <span class='ocrx_word' id='word_1_8' title='bbox 1282 387 1307 415; x_wconf 88' lang='lat' dir='ltr'><strong>a</strong></span> <span class='ocrx_word' id='word_1_9' title='bbox 1325 377 1412 416; x_wconf 90' lang='lat' dir='ltr'><strong>Deo</strong></span> <span class='ocrx_word' id='word_1_10' title='bbox 1438 376 1666 418; x_wconf 89' lang='lat' dir='ltr'><strong>formatum</strong></span> 
     </span>
     <span class='ocr_line' id='line_1_3' title="bbox 169 440 1668 494; baseline 0.001 -12"><span class='ocrx_word' id='word_1_11' title='bbox 169 454 276 492; x_wconf 84' lang='lat' dir='ltr'><strong>esse,</strong></span> <span class='ocrx_word' id='word_1_12' title='bbox 297 445 344 482; x_wconf 91' lang='lat' dir='ltr'><strong>ut</strong></span> <span class='ocrx_word' id='word_1_13' title='bbox 363 441 495 482; x_wconf 92' lang='lat' dir='ltr'><strong>Deum</strong></span> <span class='ocrx_word' id='word_1_14' title='bbox 523 443 686 492; x_wconf 88' lang='lat' dir='ltr'><strong>quaerat</strong></span> <span class='ocrx_word' id='word_1_15' title='bbox 706 443 746 479; x_wconf 91' lang='lat' dir='ltr'><strong>et</strong></span> <span class='ocrx_word' id='word_1_16' title='bbox 768 440 907 479; x_wconf 89' lang='lat' dir='ltr'><strong>videat</strong></span> <span class='ocrx_word' id='word_1_17' title='bbox 928 441 957 479; x_wconf 85' lang='lat'><strong>¹.</strong></span> <span class='ocrx_word' id='word_1_18' title='bbox 978 441 1087 487; x_wconf 89' lang='lat' dir='ltr'><strong>Quos</strong></span> <span class='ocrx_word' id='word_1_19' title='bbox 1108 453 1252 480; x_wconf 88' lang='lat' dir='ltr'><strong>versus</strong></span> <span class='ocrx_word' id='word_1_20' title='bbox 1271 441 1406 493; x_wconf 87' lang='lat' dir='ltr'><strong>quivis</strong></span> <span class='ocrx_word' id='word_1_21' title='bbox 1433 443 1668 494; x_wconf 83' lang='lat' dir='ltr'>astrologus</span> 
     </span>
     <span class='ocr_line' id='line_1_4' title="bbox 169 504 1584 560; baseline -0.001 -12"><span class='ocrx_word' id='word_1_22' title='bbox 169 507 397 560; x_wconf 84' lang='lat' dir='ltr'><strong>scripserit,</strong></span> <span class='ocrx_word' id='word_1_23' title='bbox 423 505 494 558; x_wconf 90' lang='lat' dir='ltr'><strong>qui</strong></span> <span class='ocrx_word' id='word_1_24' title='bbox 515 504 640 544; x_wconf 93' lang='lat' dir='ltr'><strong>modo</strong></span> <span class='ocrx_word' id='word_1_25' title='bbox 661 516 747 543; x_wconf 91' lang='lat' dir='ltr'><strong>non</strong></span> <span class='ocrx_word' id='word_1_26' title='bbox 767 504 993 544; x_wconf 80' lang='lat' dir='ltr'>stoicorum</span> <span class='ocrx_word' id='word_1_27' title='bbox 1017 504 1158 554; x_wconf 90' lang='lat' dir='ltr'><strong>libros,</strong></span> <span class='ocrx_word' id='word_1_28' title='bbox 1178 505 1250 545; x_wconf 91' lang='lat' dir='ltr'><strong>sed</strong></span> <span class='ocrx_word' id='word_1_29' title='bbox 1271 506 1405 545; x_wconf 89' lang='lat' dir='ltr'><strong>Ovidii</strong></span> <span class='ocrx_word' id='word_1_30' title='bbox 1424 506 1584 558; x_wconf 86' lang='lat' dir='ltr'><strong>legerit.</strong></span> 
     </span>
     <span class='ocr_line' id='line_1_5' title="bbox 222 569 1668 623; baseline 0.001 -11"><span class='ocrx_word' id='word_1_31' title='bbox 222 572 361 612; x_wconf 86' lang='lat' dir='ltr'><strong>Etiam</strong></span> <span class='ocrx_word' id='word_1_32' title='bbox 394 571 603 622; x_wconf 86' lang='lat' dir='ltr'><strong>legentem</strong></span> <span class='ocrx_word' id='word_1_33' title='bbox 634 569 794 621; x_wconf 91' lang='lat' dir='ltr'><strong>primos</strong></span> <span class='ocrx_word' id='word_1_34' title='bbox 825 570 1023 609; x_wconf 82' lang='lat' dir='ltr'>carminis</span> <span class='ocrx_word' id='word_1_35' title='bbox 1054 583 1216 618; x_wconf 87' lang='lat' dir='ltr'><strong>versus,</strong></span> <span class='ocrx_word' id='word_1_36' title='bbox 1254 575 1480 623; x_wconf 85' lang='lat' dir='ltr'><strong>exacteque</strong></span> <span class='ocrx_word' id='word_1_37' title='bbox 1510 577 1550 612; x_wconf 90' lang='lat' dir='ltr'><strong>et</strong></span> <span class='ocrx_word' id='word_1_38' title='bbox 1582 572 1668 614; x_wconf 93' lang='lat' dir='ltr'><strong>sine</strong></span> 
     </span>
     <span class='ocr_line' id='line_1_6' title="bbox 168 635 1666 688; baseline 0 -10"><span class='ocrx_word' id='word_1_39' title='bbox 168 636 307 678; x_wconf 80' lang='lat' dir='ltr'><strong>studio</strong></span> <span class='ocrx_word' id='word_1_40' title='bbox 341 635 641 688; x_wconf 82' lang='lat' dir='ltr'>dijudicantem</span> <span class='ocrx_word' id='word_1_41' title='bbox 674 635 961 686; x_wconf 80' lang='lat' dir='ltr'>interrogabo,</span> <span class='ocrx_word' id='word_1_42' title='bbox 987 635 1193 688; x_wconf 91' lang='lat' dir='ltr'><strong>numquid</strong></span> <span class='ocrx_word' id='word_1_43' title='bbox 1223 635 1402 676; x_wconf 88' lang='lat' dir='ltr'><strong>stoicum</strong></span> <span class='ocrx_word' id='word_1_44' title='bbox 1434 636 1666 679; x_wconf 79' lang='lat' dir='ltr'><strong>redoleant.</strong></span> 
     </span>
    </p>
   </div>
   <div class='ocr_carea' id='block_1_3' title="bbox 361 765 1272 974">
    <p class='ocr_par' dir='ltr' id='par_1_3' title="bbox 361 765 1272 974">
     <span class='ocr_line' id='line_1_7' title="bbox 362 765 1157 810; baseline -0.003 -7"><span class='ocrx_word' id='word_1_45' title='bbox 362 766 538 803; x_wconf 84' lang='lat' dir='ltr'><strong>Carmine</strong></span> <span class='ocrx_word' id='word_1_46' title='bbox 560 765 706 801; x_wconf 85' lang='lat' dir='ltr'><strong>divinas</strong></span> <span class='ocrx_word' id='word_1_47' title='bbox 725 768 843 810; x_wconf 80' lang='lat' dir='ltr'><strong>artes,</strong></span> <span class='ocrx_word' id='word_1_48' title='bbox 865 767 902 801; x_wconf 92' lang='lat' dir='ltr'><strong>et</strong></span> <span class='ocrx_word' id='word_1_49' title='bbox 919 765 1070 802; x_wconf 84' lang='lat' dir='ltr'><strong>conscia</strong></span> <span class='ocrx_word' id='word_1_50' title='bbox 1090 766 1157 802; x_wconf 84' lang='lat' dir='ltr'><strong>sati</strong></span> 
     </span>
     <span class='ocr_line' id='line_1_8' title="bbox 361 818 1272 866; baseline 0 -10"><span class='ocrx_word' id='word_1_51' title='bbox 361 820 514 865; x_wconf 83' lang='lat' dir='ltr'><strong>Sidera,</strong></span> <span class='ocrx_word' id='word_1_52' title='bbox 529 819 698 856; x_wconf 90' lang='lat' dir='ltr'><strong>diversos</strong></span> <span class='ocrx_word' id='word_1_53' title='bbox 719 818 922 854; x_wconf 90' lang='lat' dir='ltr'><strong>hominum</strong></span> <span class='ocrx_word' id='word_1_54' title='bbox 941 819 1131 855; x_wconf 75' lang='lat' dir='ltr'>variantia</span> <span class='ocrx_word' id='word_1_55' title='bbox 1151 830 1272 866; x_wconf 90' lang='lat' dir='ltr'><strong>casus,</strong></span> 
     </span>
     <span class='ocr_line' id='line_1_9' title="bbox 361 872 1218 919; baseline -0.001 -10"><span class='ocrx_word' id='word_1_56' title='bbox 361 873 531 909; x_wconf 79' lang='lat' dir='ltr'><strong>Caelestis</strong></span> <span class='ocrx_word' id='word_1_57' title='bbox 551 872 708 908; x_wconf 84' lang='lat' dir='ltr'><strong>rationis</strong></span> <span class='ocrx_word' id='word_1_58' title='bbox 729 883 839 919; x_wconf 81' lang='lat' dir='ltr'><strong>opuS,</strong></span> <span class='ocrx_word' id='word_1_59' title='bbox 862 872 1052 908; x_wconf 85' lang='lat' dir='ltr'><strong>deducere</strong></span> <span class='ocrx_word' id='word_1_60' title='bbox 1072 872 1218 908; x_wconf 92' lang='lat' dir='ltr'><strong>mundo</strong></span> 
     </span>
     <span class='ocr_line' id='line_1_10' title="bbox 361 926 618 974; baseline -0.008 -11"><span class='ocrx_word' id='word_1_61' title='bbox 361 926 571 974; x_wconf 79' lang='lat' dir='ltr'><strong>Aggredior</strong></span> <span class='ocrx_word' id='word_1_62' title='bbox 591 926 618 961; x_wconf 83' lang='lat'><strong>2.</strong></span> 
     </span>
    </p>
   </div>
   <div class='ocr_carea' id='block_1_4' title="bbox 171 1061 1674 1895">
    <p class='ocr_par' dir='ltr' id='par_1_4' title="bbox 171 1061 1674 1895">
     <span class='ocr_line' id='line_1_11' title="bbox 231 1061 1673 1117; baseline 0 -14"><span class='ocrx_word' id='word_1_63' title='bbox 231 1061 408 1104; x_wconf 80' lang='lat' dir='ltr'><strong>Conscia</strong></span> <span class='ocrx_word' id='word_1_64' title='bbox 426 1064 509 1116; x_wconf 80' lang='lat' dir='ltr'><strong>fati</strong></span> <span class='ocrx_word' id='word_1_65' title='bbox 531 1063 663 1103; x_wconf 78' lang='lat' dir='ltr'><strong>sidera</strong></span> <span class='ocrx_word' id='word_1_66' title='bbox 683 1067 809 1115; x_wconf 84' lang='lat' dir='ltr'><strong>poeta</strong></span> <span class='ocrx_word' id='word_1_67' title='bbox 835 1063 953 1102; x_wconf 88' lang='lat' dir='ltr'><strong>dixit.</strong></span> <span class='ocrx_word' id='word_1_68' title='bbox 975 1063 1028 1102; x_wconf 93' lang='lat' dir='ltr'><strong>At</strong></span> <span class='ocrx_word' id='word_1_69' title='bbox 1051 1062 1408 1114; x_wconf 84' lang='lat' dir='ltr'><strong>quemadmodum</strong></span> <span class='ocrx_word' id='word_1_70' title='bbox 1437 1063 1573 1103; x_wconf 85' lang='lat' dir='ltr'><strong>dicere</strong></span> <span class='ocrx_word' id='word_1_71' title='bbox 1598 1076 1673 1117; x_wconf 90' lang='lat' dir='ltr'><strong>po-</strong></span> 
     </span>
     <span class='ocr_line' id='line_1_12' title="bbox 172 1127 1673 1180; baseline 0.001 -13"><span class='ocrx_word' id='word_1_72' title='bbox 172 1128 348 1168; x_wconf 81' lang='lat' dir='ltr'><strong>tuisset‘?</strong></span> <span class='ocrx_word' id='word_1_73' title='bbox 366 1141 490 1169; x_wconf 92' lang='lat' dir='ltr'><strong>nemo</strong></span> <span class='ocrx_word' id='word_1_74' title='bbox 511 1141 596 1168; x_wconf 91' lang='lat' dir='ltr'><strong>non</strong></span> <span class='ocrx_word' id='word_1_75' title='bbox 617 1128 854 1179; x_wconf 84' lang='lat' dir='ltr'><strong>astrologus</strong></span> <span class='ocrx_word' id='word_1_76' title='bbox 875 1127 1081 1180; x_wconf 85' lang='lat' dir='ltr'><strong>(Romana</strong></span> <span class='ocrx_word' id='word_1_77' title='bbox 1101 1128 1151 1167; x_wconf 91' lang='lat' dir='ltr'><strong>de</strong></span> <span class='ocrx_word' id='word_1_78' title='bbox 1179 1132 1303 1179; x_wconf 86' lang='lat' dir='ltr'><strong>gente</strong></span> <span class='ocrx_word' id='word_1_79' title='bbox 1330 1129 1455 1168; x_wconf 85' lang='lat' dir='ltr'><strong>fuerit</strong></span> <span class='ocrx_word' id='word_1_80' title='bbox 1475 1142 1529 1168; x_wconf 90' lang='lat' dir='ltr'><strong>an</strong></span> <span class='ocrx_word' id='word_1_81' title='bbox 1551 1128 1673 1168; x_wconf 89' lang='lat' dir='ltr'><strong>Chal-</strong></span> 
     </span>
     <span class='ocr_line' id='line_1_13' title="bbox 171 1193 1672 1246; baseline 0.001 -14"><span class='ocrx_word' id='word_1_82' title='bbox 171 1193 457 1242; x_wconf 83' lang='lat' dir='ltr'><strong>daea,·stoicus</strong></span> <span class='ocrx_word' id='word_1_83' title='bbox 481 1206 534 1233; x_wconf 90' lang='lat' dir='ltr'><strong>an</strong></span> <span class='ocrx_word' id='word_1_84' title='bbox 559 1193 834 1242; x_wconf 83' lang='lat' dir='ltr'><strong>Christianus,</strong></span> <span class='ocrx_word' id='word_1_85' title='bbox 863 1193 967 1232; x_wconf 91' lang='lat' dir='ltr'><strong>nihil</strong></span> <span class='ocrx_word' id='word_1_86' title='bbox 990 1193 1147 1246; x_wconf 86' lang='lat' dir='ltr'><strong>refert),</strong></span> <span class='ocrx_word' id='word_1_87' title='bbox 1170 1193 1228 1233; x_wconf 87' lang='lat' dir='ltr'><strong>ita</strong></span> <span class='ocrx_word' id='word_1_88' title='bbox 1249 1193 1365 1245; x_wconf 93' lang='lat' dir='ltr'><strong>loqui</strong></span> <span class='ocrx_word' id='word_1_89' title='bbox 1386 1206 1429 1233; x_wconf 90' lang='lat' dir='ltr'><strong>re</strong></span> <span class='ocrx_word' id='word_1_90' title='bbox 1450 1195 1541 1246; x_wconf 85' lang='lat' dir='ltr'><strong>ipsa</strong></span> <span class='ocrx_word' id='word_1_91' title='bbox 1561 1194 1672 1245; x_wconf 84' lang='lat' dir='ltr'><strong>cogi-</strong></span> 
     </span>
     <span class='ocr_line' id='line_1_14' title="bbox 173 1257 1672 1312; baseline 0 -14"><span class='ocrx_word' id='word_1_92' title='bbox 173 1261 254 1299; x_wconf 85' lang='lat' dir='ltr'><strong>tur.</strong></span> <span class='ocrx_word' id='word_1_93' title='bbox 283 1257 460 1299; x_wconf 78' lang='lat' dir='ltr'><strong>Caelestt&#39;s</strong></span> <span class='ocrx_word' id='word_1_94' title='bbox 481 1259 655 1299; x_wconf 80' lang='lat' dir='ltr'><strong>rationis</strong></span> <span class='ocrx_word' id='word_1_95' title='bbox 676 1272 777 1312; x_wconf 77' lang='lat' dir='ltr'><strong>opus</strong></span> <span class='ocrx_word' id='word_1_96' title='bbox 798 1258 978 1310; x_wconf 85' lang='lat' dir='ltr'><strong>scripsit.</strong></span> <span class='ocrx_word' id='word_1_97' title='bbox 997 1259 1050 1298; x_wconf 90' lang='lat' dir='ltr'><strong>At</strong></span> <span class='ocrx_word' id='word_1_98' title='bbox 1073 1263 1113 1298; x_wconf 90' lang='lat' dir='ltr'><strong>et</strong></span> <span class='ocrx_word' id='word_1_99' title='bbox 1130 1258 1431 1311; x_wconf 81' lang='lat' dir='ltr'><strong>Peripateticus</strong></span> <span class='ocrx_word' id='word_1_100' title='bbox 1457 1264 1497 1298; x_wconf 93' lang='lat' dir='ltr'><strong>et</strong></span> <span class='ocrx_word' id='word_1_101' title='bbox 1517 1259 1672 1311; x_wconf 85' lang='lat' dir='ltr'><strong>Pytha-</strong></span> 
     </span>
     <span class='ocr_line' id='line_1_15' title="bbox 171 1323 1674 1376; baseline -0.001 -13"><span class='ocrx_word' id='word_1_102' title='bbox 171 1335 324 1375; x_wconf 83' lang='lat' dir='ltr'><strong>goreus</strong></span> <span class='ocrx_word' id='word_1_103' title='bbox 344 1327 385 1363; x_wconf 90' lang='lat' dir='ltr'><strong>et</strong></span> <span class='ocrx_word' id='word_1_104' title='bbox 407 1323 629 1363; x_wconf 76' lang='lat' dir='ltr'><strong>Chaldaeus</strong></span> <span class='ocrx_word' id='word_1_105' title='bbox 650 1327 691 1363; x_wconf 94' lang='lat' dir='ltr'><strong>et</strong></span> <span class='ocrx_word' id='word_1_106' title='bbox 709 1323 929 1375; x_wconf 81' lang='lat' dir='ltr'><strong>AEgyptius</strong></span> <span class='ocrx_word' id='word_1_107' title='bbox 952 1327 992 1363; x_wconf 88' lang='lat' dir='ltr'><strong>et</strong></span> <span class='ocrx_word' id='word_1_108' title='bbox 1010 1323 1280 1372; x_wconf 85' lang='lat' dir='ltr'><strong>Christianus,</strong></span> <span class='ocrx_word' id='word_1_109' title='bbox 1305 1327 1346 1362; x_wconf 90' lang='lat' dir='ltr'><strong>et</strong></span> <span class='ocrx_word' id='word_1_110' title='bbox 1366 1324 1500 1376; x_wconf 90' lang='lat' dir='ltr'><strong>quivis</strong></span> <span class='ocrx_word' id='word_1_111' title='bbox 1521 1329 1674 1376; x_wconf 86' lang='lat' dir='ltr'><strong>praeter</strong></span> 
     </span>
     <span class='ocr_line' id='line_1_16' title="bbox 171 1387 1674 1441; baseline 0 -13"><span class='ocrx_word' id='word_1_112' title='bbox 171 1389 440 1441; x_wconf 79' lang='lat' dir='ltr'><strong>Epicureum,</strong></span> <span class='ocrx_word' id='word_1_113' title='bbox 464 1389 574 1428; x_wconf 90' lang='lat' dir='ltr'><strong>idem</strong></span> <span class='ocrx_word' id='word_1_114' title='bbox 602 1389 846 1439; x_wconf 87' lang='lat' dir='ltr'><strong>scripsisset,</strong></span> <span class='ocrx_word' id='word_1_115' title='bbox 871 1401 1005 1440; x_wconf 89' lang='lat' dir='ltr'><strong>neque</strong></span> <span class='ocrx_word' id='word_1_116' title='bbox 1031 1387 1142 1427; x_wconf 87' lang='lat' dir='ltr'><strong>enim</strong></span> <span class='ocrx_word' id='word_1_117' title='bbox 1170 1388 1402 1440; x_wconf 84' lang='lat' dir='ltr'><strong>quidquam</strong></span> <span class='ocrx_word' id='word_1_118' title='bbox 1431 1388 1489 1427; x_wconf 91' lang='lat' dir='ltr'><strong>ibi</strong></span> <span class='ocrx_word' id='word_1_119' title='bbox 1518 1389 1674 1428; x_wconf 86' lang='lat' dir='ltr'><strong>indicat</strong></span> 
     </span>
     <span class='ocr_line' id='line_1_17' title="bbox 171 1452 1674 1505; baseline 0.001 -13"><span class='ocrx_word' id='word_1_120' title='bbox 171 1453 304 1492; x_wconf 91' lang='lat' dir='ltr'><strong>Deum</strong></span> <span class='ocrx_word' id='word_1_121' title='bbox 326 1453 484 1492; x_wconf 91' lang='lat' dir='ltr'><strong>mundo</strong></span> <span class='ocrx_word' id='word_1_122' title='bbox 505 1453 781 1492; x_wconf 87' lang='lat' dir='ltr'><strong>inhaerentem</strong></span> <span class='ocrx_word' id='word_1_123' title='bbox 808 1456 932 1504; x_wconf 88' lang='lat' dir='ltr'><strong>atque</strong></span> <span class='ocrx_word' id='word_1_124' title='bbox 953 1452 1158 1501; x_wconf 82' lang='lat' dir='ltr'><strong>infusum3</strong></span> <span class='ocrx_word' id='word_1_125' title='bbox 1186 1456 1406 1505; x_wconf 88' lang='lat' dir='ltr'><strong>potestque</strong></span> <span class='ocrx_word' id='word_1_126' title='bbox 1426 1453 1602 1504; x_wconf 84' lang='lat' dir='ltr'><strong>intelligi</strong></span> <span class='ocrx_word' id='word_1_127' title='bbox 1623 1453 1674 1493; x_wconf 90' lang='lat' dir='ltr'><strong>de</strong></span> 
     </span>
     <span class='ocr_line' id='line_1_18' title="bbox 171 1517 1674 1571; baseline 0.001 -14"><span class='ocrx_word' id='word_1_128' title='bbox 171 1519 258 1558; x_wconf 90' lang='lat' dir='ltr'><strong>Deo</strong></span> <span class='ocrx_word' id='word_1_129' title='bbox 287 1530 416 1571; x_wconf 88' lang='lat' dir='ltr'><strong>supra</strong></span> <span class='ocrx_word' id='word_1_130' title='bbox 445 1517 648 1557; x_wconf 90' lang='lat' dir='ltr'><strong>mundum</strong></span> <span class='ocrx_word' id='word_1_131' title='bbox 670 1517 807 1570; x_wconf 86' lang='lat' dir='ltr'><strong>posito</strong></span> <span class='ocrx_word' id='word_1_132' title='bbox 828 1530 962 1569; x_wconf 91' lang='lat' dir='ltr'><strong>neque</strong></span> <span class='ocrx_word' id='word_1_133' title='bbox 984 1517 1116 1568; x_wconf 86' lang='lat' dir='ltr'><strong>magis</strong></span> <span class='ocrx_word' id='word_1_134' title='bbox 1149 1517 1185 1556; x_wconf 89' lang='lat' dir='ltr'><strong>ei</strong></span> <span class='ocrx_word' id='word_1_135' title='bbox 1202 1519 1395 1569; x_wconf 78' lang='lat' dir='ltr'><strong>J&#39;unctum</strong></span> <span class='ocrx_word' id='word_1_136' title='bbox 1415 1530 1542 1570; x_wconf 88' lang='lat' dir='ltr'><strong>quam</strong></span> <span class='ocrx_word' id='word_1_137' title='bbox 1564 1518 1674 1558; x_wconf 90' lang='lat' dir='ltr'><strong>ullus</strong></span> 
     </span>
     <span class='ocr_line' id='line_1_19' title="bbox 173 1582 1673 1635; baseline 0.001 -13"><span class='ocrx_word' id='word_1_138' title='bbox 173 1583 324 1622; x_wconf 81' lang='lat' dir='ltr'><strong>artifex</strong></span> <span class='ocrx_word' id='word_1_139' title='bbox 355 1583 430 1622; x_wconf 87' lang='lat' dir='ltr'><strong>ulli</strong></span> <span class='ocrx_word' id='word_1_140' title='bbox 459 1583 590 1635; x_wconf 91' lang='lat' dir='ltr'><strong>operi.</strong></span> <span class='ocrx_word' id='word_1_141' title='bbox 620 1583 673 1622; x_wconf 89' lang='lat' dir='ltr'><strong>At</strong></span> <span class='ocrx_word' id='word_1_142' title='bbox 698 1582 890 1622; x_wconf 84' lang='lat' dir='ltr'><strong>mundum</strong></span> <span class='ocrx_word' id='word_1_143' title='bbox 915 1582 1018 1621; x_wconf 89' lang='lat' dir='ltr'><strong>dixit</strong></span> <span class='ocrx_word' id='word_1_144' title='bbox 1045 1595 1120 1634; x_wconf 90' lang='lat' dir='ltr'><strong>pro</strong></span> <span class='ocrx_word' id='word_1_145' title='bbox 1145 1582 1266 1623; x_wconf 88' lang='lat' dir='ltr'><strong>coelo.</strong></span> <span class='ocrx_word' id='word_1_146' title='bbox 1292 1583 1423 1630; x_wconf 73' lang='lat' dir='ltr'><strong>Quid?</strong></span> <span class='ocrx_word' id='word_1_147' title='bbox 1448 1583 1558 1622; x_wconf 86' lang='lat' dir='ltr'><strong>istud</strong></span> <span class='ocrx_word' id='word_1_148' title='bbox 1583 1596 1673 1623; x_wconf 92' lang='lat' dir='ltr'><strong>ver-</strong></span> 
     </span>
     <span class='ocr_line' id='line_1_20' title="bbox 172 1646 1672 1699; baseline -0.001 -12"><span class='ocrx_word' id='word_1_149' title='bbox 172 1646 274 1687; x_wconf 89' lang='lat' dir='ltr'><strong>bum</strong></span> <span class='ocrx_word' id='word_1_150' title='bbox 295 1647 447 1688; x_wconf 87' lang='lat' dir='ltr'><strong>stoicos</strong></span> <span class='ocrx_word' id='word_1_151' title='bbox 468 1660 492 1687; x_wconf 86' lang='lat' dir='ltr'><strong>a</strong></span> <span class='ocrx_word' id='word_1_152' title='bbox 512 1647 659 1687; x_wconf 86' lang='lat' dir='ltr'><strong>ceteris</strong></span> <span class='ocrx_word' id='word_1_153' title='bbox 678 1647 869 1699; x_wconf 84' lang='lat' dir='ltr'><strong>sejunget</strong></span> <span class='ocrx_word' id='word_1_154' title='bbox 894 1647 1089 1699; x_wconf 90' lang='lat' dir='ltr'><strong>idemque</strong></span> <span class='ocrx_word' id='word_1_155' title='bbox 1115 1647 1271 1687; x_wconf 82' lang='lat' dir='ltr'><strong>valebit</strong></span> <span class='ocrx_word' id='word_1_156' title='bbox 1297 1647 1396 1699; x_wconf 88' lang='lat' dir='ltr'><strong>quid</strong></span> <span class='ocrx_word' id='word_1_157' title='bbox 1423 1648 1672 1687; x_wconf 82' lang='lat' dir='ltr'><strong>Hebraicum</strong></span> 
     </span>
     <span class='ocr_line' id='line_1_21' title="bbox 172 1711 1673 1763; baseline -0.001 -11"><span class='ocrx_word' id='word_1_158' title='bbox 172 1711 278 1752; x_wconf 82' lang='lat' dir='ltr'><strong>illud</strong></span> <span class='ocrx_word' id='word_1_159' title='bbox 305 1712 403 1752; x_wconf 93' lang='lat' dir='ltr'><strong>olim</strong></span> <span class='ocrx_word' id='word_1_160' title='bbox 429 1711 653 1752; x_wconf 68' lang='lat' dir='ltr'><strong>sllibbolec?</strong></span> <span class='ocrx_word' id='word_1_161' title='bbox 671 1712 909 1752; x_wconf 89' lang='lat' dir='ltr'><strong>Lucretium</strong></span> <span class='ocrx_word' id='word_1_162' title='bbox 936 1712 1064 1762; x_wconf 85' lang='lat' dir='ltr'><strong>igitur</strong></span> <span class='ocrx_word' id='word_1_163' title='bbox 1089 1716 1130 1751; x_wconf 88' lang='lat' dir='ltr'><strong>et</strong></span> <span class='ocrx_word' id='word_1_164' title='bbox 1155 1712 1363 1751; x_wconf 86' lang='lat' dir='ltr'><strong>Catullum</strong></span> <span class='ocrx_word' id='word_1_165' title='bbox 1387 1717 1427 1752; x_wconf 88' lang='lat' dir='ltr'><strong>et</strong></span> <span class='ocrx_word' id='word_1_166' title='bbox 1455 1712 1673 1763; x_wconf 82' lang='lat' dir='ltr'><strong>Virgilium</strong></span> 
     </span>
     <span class='ocr_line' id='line_1_22' title="bbox 174 1777 1672 1830; baseline 0 -13"><span class='ocrx_word' id='word_1_167' title='bbox 174 1781 216 1818; x_wconf 87' lang='lat' dir='ltr'><strong>et</strong></span> <span class='ocrx_word' id='word_1_168' title='bbox 240 1777 453 1817; x_wconf 89' lang='lat' dir='ltr'><strong>Tibullum</strong></span> <span class='ocrx_word' id='word_1_169' title='bbox 476 1777 518 1817; x_wconf 93' lang='lat' dir='ltr'><strong>in</strong></span> <span class='ocrx_word' id='word_1_170' title='bbox 537 1777 750 1817; x_wconf 85' lang='lat' dir='ltr'><strong>Porticum</strong></span> <span class='ocrx_word' id='word_1_171' title='bbox 774 1777 1090 1830; x_wconf 86' lang='lat' dir='ltr'><strong>compellemus,</strong></span> <span class='ocrx_word' id='word_1_172' title='bbox 1114 1777 1185 1829; x_wconf 89' lang='lat' dir='ltr'><strong>qui</strong></span> <span class='ocrx_word' id='word_1_173' title='bbox 1211 1777 1404 1817; x_wconf 77' lang='lat' dir='ltr'><strong>mundum</strong></span> <span class='ocrx_word' id='word_1_174' title='bbox 1431 1790 1575 1818; x_wconf 88' lang='lat' dir='ltr'><strong>omnes</strong></span> <span class='ocrx_word' id='word_1_175' title='bbox 1596 1790 1672 1830; x_wconf 91' lang='lat' dir='ltr'><strong>pro</strong></span> 
     </span>
     <span class='ocr_line' id='line_1_23' title="bbox 174 1842 642 1895; baseline -0.002 -12"><span class='ocrx_word' id='word_1_176' title='bbox 174 1842 278 1884; x_wconf 81' lang='lat' dir='ltr'><strong>caelo</strong></span> <span class='ocrx_word' id='word_1_177' title='bbox 298 1842 592 1895; x_wconf 87' lang='lat' dir='ltr'><strong>usurpaverint</strong></span> <span class='ocrx_word' id='word_1_178' title='bbox 612 1844 642 1882; x_wconf 78' lang='lat'><strong>³.</strong></span> 
     </span>
    </p>
   </div>
   <div class='ocr_carea' id='block_1_5' title="bbox 218 1982 938 2025">
    <p class='ocr_par' dir='ltr' id='par_1_5' title="bbox 218 1982 938 2025">
     <span class='ocr_line' id='line_1_24' title="bbox 218 1982 938 2025; baseline 0.003 -10"><span class='ocrx_word' id='word_1_179' title='bbox 218 1983 249 2015; x_wconf 83' lang='lat'><strong>1.</strong></span> <span class='ocrx_word' id='word_1_180' title='bbox 269 1982 407 2025; x_wconf 83' lang='lat' dir='ltr'><strong>Ferraz,</strong></span> <span class='ocrx_word' id='word_1_181' title='bbox 427 1992 462 2024; x_wconf 88' lang='lat' dir='ltr'><strong>p.</strong></span> <span class='ocrx_word' id='word_1_182' title='bbox 484 1985 534 2016; x_wconf 89' lang='grc'><strong>60.</strong></span> <span class='ocrx_word' id='word_1_183' title='bbox 557 2002 597 2007; x_wconf 94' lang='grc'>-</span> <span class='ocrx_word' id='word_1_184' title='bbox 614 1984 768 2021; x_wconf 65' lang='lat' dir='ltr'><strong>Astron„</strong></span> <span class='ocrx_word' id='word_1_185' title='bbox 789 1985 845 2025; x_wconf 90' lang='lat' dir='ltr'><strong>IV,</strong></span> <span class='ocrx_word' id='word_1_186' title='bbox 866 1985 938 2017; x_wconf 87' lang='grc'><strong>896.</strong></span> 
     </span>
    </p>
   </div>
   <div class='ocr_carea' id='block_1_6' title="bbox 459 2072 1279 2686">
    <p class='ocr_par' dir='ltr' id='par_1_6' title="bbox 459 2072 1279 2686">
     <span class='ocr_line' id='line_1_25' title="bbox 461 2072 1259 2108; baseline 0.005 -11"><span class='ocrx_word' id='word_1_187' title='bbox 461 2072 524 2098; x_wconf 84' lang='lat' dir='ltr'><strong>Aut</strong></span> <span class='ocrx_word' id='word_1_188' title='bbox 544 2072 681 2107; x_wconf 84' lang='lat' dir='ltr'><strong>cuiquam</strong></span> <span class='ocrx_word' id='word_1_189' title='bbox 699 2073 825 2108; x_wconf 81' lang='lat' dir='ltr'><strong>genitos,</strong></span> <span class='ocrx_word' id='word_1_190' title='bbox 843 2073 899 2100; x_wconf 89' lang='lat' dir='ltr'><strong>nisi</strong></span> <span class='ocrx_word' id='word_1_191' title='bbox 920 2073 1002 2105; x_wconf 80' lang='lat' dir='ltr'><strong>caelo,</strong></span> <span class='ocrx_word' id='word_1_192' title='bbox 1020 2073 1138 2101; x_wconf 84' lang='lat' dir='ltr'><strong>credere</strong></span> <span class='ocrx_word' id='word_1_193' title='bbox 1155 2074 1198 2100; x_wconf 80' lang='lat' dir='ltr'><strong>sas</strong></span> <span class='ocrx_word' id='word_1_194' title='bbox 1213 2076 1259 2101; x_wconf 81' lang='lat' dir='ltr'><strong>est</strong></span> 
     </span>
     <span class='ocr_line' id='line_1_26' title="bbox 461 2114 1256 2150; baseline 0.001 -11"><span class='ocrx_word' id='word_1_195' title='bbox 461 2114 534 2139; x_wconf 85' lang='lat' dir='ltr'><strong>Esse</strong></span> <span class='ocrx_word' id='word_1_196' title='bbox 552 2114 708 2140; x_wconf 72' lang='lat' dir='ltr'><strong>homines?</strong></span> <span class='ocrx_word' id='word_1_197' title='bbox 725 2114 860 2149; x_wconf 82' lang='lat' dir='ltr'><strong>projecta</strong></span> <span class='ocrx_word' id='word_1_198' title='bbox 878 2115 979 2150; x_wconf 81' lang='lat' dir='ltr'><strong>jacent</strong></span> <span class='ocrx_word' id='word_1_199' title='bbox 996 2114 1135 2141; x_wconf 77' lang='lat' dir='ltr'><strong>animalia</strong></span> <span class='ocrx_word' id='word_1_200' title='bbox 1151 2116 1256 2140; x_wconf 74' lang='lat' dir='ltr'><strong>cuncta</strong></span> 
     </span>
     <span class='ocr_line' id='line_1_27' title="bbox 462 2155 1244 2189; baseline 0.001 -9"><span class='ocrx_word' id='word_1_201' title='bbox 462 2155 495 2180; x_wconf 88' lang='lat' dir='ltr'><strong>In</strong></span> <span class='ocrx_word' id='word_1_202' title='bbox 514 2157 599 2186; x_wconf 84' lang='lat' dir='ltr'><strong>terra,</strong></span> <span class='ocrx_word' id='word_1_203' title='bbox 617 2155 663 2182; x_wconf 84' lang='lat' dir='ltr'><strong>vel</strong></span> <span class='ocrx_word' id='word_1_204' title='bbox 681 2163 776 2182; x_wconf 77' lang='lat' dir='ltr'><strong>mersa</strong></span> <span class='ocrx_word' id='word_1_205' title='bbox 795 2156 892 2187; x_wconf 73' lang='lat' dir='ltr'><strong>vadis,</strong></span> <span class='ocrx_word' id='word_1_206' title='bbox 910 2156 956 2182; x_wconf 91' lang='lat' dir='ltr'><strong>vel</strong></span> <span class='ocrx_word' id='word_1_207' title='bbox 972 2156 1001 2182; x_wconf 89' lang='lat' dir='ltr'><strong>in</strong></span> <span class='ocrx_word' id='word_1_208' title='bbox 1018 2163 1084 2183; x_wconf 81' lang='lat' dir='ltr'><strong>aere</strong></span> <span class='ocrx_word' id='word_1_209' title='bbox 1100 2155 1244 2189; x_wconf 85' lang='lat' dir='ltr'><strong>pendent;</strong></span> 
     </span>
     <span class='ocr_line' id='line_1_28' title="bbox 461 2195 1274 2231; baseline 0.001 -10"><span class='ocrx_word' id='word_1_210' title='bbox 461 2195 606 2223; x_wconf 88' lang='lat' dir='ltr'><strong>Omnibus</strong></span> <span class='ocrx_word' id='word_1_211' title='bbox 623 2205 682 2223; x_wconf 86' lang='lat' dir='ltr'><strong>uua</strong></span> <span class='ocrx_word' id='word_1_212' title='bbox 699 2197 792 2231; x_wconf 84' lang='lat' dir='ltr'><strong>quies,</strong></span> <span class='ocrx_word' id='word_1_213' title='bbox 811 2200 914 2224; x_wconf 79' lang='lat' dir='ltr'><strong>venter</strong></span> <span class='ocrx_word' id='word_1_214' title='bbox 933 2205 1096 2231; x_wconf 82' lang='lat' dir='ltr'><strong>censusque</strong></span> <span class='ocrx_word' id='word_1_215' title='bbox 1112 2205 1166 2231; x_wconf 90' lang='lat' dir='ltr'><strong>per</strong></span> <span class='ocrx_word' id='word_1_216' title='bbox 1184 2199 1274 2227; x_wconf 75' lang='lat' dir='ltr'><strong>artus,</strong></span> 
     </span>
     <span class='ocr_line' id='line_1_29' title="bbox 460 2237 1227 2272; baseline 0 -9"><span class='ocrx_word' id='word_1_217' title='bbox 460 2237 506 2268; x_wconf 80' lang='lat' dir='ltr'><strong>Et,</strong></span> <span class='ocrx_word' id='word_1_218' title='bbox 528 2238 597 2272; x_wconf 86' lang='lat' dir='ltr'><strong>quia</strong></span> <span class='ocrx_word' id='word_1_219' title='bbox 613 2238 769 2265; x_wconf 86' lang='lat' dir='ltr'><strong>consilium</strong></span> <span class='ocrx_word' id='word_1_220' title='bbox 786 2247 845 2266; x_wconf 89' lang='lat' dir='ltr'><strong>non</strong></span> <span class='ocrx_word' id='word_1_221' title='bbox 862 2242 916 2270; x_wconf 81' lang='lat' dir='ltr'><strong>est,</strong></span> <span class='ocrx_word' id='word_1_222' title='bbox 934 2242 964 2266; x_wconf 85' lang='lat' dir='ltr'><strong>et</strong></span> <span class='ocrx_word' id='word_1_223' title='bbox 981 2239 1082 2270; x_wconf 70' lang='lat' dir='ltr'><strong>lingua</strong></span> <span class='ocrx_word' id='word_1_224' title='bbox 1096 2238 1227 2265; x_wconf 77' lang='lat' dir='ltr'><strong>remissa.</strong></span> 
     </span>
     <span class='ocr_line' id='line_1_30' title="bbox 461 2279 1183 2315; baseline -0.001 -9"><span class='ocrx_word' id='word_1_225' title='bbox 461 2279 545 2306; x_wconf 85' lang='lat' dir='ltr'><strong>Unus</strong></span> <span class='ocrx_word' id='word_1_226' title='bbox 562 2280 591 2306; x_wconf 89' lang='lat' dir='ltr'><strong>in</strong></span> <span class='ocrx_word' id='word_1_227' title='bbox 608 2280 757 2315; x_wconf 86' lang='lat' dir='ltr'><strong>inspectus</strong></span> <span class='ocrx_word' id='word_1_228' title='bbox 774 2288 872 2307; x_wconf 88' lang='lat' dir='ltr'><strong>rerum</strong></span> <span class='ocrx_word' id='word_1_229' title='bbox 888 2281 1024 2315; x_wconf 84' lang='lat' dir='ltr'><strong>viresque</strong></span> <span class='ocrx_word' id='word_1_230' title='bbox 1043 2279 1183 2314; x_wconf 89' lang='lat' dir='ltr'><strong>loquendi</strong></span> 
     </span>
     <span class='ocr_line' id='line_1_31' title="bbox 461 2321 1210 2357; baseline 0.001 -11"><span class='ocrx_word' id='word_1_231' title='bbox 461 2321 675 2356; x_wconf 87' lang='lat' dir='ltr'><strong>Ingeniumque</strong></span> <span class='ocrx_word' id='word_1_232' title='bbox 691 2330 795 2356; x_wconf 79' lang='lat' dir='ltr'><strong>capax,</strong></span> <span class='ocrx_word' id='word_1_233' title='bbox 811 2322 965 2357; x_wconf 82' lang='lat' dir='ltr'><strong>variasque</strong></span> <span class='ocrx_word' id='word_1_234' title='bbox 983 2322 1116 2349; x_wconf 85' lang='lat' dir='ltr'><strong>educitur</strong></span> <span class='ocrx_word' id='word_1_235' title='bbox 1132 2323 1210 2347; x_wconf 79' lang='lat' dir='ltr'><strong>artes</strong></span> 
     </span>
     <span class='ocr_line' id='line_1_32' title="bbox 462 2361 1248 2398; baseline 0 -11"><span class='ocrx_word' id='word_1_236' title='bbox 462 2361 516 2387; x_wconf 83' lang='lat' dir='ltr'><strong>Hic</strong></span> <span class='ocrx_word' id='word_1_237' title='bbox 535 2365 647 2396; x_wconf 78' lang='lat' dir='ltr'><strong>partus,</strong></span> <span class='ocrx_word' id='word_1_238' title='bbox 667 2363 717 2397; x_wconf 89' lang='lat' dir='ltr'><strong>qui</strong></span> <span class='ocrx_word' id='word_1_239' title='bbox 734 2366 841 2390; x_wconf 84' lang='lat' dir='ltr'><strong>cuncta</strong></span> <span class='ocrx_word' id='word_1_240' title='bbox 859 2363 946 2398; x_wconf 84' lang='lat' dir='ltr'><strong>regit,</strong></span> <span class='ocrx_word' id='word_1_241' title='bbox 965 2362 1085 2389; x_wconf 77' lang='lat' dir='ltr'><strong>secessit</strong></span> <span class='ocrx_word' id='word_1_242' title='bbox 1104 2362 1133 2388; x_wconf 91' lang='lat' dir='ltr'><strong>in</strong></span> <span class='ocrx_word' id='word_1_243' title='bbox 1150 2361 1248 2392; x_wconf 82' lang='lat' dir='ltr'><strong>urbes,</strong></span> 
     </span>
     <span class='ocr_line' id='line_1_33' title="bbox 460 2401 1172 2439; baseline 0.001 -11"><span class='ocrx_word' id='word_1_244' title='bbox 460 2401 602 2430; x_wconf 87' lang='lat' dir='ltr'><strong>Edomuit</strong></span> <span class='ocrx_word' id='word_1_245' title='bbox 619 2407 726 2431; x_wconf 83' lang='lat' dir='ltr'><strong>terram</strong></span> <span class='ocrx_word' id='word_1_246' title='bbox 747 2405 784 2431; x_wconf 79' lang='lat' dir='ltr'><strong>ad</strong></span> <span class='ocrx_word' id='word_1_247' title='bbox 803 2405 913 2439; x_wconf 83' lang='lat' dir='ltr'><strong>fruges,</strong></span> <span class='ocrx_word' id='word_1_248' title='bbox 933 2404 1070 2430; x_wconf 75' lang='lat' dir='ltr'><strong>animalia</strong></span> <span class='ocrx_word' id='word_1_249' title='bbox 1086 2403 1172 2438; x_wconf 82' lang='lat' dir='ltr'><strong>cepit,</strong></span> 
     </span>
     <span class='ocr_line' id='line_1_34' title="bbox 462 2443 1230 2480; baseline 0 -11"><span class='ocrx_word' id='word_1_250' title='bbox 462 2443 665 2479; x_wconf 83' lang='lat' dir='ltr'><strong>Imposuitque</strong></span> <span class='ocrx_word' id='word_1_251' title='bbox 681 2445 758 2472; x_wconf 80' lang='lat' dir='ltr'><strong>viam</strong></span> <span class='ocrx_word' id='word_1_252' title='bbox 775 2448 877 2480; x_wconf 68' lang='lat' dir='ltr'><strong>ponto,</strong></span> <span class='ocrx_word' id='word_1_253' title='bbox 892 2445 974 2472; x_wconf 79' lang='lat' dir='ltr'><strong>stetit</strong></span> <span class='ocrx_word' id='word_1_254' title='bbox 987 2454 1063 2471; x_wconf 85' lang='lat' dir='ltr'><strong>unus</strong></span> <span class='ocrx_word' id='word_1_255' title='bbox 1081 2445 1110 2470; x_wconf 91' lang='lat' dir='ltr'><strong>in</strong></span> <span class='ocrx_word' id='word_1_256' title='bbox 1130 2451 1230 2470; x_wconf 87' lang='lat' dir='ltr'><strong>arcem</strong></span> 
     </span>
     <span class='ocr_line' id='line_1_35' title="bbox 461 2485 1159 2522; baseline 0.001 -11"><span class='ocrx_word' id='word_1_257' title='bbox 461 2485 583 2512; x_wconf 79' lang='lat' dir='ltr'><strong>Erectus</strong></span> <span class='ocrx_word' id='word_1_258' title='bbox 600 2487 714 2522; x_wconf 81' lang='lat' dir='ltr'><strong>capitis,</strong></span> <span class='ocrx_word' id='word_1_259' title='bbox 735 2487 884 2522; x_wconf 86' lang='lat' dir='ltr'><strong>victorque</strong></span> <span class='ocrx_word' id='word_1_260' title='bbox 902 2487 938 2513; x_wconf 79' lang='lat' dir='ltr'><strong>ad</strong></span> <span class='ocrx_word' id='word_1_261' title='bbox 953 2487 1050 2513; x_wconf 81' lang='lat' dir='ltr'><strong>sidera</strong></span> <span class='ocrx_word' id='word_1_262' title='bbox 1067 2486 1159 2512; x_wconf 80' lang='lat' dir='ltr'><strong>mittit</strong></span> 
     </span>
     <span class='ocr_line' id='line_1_36' title="bbox 463 2526 1271 2563; baseline -0.001 -10"><span class='ocrx_word' id='word_1_263' title='bbox 463 2526 598 2554; x_wconf 85' lang='lat' dir='ltr'><strong>Sidereos</strong></span> <span class='ocrx_word' id='word_1_264' title='bbox 618 2528 728 2561; x_wconf 84' lang='lat' dir='ltr'><strong>oculos,</strong></span> <span class='ocrx_word' id='word_1_265' title='bbox 746 2529 927 2563; x_wconf 87' lang='lat' dir='ltr'><strong>propiusque</strong></span> <span class='ocrx_word' id='word_1_266' title='bbox 943 2528 1096 2563; x_wconf 81' lang='lat' dir='ltr'><strong>adspectat</strong></span> <span class='ocrx_word' id='word_1_267' title='bbox 1112 2527 1271 2562; x_wconf 79' lang='lat' dir='ltr'><strong>Olympum</strong></span> 
     </span>
     <span class='ocr_line' id='line_1_37' title="bbox 459 2567 1190 2603; baseline 0 -10"><span class='ocrx_word' id='word_1_268' title='bbox 459 2567 646 2603; x_wconf 73' lang='lat' dir='ltr'><strong>Inquit-itque</strong></span> <span class='ocrx_word' id='word_1_269' title='bbox 660 2570 780 2603; x_wconf 83' lang='lat' dir='ltr'><strong>Jovem;</strong></span> <span class='ocrx_word' id='word_1_270' title='bbox 799 2577 853 2597; x_wconf 87' lang='lat' dir='ltr'><strong>nec</strong></span> <span class='ocrx_word' id='word_1_271' title='bbox 869 2570 931 2596; x_wconf 82' lang='lat' dir='ltr'><strong>sola</strong></span> <span class='ocrx_word' id='word_1_272' title='bbox 947 2570 1043 2596; x_wconf 74' lang='lat' dir='ltr'><strong>fronte</strong></span> <span class='ocrx_word' id='word_1_273' title='bbox 1061 2569 1190 2595; x_wconf 90' lang='lat' dir='ltr'><strong>Deorum</strong></span> 
     </span>
     <span class='ocr_line' id='line_1_38' title="bbox 459 2608 1208 2642; baseline 0 -7"><span class='ocrx_word' id='word_1_274' title='bbox 459 2608 625 2636; x_wconf 80' lang='lat' dir='ltr'><strong>Contentus</strong></span> <span class='ocrx_word' id='word_1_275' title='bbox 645 2613 755 2642; x_wconf 80' lang='lat' dir='ltr'><strong>manet,</strong></span> <span class='ocrx_word' id='word_1_276' title='bbox 771 2613 801 2637; x_wconf 82' lang='lat' dir='ltr'><strong>et</strong></span> <span class='ocrx_word' id='word_1_277' title='bbox 816 2611 921 2637; x_wconf 83' lang='lat' dir='ltr'><strong>caelum</strong></span> <span class='ocrx_word' id='word_1_278' title='bbox 934 2613 1084 2637; x_wconf 83' lang='lat' dir='ltr'><strong>scrutatur</strong></span> <span class='ocrx_word' id='word_1_279' title='bbox 1102 2610 1130 2635; x_wconf 88' lang='lat' dir='ltr'><strong>in</strong></span> <span class='ocrx_word' id='word_1_280' title='bbox 1147 2609 1208 2636; x_wconf 81' lang='lat' dir='ltr'><strong>alto</strong></span> 
     </span>
     <span class='ocr_line' id='line_1_39' title="bbox 459 2647 1279 2686; baseline 0.002 -11"><span class='ocrx_word' id='word_1_281' title='bbox 459 2647 687 2685; x_wconf 74' lang='lat' dir='ltr'><strong>cognatumque</strong></span> <span class='ocrx_word' id='word_1_282' title='bbox 702 2659 829 2685; x_wconf 85' lang='lat' dir='ltr'><strong>sequens</strong></span> <span class='ocrx_word' id='word_1_283' title='bbox 845 2659 952 2686; x_wconf 84' lang='lat' dir='ltr'><strong>corpus</strong></span> <span class='ocrx_word' id='word_1_284' title='bbox 968 2659 1000 2678; x_wconf 84' lang='lat' dir='ltr'><strong>se</strong></span> <span class='ocrx_word' id='word_1_285' title='bbox 1014 2650 1120 2686; x_wconf 82' lang='lat' dir='ltr'><strong>quaerit</strong></span> <span class='ocrx_word' id='word_1_286' title='bbox 1135 2650 1165 2676; x_wconf 89' lang='lat' dir='ltr'><strong>in</strong></span> <span class='ocrx_word' id='word_1_287' title='bbox 1183 2649 1279 2677; x_wconf 81' lang='lat' dir='ltr'><strong>astris.</strong></span> 
     </span>
    </p>
   </div>
   <div class='ocr_carea' id='block_1_7' title="bbox 175 2752 1668 2888">
    <p class='ocr_par' dir='ltr' id='par_1_7' title="bbox 175 2752 1668 2888">
     <span class='ocr_line' id='line_1_40' title="bbox 217 2752 839 2799; baseline 0.005 -13"><span class='ocrx_word' id='word_1_288' title='bbox 217 2753 248 2786; x_wconf 82' lang='lat'><strong>2.</strong></span> <span class='ocrx_word' id='word_1_289' title='bbox 269 2752 370 2791; x_wconf 71' lang='lat' dir='ltr'><strong>Ibion..</strong></span> <span class='ocrx_word' id='word_1_290' title='bbox 393 2753 420 2795; x_wconf 89' lang='lat'><strong>1,</strong></span> <span class='ocrx_word' id='word_1_291' title='bbox 439 2755 469 2787; x_wconf 87' lang='lat'><strong>1.</strong></span> <span class='ocrx_word' id='word_1_292' title='bbox 490 2773 530 2779; x_wconf 93' lang='lat'><strong>—</strong></span> <span class='ocrx_word' id='word_1_293' title='bbox 549 2755 686 2796; x_wconf 85' lang='lat' dir='ltr'><strong>Ferraz,</strong></span> <span class='ocrx_word' id='word_1_294' title='bbox 706 2766 742 2799; x_wconf 87' lang='lat' dir='ltr'><strong>p.</strong></span> <span class='ocrx_word' id='word_1_295' title='bbox 768 2758 839 2789; x_wconf 83' lang='lat'><strong>119.</strong></span> 
     </span>
     <span class='ocr_line' id='line_1_41' title="bbox 175 2798 1668 2888; baseline -0.001 -57"><span class='ocrx_word' id='word_1_296' title='bbox 175 2800 422 2888; x_wconf 51' lang='lat' dir='ltr'><strong>⁷¹1¹:3.41,111‹311:et.‚</strong></span> <span class='ocrx_word' id='word_1_297' title='bbox 435 2801 477 2843; x_wconf 86' lang='lat' dir='ltr'><strong>V,</strong></span> <span class='ocrx_word' id='word_1_298' title='bbox 493 2803 586 2836; x_wconf 76' lang='lat'><strong>1435.</strong></span> <span class='ocrx_word' id='word_1_299' title='bbox 601 2821 641 2827; x_wconf 93' lang='lat'><strong>—-</strong></span> <span class='ocrx_word' id='word_1_300' title='bbox 660 2803 786 2843; x_wconf 65' lang='lat' dir='ltr'><strong>Catul„</strong></span> <span class='ocrx_word' id='word_1_301' title='bbox 803 2805 856 2842; x_wconf 83' lang='grc'><strong>64,</strong></span> <span class='ocrx_word' id='word_1_302' title='bbox 875 2804 948 2836; x_wconf 84' lang='grc'>205.</span> <span class='ocrx_word' id='word_1_303' title='bbox 966 2822 1007 2828; x_wconf 88' lang='grc'>-</span> <span class='ocrx_word' id='word_1_304' title='bbox 1026 2803 1164 2846; x_wconf 68' lang='lat' dir='ltr'><strong>virgil„</strong></span> <span class='ocrx_word' id='word_1_305' title='bbox 1185 2802 1319 2846; x_wconf 68' lang='grc' dir='ltr'><strong>θεον-9.,</strong></span> <span class='ocrx_word' id='word_1_306' title='bbox 1337 2802 1363 2839; x_wconf 95' lang='lat'><strong>1,</strong></span> <span class='ocrx_word' id='word_1_307' title='bbox 1388 2801 1460 2834; x_wconf 78' lang='lat'>240.</span> <span class='ocrx_word' id='word_1_308' title='bbox 1482 2818 1523 2824; x_wconf 89' lang='lat'><em>-</em></span> <span class='ocrx_word' id='word_1_309' title='bbox 1541 2798 1668 2837; x_wconf 67' lang='lat' dir='ltr'><strong>Tibul„</strong></span> 
     </span>
    </p>
   </div>
  </div>
 </body>
</html>
