1936 3392
856 286 910 327 27

242 434 353 478 Haec
395 432 631 475 testimonia
664 430 850 487 quamvis
884 435 996 473 certo
1029 434 1235 472 testentur
1267 434 1430 485 poetam
1464 430 1588 472 fuisse

178 515 406 557 Romanum
438 517 510 555 aut
533 515 641 555 certe
674 510 841 563 Italum,
865 514 1004 553 tamen
1027 511 1108 552 iam
1132 509 1287 551 dudum
1312 509 1491 561 fuerunt,
1516 510 1587 564 qui

176 607 268 636 enm
290 592 551 649 peregrinum
574 593 788 647 putarent,
814 589 924 644 quod
947 588 1187 644 inquinate,
1214 591 1262 629 ut
1285 587 1422 639 aiunt,
1448 588 1587 642 loqua-

175 675 257 714 tur.
290 669 408 712 Inter
430 684 498 712 eos
518 669 675 726 primus
698 668 862 710 videtur
884 668 1009 710 fuisse
1031 666 1169 709 Lilius
1198 664 1422 722 Gregorius
1446 664 1589 722 Gyral-

176 749 265 802 dus,
289 749 362 804 qui
378 762 484 790 anno
511 749 627 790 1552
652 746 756 789 obiit
779 750 820 788 et
843 746 1070 788 Historiam
1092 745 1314 787 Poetarum
1337 743 1585 787 Graecorum

175 827 498 882 Latinorumque
531 825 705 882 dialogis
738 825 878 867 decem
911 824 1071 867 erudite
1106 823 1334 880 descripsit.

238 904 359 958 Quod
408 904 535 960 vulgo
583 904 630 946 fit
668 903 792 945 etiam
825 903 869 944 in
901 902 977 944 hac
1010 916 1053 944 re
1087 902 1243 943 factum
1276 915 1361 942 esse
1397 899 1581 941 videtur:

175 1000 279 1042 quae
320 999 444 1042 prava
483 984 682 1026 sentimus
717 983 766 1025 de
801 982 940 1037 aliqua
971 997 1014 1024 re
1047 997 1167 1038 saepe
1201 982 1510 1024 inveterascunt
1542 980 1587 1022 in

173 1063 324 1115 animo,
341 1062 433 1106 aliis
449 1061 584 1114 rebus,
603 1076 706 1117 quae
723 1061 805 1104 illis
824 1060 937 1103 falsis
948 1059 1212 1117 opinionibus
1226 1059 1341 1101 ducti
1353 1057 1586 1100 observasse

173 1140 290 1185 nobis
336 1141 542 1191 videmur,
592 1156 634 1182 se
682 1139 947 1182 corroborant
979 1144 1102 1194 atque
1135 1138 1254 1180 facile
1287 1141 1584 1194 propagantur.

172 1216 492 1259 Bonincontrins
526 1214 716 1258 censebat
747 1214 857 1257 hunc
891 1219 1075 1257 nostrum
1104 1213 1327 1256 Manilium
1351 1227 1434 1254 non
1456 1211 1584 1254 alium

173 1309 257 1336 esse
307 1298 430 1350 atque
474 1293 594 1336 illum
628 1293 677 1335 de
710 1308 792 1349 quo
826 1293 987 1335 Plinius
1021 1292 1185 1349 scripsit
1216 1291 1334 1333 haec:
1366 1289 1391 1345 ¹)
1458 1289 1585 1341 „Alia

173 1377 283 1416 creta
330 1349 562 1429 argentaria
594 1371 825 1429 appellatur
856 1372 1032 1414 nitorem
1067 1374 1236 1426 argento
1269 1368 1454 1411 reddens.
1510 1367 1584 1409 Est

174 1455 216 1494 et
262 1450 460 1492 vilissima
507 1465 589 1505 qua
637 1451 789 1492 circum
839 1449 1085 1506 praeducere
1131 1448 1180 1490 ad
1215 1446 1410 1490 victoriae
1442 1449 1582 1488 notam

173 1529 376 1586 pedesque
436 1528 639 1570 venalium
688 1532 800 1570 trans
841 1528 967 1570 maria
1000 1527 1262 1569 advectorum
1297 1525 1491 1567 denotare
1524 1525 1586 1565 in-

175 1607 403 1649 stituerunt
436 1607 630 1658 maiores,
681 1606 887 1660 talemque
917 1605 1144 1648 Publilium
1169 1604 1370 1646 Lochium
1394 1603 1582 1644 mimicae

173 1699 341 1726 scaenae
373 1684 622 1726 conditorem
659 1688 701 1726 et
732 1683 978 1740 astrologiae
1010 1682 1299 1725 consobrinum
1335 1683 1422 1724 eius
1448 1680 1584 1724 Mani-

173 1763 274 1806 lium
324 1764 600 1814 Antiochum,
652 1764 750 1805 item
799 1764 1088 1820 grammaticae
1137 1762 1369 1805 Staberium
1414 1762 1581 1804 Erotem

171 1843 311 1886 eadem
359 1859 463 1886 nave
510 1843 699 1886 advectos
749 1844 885 1886 videre
918 1844 1101 1901 proavi.''

174 1936 254 1978 qua
286 1926 370 1964 erat
404 1922 650 1978 stupiditate
683 1923 726 1964 in
759 1921 880 1964 rebus
914 1922 1164 1979 philologis,
1200 1921 1409 1964 nesciebat
1443 1920 1584 1963 Stabe-

1145 1845 1202 1886 At
1234 1843 1557 1885 Bonincontrius
1571 1876 1580 1894 ‚

171 2001 275 2042 rium
308 2000 427 2042 illum
459 2000 570 2042 inter
601 2004 755 2042 ceteros
788 2000 868 2042 iam
903 2001 1091 2043 docuisse
1124 2000 1299 2042 Brutum
1329 2004 1369 2042 et
1393 1999 1580 2042 Cassium

171 2082 213 2120 et
259 2077 510 2135 temporibus
560 2078 740 2120 Sullanis
791 2078 1009 2134 vixisse,²)
1059 2093 1191 2134 neque
1236 2079 1366 2135 igitur
1398 2078 1582 2135 potuisse

170 2156 379 2207 aequalem
414 2168 498 2198 esse
533 2157 715 2213 Augusti
749 2161 789 2198 et
824 2156 991 2198 Tiberii.
1040 2155 1174 2198 Lilius
1200 2156 1407 2213 Gyraldus
1431 2154 1580 2198 deinde

170 2233 283 2276 aliud
315 2231 492 2291 protulit
525 2238 837 2290 argumentum:
900 2234 1120 2277 Manilium
1159 2235 1421 2291 peregrinum
1455 2234 1580 2276 fuisse

169 2329 219 2355 ex
281 2313 424 2356 multis
483 2314 570 2356 eius
626 2313 884 2357 barbarismis
939 2329 1146 2370 apparere.
1172 2313 1202 2368 ³)
1283 2313 1408 2357 Aliud
1454 2313 1578 2355 etiam

168 2420 350 2459 scripturae
376 2430 478 2458 neque
496 2422 639 2452 codicum
659 2423 737 2452 fides
754 2423 965 2452 sollicitanda
982 2423 1051 2453 est.
1070 2423 1126 2452 aut
1143 2423 1296 2452 audiendi
1314 2423 1417 2452 bonae
1436 2422 1578 2452 Criticae

169 2483 287 2512 susurri
325 2484 360 2513 et
384 2484 605 2517 coniecturae,
632 2493 723 2521 quam
759 2494 825 2514 cum
857 2485 1027 2522 deplorata
1052 2485 1185 2523 penitus
1210 2485 1377 2515 sententia
1402 2485 1464 2514 est.
1511 2485 1580 2514 Hac

167 2542 238 2580 lege
274 2543 302 2572 si
339 2543 468 2573 starent
504 2544 721 2582 interpretes.
747 2545 850 2574 minus
876 2545 1071 2582 depravatos
1104 2544 1296 2575 haberemus
1320 2544 1496 2575 Auctores.
1524 2544 1579 2582 qui

168 2602 282 2632 misere
307 2603 499 2641 interpolati
525 2605 601 2633 sunt
625 2605 660 2634 et
684 2605 885 2643 depravati.’“

213 2662 365 2694 Consulto
383 2665 476 2694 omisi
496 2666 546 2700 lv,
563 2667 642 2696 776:
659 2675 740 2703 ..qua
759 2667 882 2704 (Libra)
901 2667 1030 2703 genitus
1045 2666 1226 2705 Caesarque
1239 2676 1328 2697 meus
1338 2667 1421 2697 hanc
1431 2667 1579 2697 condidit

167 2725 307 2754 urbem.''
334 2725 439 2755 Bentl.
465 2726 498 2755 et
524 2726 630 2756 Iacob.
656 2735 726 2756 eum
752 2727 936 2759 eiecerunt:
963 2737 1034 2757 num
1062 2728 1129 2757 iure
1155 2727 1259 2757 adhue
1277 2728 1406 2760 dubito:
1433 2728 1487 2757 sed
1508 2728 1576 2759 eod.

167 2783 287 2814 Gembl.
312 2786 364 2814 est
387 2785 611 2816 conferendus.
824 2785 826 2787 ’

213 2840 238 2877 ¹)
284 2843 418 2880 xxxv,
446 2845 518 2875 199.

211 2901 238 2941 ²)
285 2904 373 2935 Suet.
398 2906 437 2936 de
462 2906 596 2937 Gramm.
626 2908 674 2937 13.

209 2964 236 3004 ³)
284 2967 400 3005 scalig.
425 2968 457 2998 in
482 2969 603 3007 prolog.
630 2970 706 3001 ante
731 2971 837 3002 notas.
