1930 3320
787 305 1042 346 ..¹7-

171 446 288 486 nego.
332 433 423 482 Quo
443 431 639 471 mehercle
659 429 922 478 commodius,
942 427 1152 467 deficiente
1173 427 1361 467 carminis
1382 427 1527 478 indice,
1547 427 1651 466 nihil

171 502 339 542 inscribi
366 501 516 552 potuit.
572 500 735 538 Etenim
767 499 958 548 quoniam
985 509 1121 536 omnes
1150 497 1233 537 fere
1260 497 1453 536 didactici
1483 494 1650 535 Graecis

171 570 501 617 verbisbcarmina
522 569 829 618 inscripserunt,
861 568 973 606 velut
992 567 1199 616 Bucolica,
1230 565 1445 616 Georgica,
1470 565 1650 617 Cynege-

169 641 263 690 tic-a,
292 640 326 678 si
356 639 446 688 quis
475 638 638 676 omnino
665 637 829 676 titulum
850 637 1082 686 quaerebat,
1110 636 1216 674 hunc
1235 635 1286 674 ad
1307 635 1504 685 optimum
1523 645 1650 673 exem-

169 711 280 761 plum
308 709 559 747 conformare
588 707 625 746 ei
653 707 782 745 licuit.
812 728 858 733 --
890 705 959 743 Sic
977 704 1221 753 conquisitis
1241 704 1419 753 undique
1438 703 1649 742 vocabulis

170 777 383 828 inscriptio
420 777 461 814 in
497 787 575 813 uno
614 774 798 825 exemplo
829 773 950 811 semel
979 773 1087 811 facta
1115 773 1222 822 inde,
1259 777 1304 811 ut
1338 777 1451 823 puto,
1481 772 1523 810 iu
1551 785 1648 823 apo-

169 846 326 898 grapha
353 846 434 884 alia
462 845 622 894 integra
650 843 732 881 alia
760 843 890 881 libero
918 843 1181 881 librariorum
1199 843 1372 881 arbitrio
1392 842 1552 880 variata
1571 842 1650 881 iam

172 917 300 955 multo
321 919 414 954 ante
433 913 687 961 Gerbertum,
707 913 776 962 qui
796 912 984 962 pontifex
1002 912 1196 951 maximus
1214 910 1412 950 Silvester
1427 911 1482 950 ΙΙ.
1499 923 1649 962 coguo—

169 985 345 1024 minatus
373 997 408 1022 a.
441 984 538 1023 1003
567 982 684 1031 obiit,
719 982 920 1020 translata
947 981 1038 1020 fuit.

275 1052 388 1101 Quae
431 1056 576 1090 cuncta
612 1055 657 1088 ut
692 1050 833 1100 paucis
871 1050 1226 1100 comprehendam,
1270 1050 1528 1090 statuendum
1560 1060 1648 1088 esse

169 1122 357 1161 existimo
386 1121 558 1171 primum
586 1119 907 1158 Astrononiicon
938 1119 1066 1157 libros
1092 1119 1233 1168 aliquo
1263 1131 1356 1157 casu
1380 1117 1649 1169 inscriptione

168 1191 304 1229 deleta
332 1191 373 1228 in
398 1201 538 1228 manus
558 1193 815 1238 posterorum
837 1188 1082 1238 pervenisse,
1110 1187 1256 1227 deinde
1275 1188 1380 1226 alios
1400 1188 1649 1238 archetypon

169 1260 211 1298 in
241 1272 313 1298 sua
340 1258 587 1309 exemplaria
616 1257 702 1295 sine
733 1257 817 1295 ullo
838 1257 975 1307 titulo,
1004 1261 1049 1295 ut
1069 1260 1167 1306 erat,
1194 1257 1515 1307 transcripsisse,
1543 1256 1648 1295 alios

169 1328 368 1367 defectum
404 1327 670 1366 resarcientes
702 1326 821 1364 Arati
853 1338 997 1364 nomen
1027 1338 1168 1376 parum
1196 1326 1386 1376 diligenti
1415 1325 1651 1364 coniectura

143 1427 147 1434 a.
170 1397 376 1435 inventum
411 1396 520 1435 ultro
551 1396 770 1445 addidisse,
805 1395 910 1433 alios
952 1395 1090 1433 eadem
1118 1395 1196 1442 via,
1231 1395 1381 1433 maiore
1418 1399 1551 1433 autem
1579 1394 1650 1433 do-

171 1465 303 1504 ctrina
322 1477 478 1504 carmen
502 1465 663 1503 nomine
684 1464 856 1515 primum
880 1463 1110 1513 Octaviani,
1138 1467 1237 1514 post
1254 1464 1419 1502 Manilii
1439 1464 1651 1502 ornavisse

169 1534 310 1574 Plinio
349 1539 527 1573 auctore.
556 1555 606 1562 —-
635 1534 729 1572 Hoc
758 1534 920 1582 quidem
949 1533 1122 1571 rationis
1152 1533 1320 1583 auxilio,
1351 1533 1579 1582 quicunque
1609 1533 1650 1571 in

169 1607 234 1643 tot
269 1603 582 1653 inscriptionum
619 1603 922 1642 discriminibus
958 1602 1190 1652 haeserunt,
1226 1602 1320 1640 iude
1356 1602 1527 1640 celerius
1564 1602 1651 1652 opi·

170 1673 291 1711 nione
340 1673 623 1723 expediuntur.
686 1670 827 1710 Simile
881 1671 1072 1720 quiddam
1125 1672 1203 1710 iam
1249 1671 1406 1721 placuit
1447 1671 1651 1721 Bentleio,

170 1742 321 1792 quippe
351 1742 419 1791 qui
448 1742 647 1780 iudicasse
678 1740 856 1780 dicatur:
886 1740 1004 1790 „Sibi
1035 1740 1206 1789 quisque
1236 1740 1286 1778 ad
1314 1740 1475 1778 libitum
1503 1745 1651 1791 poetae

170 1823 372 1861 anonymo
403 1810 588 1849 affinxit“
618 1822 664 1848 ac
692 1809 943 1848 subsensisse
966 1809 1129 1848 Manilii
1161 1821 1305 1848 nomen
1325 1810 1581 1861 desumptum
1599 1822 1649 1849 ex

169 1879 322 1918 Plinio.
364 1878 507 1928 Neque
529 1890 625 1917 vero
648 1879 770 1917 ullam
791 1878 1072 1917 animadverto
1103 1879 1316 1928 rationem,
1346 1890 1448 1928 quae
1469 1880 1651 1930 coegerit

171 1960 366 1987 summum
400 1948 529 1987 virum
570 1954 611 1987 et
645 1952 794 1998 poetae
831 1947 984 1986 nomini
1019 1947 1134 1986 fidem
1169 1947 1370 1998 denegare
1407 1954 1448 1986 et
1481 1948 1650 1997 reliquis

170 2017 282 2057 tituli
332 2017 467 2056 verbis
508 2018 668 2056 habere.
738 2017 872 2066 Quare
916 2017 1101 2066 equidem
1142 2017 1239 2055 mihi
1280 2017 1525 2068 persuadere
1566 2030 1650 2057 non

171 2086 289 2137 potui
322 2086 434 2125 illius
472 2087 714 2125 sententiam
747 2090 854 2125 recte
890 2086 1135 2136 explicatam
1171 2097 1259 2125 esse
1293 2098 1316 2124 a
1351 2090 1519 2137 nepote,
1561 2099 1650 2126 cum

169 2157 301 2194 totum
328 2155 492 2194 titulum
520 2167 568 2194 ne
597 2155 711 2194 flocci
742 2156 902 2205 quidem
930 2167 1016 2194 esse
1046 2160 1226 2206 negaret.

275 2223 366 2272 Quo
407 2236 599 2263 concesso
643 2225 676 2262 si
719 2225 808 2274 quis
852 2225 1010 2264 ratione
1052 2229 1093 2264 et
1134 2225 1308 2264 consilio
1344 2230 1451 2276 aget,
1491 2225 1652 2266 desinet

169 2293 278 2343 apud
307 2292 410 2331 alios
440 2293 659 2344 scriptores
688 2306 776 2331 eum
795 2293 1012 2332 Manilium
1042 2295 1333 2346 pervestigare,
1362 2307 1386 2333 a
1406 2307 1485 2345 quo
1504 2295 1650 2335 Astro-

170 2362 328 2402 nomica
356 2363 586 2413 composita
614 2375 701 2402 esse
732 2363 953 2414 credamus,
992 2364 1075 2402 sive
1104 2364 1211 2402 inter
1239 2365 1348 2413 eos⁹)
1375 2364 1543 2414 versari,
1581 2365 1649 2414 qui

169 2431 370 2470 Manlium
404 2432 528 2482 paulo
557 2434 655 2482 post
693 2432 842 2471 bellum
870 2433 1071 2471 Punicum
1105 2433 1171 2471 III
1199 2432 1355 2472 Romae
1384 2434 1651 2484 astrologiam

169 2498 407 2538 condentem
435 2504 626 2561 tanquam
659 2513 855 2550 proavum
891 2502 1003 2541 illius
1031 2506 1124 2540 ante
1155 2501 1296 2540 oculos
1325 2506 1495 2552 ponant.
1540 2503 1649 2552 Quo·

170 2578 261 2606 nam
294 2567 400 2606 enim
434 2569 594 2607 nomine
630 2574 774 2608 auctor
808 2573 978 2610 vocatus
1017 2571 1082 2621 sit,
1117 2571 1239 2621 plane
1268 2570 1515 2621 ignoramus.
1572 2571 1648 2610 Ta-

169 2647 259 2674 men
296 2635 403 2684 quod
440 2636 518 2674 iam
553 2638 590 2676 ei
618 2639 794 2678 Manilio
831 2653 979 2679 nomen
1009 2640 1148 2679 indere
1177 2651 1356 2690 pergam,
1390 2640 1467 2679 hoc
1495 2640 1646 2680 idcirco

169 2706 326 2742 tantum
361 2703 517 2754 faciam,
553 2710 598 2744 ut
634 2708 732 2756 quid
768 2708 822 2747 sit
849 2721 937 2747 mea
969 2709 1019 2748 de
1047 2712 1173 2760 poeta
1201 2720 1401 2759 anonymo
1432 2708 1647 2759 sententia,

261 2845 291 2892 9)
314 2846 431 2884 Mei-k.
455 2845 551 2885 Prol.
574 2859 610 2894 p.
634 2850 712 2886 401.
