1936 3392
1139 352 1164 390 6

447 495 602 537 Gallica
633 510 656 536 a
683 495 913 536 doctissimo
936 494 1112 548 Pingreo
1135 496 1274 534 curata
1285 510 1297 544 ς
1323 493 1521 536 accedunt
1542 494 1660 536 Arati
1681 494 1854 550 phaeno-

446 587 562 614 mena
593 587 664 627 per
696 571 929 613 Ciceronem
962 571 1088 612 latine
1119 570 1291 611 reddita.
1338 570 1363 626 ¹)

506 649 671 704 Pingrei
717 649 910 690 lectiones
957 663 980 689 a
1026 647 1188 689 Bentlei
1219 663 1266 689 eo
1297 651 1458 690 tantum
1491 647 1684 690 differunt
1698 679 1710 700 ‚
1744 648 1854 703 quod

445 727 575 768 critici
623 726 725 768 falce
771 726 931 781 parcius
963 726 1117 775 utitur3
1158 725 1206 766 de
1239 729 1381 780 poetae
1413 725 1567 767 meritis
1600 740 1683 767 non
1717 725 1853 767 minus

445 805 570 846 sentit
617 818 738 858 quam
786 803 985 857 Scaliger,
1039 802 1155 843 cuius
1191 802 1346 853 verbis,
1379 817 1501 858 supra
1533 802 1731 855 laudatis,
1765 817 1853 859 pro-

446 882 664 937 legomenis
706 881 791 923 suis
823 882 942 921 finem
974 879 1181 935 imposuit.
1219 879 1251 934 2)
1316 880 1414 921 Post
1450 880 1660 936 sexaginta
1692 880 1854 922 demum

445 974 570 1000 annos
604 959 736 1000 denuo
769 957 903 999 editus
937 961 997 998 est
1027 956 1222 998 Manilius
1257 973 1279 998 a
1311 957 1517 999 Friderico
1549 956 1688 999 Jacob.
1714 957 1745 1013 ³)
1797 958 1855 999 At

447 1040 575 1092 poeta
589 1068 601 1087 ‚
659 1051 782 1090 quare
834 1035 983 1091 gratias
1035 1035 1180 1076 referat
1210 1034 1356 1078 Iacobo
1389 1035 1538 1077 multas
1554 1067 1567 1087 ,
1599 1049 1680 1077 non
1721 1033 1856 1078 habet.

447 1113 642 1165 Quamvis
666 1114 771 1154 enim
791 1112 1049 1163 „absolutum
1063 1144 1073 1162 ‚
1099 1116 1295 1166 quantum
1312 1113 1354 1154 id
1374 1112 1539 1166 quidem
1555 1127 1628 1168 per
1643 1113 1854 1168 ingenium

445 1190 768 1244 industriamque
815 1194 856 1230 et
898 1204 1095 1231 annorum
1127 1190 1291 1245 (viginti
1324 1190 1513 1246 amplius)
1546 1190 1640 1232 data
1671 1193 1856 1246 tempora

447 1267 593 1309 licuit’'
612 1266 656 1322 4),
690 1282 791 1323 opus
824 1282 942 1308 suum
976 1267 1106 1318 dicat,
1140 1272 1275 1308 tamen
1297 1271 1459 1318 textus,
1484 1281 1603 1321 quem
1627 1267 1855 1310 deterrimis

450 1346 567 1387 iactis
599 1344 873 1387 fundamentis
905 1344 1143 1394 constituit,
1175 1344 1416 1386 Bentleiano
1448 1348 1509 1387 est
1527 1345 1852 1401 postponendus,

447 1427 487 1463 et
519 1423 570 1463 ad
602 1422 975 1477 interpretationem
1009 1436 1111 1476 quae
1145 1413 1356 1463 annotavit
1387 1436 1530 1477 parum
1552 1423 1808 1478 profuerunt.

506 1499 568 1540 De
601 1503 743 1554 poetae
774 1499 940 1553 ingenio
973 1502 1014 1539 et
1036 1503 1120 1540 arte
1143 1513 1420 1553 „quamquam
1443 1513 1527 1541 non
1548 1499 1664 1550 solis,
1687 1499 1826 1555 inquit
1842 1532 1854 1550 ,

445 1577 617 1619 lunaeve
653 1576 865 1631 splendore
898 1577 1004 1618 inter
1034 1577 1190 1618 minora
1222 1577 1478 1631 ingeniorum
1509 1576 1664 1619 lumina
1695 1577 1851 1633 fulget,

445 1654 567 1696 habet
598 1658 734 1695 tamen
766 1655 888 1695 etiam
919 1653 1012 1705 ille,
1047 1668 1127 1708 quo
1161 1653 1344 1696 breviora
1377 1654 1538 1708 quidem
1572 1655 1726 1710 spatia,
1760 1668 1850 1697 con-

447 1732 638 1787 clusaque
670 1736 757 1774 arto
792 1733 990 1787 parietum
1011 1731 1170 1774 ambitu
1193 1733 1306 1774 suavi
1329 1732 1420 1774 luce
1443 1732 1664 1775 collustret.
1703 1732 1849 1787 Itaque

446 1810 605 1852 minuta
652 1810 872 1864 quaedam,
932 1825 1035 1864 quae
1083 1809 1134 1852 ob
1182 1811 1412 1866 argumenti
1459 1809 1728 1853 subtilitatem
1779 1825 1850 1866 per

445 1888 608 1942 singula
655 1887 848 1929 elaborari
897 1889 1144 1943 propiusque
1193 1888 1347 1943 adspici
1378 1889 1572 1944 cupiunt,
1606 1892 1690 1930 tam
1721 1888 1850 1930 nitide

445 1980 564 2021 saepe
610 1964 822 2016 describit,
872 1970 917 2006 ut
965 1965 1092 2007 oculis
1139 1980 1265 2021 paene
1297 1966 1396 2021 ipsis
1429 1966 1608 2021 depictas
1640 1980 1702 2007 res
1733 1965 1850 2007 nobis

446 2043 581 2084 videre
614 2043 834 2084 videamur.
884 2042 1044 2095 Quibus
1067 2043 1168 2085 adde
1189 2057 1346 2094 versus,
1370 2043 1450 2084 nisi
1471 2042 1544 2084 ubi
1563 2042 1849 2085 Lucretianam

446 2120 748 2176 simplicitatem
781 2122 963 2170 affectat,
998 2122 1048 2162 ad
1081 2135 1261 2177 unguem
1293 2122 1417 2163 factos
1453 2124 1494 2162 et
1515 2119 1848 2171 rotundissimus,

447 2198 631 2254 periodos
664 2213 809 2253 magna
840 2199 1079 2254 plerumque
1111 2214 1204 2241 cum
1236 2203 1321 2240 arte
1354 2197 1563 2240 conclusas
1586 2201 1626 2239 et
1652 2202 1848 2248 structas,

448 2275 622 2330 denique
670 2275 836 2317 formam
879 2276 1189 2331 diligentissime
1222 2280 1416 2318 curatam.
1481 2274 1639 2327 Quodsi
1671 2274 1850 2317 breviore

492 2424 515 2464 ¹)
563 2427 695 2457 Parisiis
729 2426 1005 2458 MDCCLXXXVI.
1052 2428 1155 2465 Digna
1189 2436 1268 2466 quae
1302 2428 1427 2465 legatur
1455 2429 1506 2458 est
1529 2428 1666 2466 praefat.
1690 2436 1774 2466 pars.
1798 2427 1847 2463 ΙΙ,

448 2496 527 2524 quae
552 2487 706 2524 inscripta
734 2488 801 2517 cst:
826 2488 887 2517 Des
915 2487 1056 2518 editeurs
1081 2489 1114 2519 et
1138 2489 1404 2519 commentateurs
1429 2488 1467 2518 de
1490 2487 1651 2518 Manilius.
1697 2487 1843 2518 Stocberi

450 2547 621 2576 editionem
648 2547 866 2584 (Argentorati
891 2548 1145 2586 MDCCLXVII),
1170 2549 1207 2578 ut
1230 2558 1287 2586 par
1311 2549 1378 2584 est,
1402 2549 1581 2586 praetereo.

492 2603 516 2643 2)
564 2606 730 2642 Pingreum
766 2606 804 2636 dc
839 2608 954 2644 poetae
988 2609 1054 2638 veri
1088 2609 1292 2645 germanique
1316 2608 1444 2645 ingenio
1469 2609 1502 2638 et
1526 2608 1597 2638 arte
1620 2617 1682 2638 non
1705 2615 1849 2645 magnam

450 2665 640 2702 dignamque
664 2666 814 2696 habuisse
838 2666 1018 2704 opinionem
1043 2668 1091 2698 vel
1117 2676 1154 2698 ex
1178 2668 1266 2698 hisco
1289 2668 1395 2698 verbis
1415 2668 1566 2706 apparet:
1602 2676 1642 2698 on
1670 2667 1740 2698 dira
1762 2667 1851 2705 peut-

450 2726 519 2756 etre
554 2735 613 2762 quc
636 2734 715 2763 pom·
739 2726 872 2756 matiere
898 2727 935 2756 de
959 2736 1010 2757 scs
1034 2728 1164 2764 chants,
1190 2729 1211 2757 il
1237 2729 1368 2766 pouvoit
1392 2728 1511 2758 choisir
1535 2736 1575 2758 un
1599 2727 1691 2765 objet
1712 2727 1783 2765 plus
1806 2727 1850 2757 fa-

451 2786 510 2815 cile
546 2786 579 2815 ot
613 2786 684 2823 plus
720 2786 927 2816 interessant.
973 2787 1058 2818 Nous
1092 2788 1291 2826 repondrons
1325 2788 1456 2820 d'abord
1490 2786 1615 2827 <impres
1645 2787 1690 2818 lui
1722 2796 1781 2826 que
1804 2787 1851 2817 los

450 2846 559 2876 autres
582 2846 685 2882 suj0ts
709 2846 838 2876 avoient
863 2846 935 2883 ddja
959 2847 1010 2877 ete
1034 2848 1151 2877 traites
1175 2857 1204 2886 p.
1228 2847 1312 2878 XIX.

493 2902 518 2941 ³)
566 2905 704 2934 Berolini
732 2905 824 2935 1846.
1049 2890 1051 2893 ⁴

495 2961 519 3003 ⁴)
566 2963 668 2995 Praef.
693 2963 765 2995 init,
