1936 3392
851 288 1036 330 „9-

190 378 295 418 tium
316 375 606 427 ssavorumque
627 386 851 426 corporum
872 379 1103 427 parentem,
1128 375 1386 428 dignamque
1407 373 1505 414 feris
1527 378 1693 415 tantum

192 445 372 483 matrem
393 439 574 480 breviter
594 439 797 492 praedicat
819 452 827 479 :
851 440 961 480 unde
980 440 1227 480 crediderim
1250 441 1478 480 Germanos
1495 439 1560 479 vel
1579 440 1695 480 auxi-

189 507 329 558 liares,
359 505 424 545 vel
455 504 749 557 captivos,‘vel
775 504 1031 556 gladiatores
1053 506 1196 546 Romae
1230 504 1415 558 quotidie
1444 505 1696 558 spectandos

189 570 351 612 homini
371 569 501 621 nigris
518 569 625 609 Asiae
643 569 844 610 Africaeve
867 570 1061 622 gentibus
1079 574 1246 610 assueto
1265 570 1388 610 fuisse
1409 570 1692 618 admirationi,

189 648 274 676 non
300 639 441 675 autem
469 634 522 674 ab
549 647 598 674 eo
623 635 891 675 Germaniam
926 648 1020 676 cum
1049 635 1295 676 Germanico
1323 635 1388 674 vel
1415 635 1536 675 aliter
1562 635 1694 675 visam

189 713 237 741 ac
260 703 546 753 peragratam,
571 712 665 740 cum
693 713 742 740 ea
768 704 931 740 tantum
965 701 1015 741 de
1041 699 1296 747 hominibus,
1320 699 1370 739 de
1398 700 1568 751 regione
1589 699 1694 739 nihil

189 765 400 819 scripserit
416 766 444 805 ¹.
461 765 594 805 Italiae
606 765 751 805 laudes
766 779 851 806 non
866 770 952 806 tam
964 766 1144 806 libenter
1157 765 1344 805 extendit
1359 777 1486 822 quam
1504 765 1694 813 Graeciae,

189 843 324 884 neque
345 830 387 870 in
407 830 530 898 lt·alia
548 830 886 883 quidquam‚nisi
905 833 1083 871 Romam
1102 830 1217 871 orbis
1234 833 1376 882 caput,
1393 829 1553 882 Virgilii
1568 829 1696 881 longe

189 895 406 945 absimilis,
421 895 571 948 jactat.
594 897 652 936 De
674 896 834 936 Graecia
851 900 994 937 tamen
1014 895 1118 936 nihil
1146 895 1260 949 quod
1285 895 1454 935 Graium
1477 895 1692 935 hominem

189 961 355 1014 prodat,
380 961 451 1001 sed
484 961 703 1002 Graiorum
724 962 850 1002 modo
873 962 1144 1002 historiarum
1166 966 1207 1002 et
1224 961 1466 1000 fabularum
1494 961 1691 1013 peritum.

191 1026 298 1067 Satis
316 1026 449 1066 multa
465 1026 516 1066 de
532 1026 688 1078 Africa,
706 1031 760 1075 et,
779 1039 1020 1080 quanquam
1043 1027 1238 1079 quaedam
1260 1039 1308 1066 ex
1332 1026 1381 1065 iis
1402 1027 1566 1076 desunt,
1590 1026 1693 1066 defi-

189 1090 394 1132 cientibus
424 1090 502 1131 hac
535 1091 577 1130 in
614 1095 733 1144 parte
763 1092 990 1141 codicibus,
1024 1092 1341 1143 Carthaginem,
1369 1091 1690 1144 AEthiopesque,

186 1157 498 1210 AEgyptumque
527 1157 733 1205 nominat,
758 1157 875 1196 nulla
902 1162 1043 1197 tamen
1065 1157 1239 1211 propria
1266 1170 1313 1197 ac
1340 1157 1543 1208 singulari
1570 1156 1694 1197 laude

189 1221 392 1271 admixta,
415 1225 456 1262 et
491 1235 586 1275 quae
617 1226 830 1276 sumptam
861 1222 992 1262 oculis
1019 1222 1215 1263 notitiam
1249 1222 1437 1263 locorum
1473 1221 1696 1275 significet.

186 1287 247 1327 Ea
278 1300 378 1328 vero
403 1288 575 1327 minime
608 1287 804 1327 Africano
837 1288 1000 1328 homini
1029 1289 1300 1339 conveniunt,
1327 1288 1371 1327 in
1398 1287 1551 1340 quibus
1581 1300 1695 1328 com-

188 1364 316 1395 mune
342 1353 458 1405 vulgi
478 1353 635 1393 dictum
661 1353 712 1392 de
731 1353 873 1393 Africa
898 1366 1102 1393 novorum
1132 1366 1298 1406 semper
1323 1353 1625 1393 miraculorum
1647 1366 1694 1393 ac

189 1421 477 1457 monstrorum
498 1422 673 1470 parente
695 1417 798 1456 mihi
818 1418 985 1458 videtur
1004 1430 1157 1469 augere
1182 1431 1191 1459 :

381 1523 474 1560 Huic
493 1523 614 1559 varias
634 1526 763 1570 pestes
785 1523 1012 1572 diversaque
1035 1527 1207 1560 monstra
1232 1524 1402 1560 ferarum

380 1576 575 1613 Concessit
594 1576 703 1612 bellis
723 1579 862 1612 natura
879 1577 1019 1613 infesta
1036 1577 1186 1622 futuris,

381 1629 602 1676 ¹Horrendos
622 1640 769 1676 angues
789 1629 1038 1677 habitataque
1058 1631 1235 1666 membra
1259 1641 1422 1675 veneno,

379 1683 425 1718 Et
443 1682 578 1718 mortis
600 1686 709 1729 pastu
731 1682 894 1719 viventia
913 1683 1073 1719 crimina
1092 1686 1205 1719 terrae

381 1736 423 1771 In
444 1746 574 1782 poenas
593 1735 758 1771 fecunda
779 1746 865 1771 suas
884 1736 985 1783 parit
1003 1736 1162 1772 horrida
1182 1737 1308 1781 tellus,

379 1790 425 1825 Et
443 1790 568 1824 vastos
589 1789 811 1836 elephantas
830 1789 960 1835 habet,
984 1800 1184 1836 saevosque
1206 1789 1354 1833 leones,

375 1842 422 1877 Et
441 1844 684 1889 portentosos
701 1853 904 1890 cercopum
923 1842 1020 1878 ludit
1039 1843 1079 1878 in
1101 1845 1265 1889 ortus,...

376 1896 430 1931 Ac
449 1895 568 1931 sterili
585 1896 695 1942 pejor
715 1895 832 1932 siccas
853 1895 1007 1932 infestat
1026 1907 1162 1933 arenas
1183 1897 1215 1935 ².

189 2004 289 2052 Quis
310 2009 452 2046 autem
476 2006 581 2046 adeo
609 2006 832 2058 singularis
859 2020 908 2047 ac
935 2020 1070 2047 novus
1093 2007 1242 2061 patriae
1267 2020 1389 2048 amor
1415 2007 1520 2047 nihil
1542 2013 1627 2047 tam
1652 2009 1695 2048 in

189 2069 328 2123 patria
362 2069 621 2110 laudandum
656 2072 880 2120 existimet,
910 2085 1037 2125 quam
1071 2073 1309 2114 belluarum
1337 2086 1461 2113 omne
1491 2086 1622 2126 genus
1648 2087 1696 2114 ac

187 2137 505 2175 monstrorum?
1448 2124 1453 2130 ’

240 2199 294 2239 At
313 2200 454 2240 Asiam
476 2212 603 2253 quam
623 2202 788 2253 penitus
811 2215 858 2242 ac
881 2202 964 2242 late
985 2203 1115 2251 novit,
1142 2215 1269 2255 quam
1295 2203 1430 2243 vivide
1460 2216 1508 2243 ac
1536 2203 1695 2243 curiose

189 2264 356 2304 extulit!
380 2268 426 2304 ut
446 2265 594 2306 doctus
619 2265 690 2306 ille
708 2267 784 2315 vir,
812 2280 936 2320 quem
963 2267 1052 2318 jam
1088 2267 1271 2316 laudavi,
1294 2268 1448 2315 Freier,
1478 2268 1699 2321 proposito

188 2329 358 2382 quidem
384 2335 625 2372 constanter
646 2331 883 2382 adhaerenS,
908 2333 1126 2373 Manilium
1148 2346 1225 2386 pro
1247 2337 1359 2372 certo
1382 2333 1578 2372 habuerit
1598 2334 1694 2372 Ger-

189 2394 344 2434 manici
364 2396 560 2436 comitem
582 2397 706 2437 fuisse
733 2398 958 2450 Asiamque
986 2411 1079 2438 cum
1110 2411 1158 2438 eo
1187 2411 1432 2451 peragrasse
1451 2399 1478 2436 ³.
1504 2398 1583 2438 Sed
1613 2411 1692 2438 non

189 2471 239 2500 ea
258 2463 426 2500 tantum
456 2474 550 2515 quae
579 2463 847 2503 Germanicus
877 2463 994 2514 adiit,
1017 2467 1177 2504 ceteras
1210 2476 1379 2516 quoque
1410 2467 1551 2516 partes
1578 2464 1696 2503 novit

189 2524 362 2577 optime.
400 2528 504 2566 Nam
542 2528 668 2567 etiam
702 2529 813 2568 ultra
846 2529 1057 2569 Euxinum
1091 2533 1267 2582 pontum
1302 2529 1459 2568 indicat
1496 2529 1696 2581 Caspium

187 2601 317 2637 mare,
346 2595 387 2631 et
417 2592 630 2632 Persicum
655 2593 1006 2647 Erythraeumque
1042 2607 1050 2635 :
1081 2595 1289 2646 regiones,
1322 2593 1519 2647 populos,
1552 2592 1690 2641 urbes,

230 2714 259 2746 l.
277 2715 409 2755 Freier‚
431 2725 486 2757 op.
513 2716 551 2754 1.,
579 2717 636 2749 ch.
658 2727 716 2758 vn,
743 2718 792 2750 De
814 2717 961 2751 Manilio
989 2718 1188 2751 Germanici
1214 2718 1315 2755 socio,
1345 2727 1380 2759 p.
1408 2718 1447 2749 72
1474 2726 1572 2759 sqq.;
1599 2724 1692 2756 prae·

188 2761 328 2802 sertim,
347 2772 382 2803 p.
402 2764 453 2795 75.

229 2809 261 2840 2.
282 2808 417 2851 ManiL,
437 2810 591 2848 Astron„
615 2812 671 2852 IV,
692 2813 766 2844 662.

231 2855 262 2888 3.
282 2855 414 2896 Freier,
435 2866 488 2899 op.
507 2857 618 2896 laud.5
640 2868 675 2900 p.
696 2860 805 2892 ’Π-Ἱ8.
