1910 3250
0 1850 23 1919 πήρης
0 1654 23 1831 ’ςῑεχιη-Ῑῳᾎιξιε
0 1616 4 1626 -
0 1451 19 1556 5135-
4 1428 26 1439 ἐ

853 458 901 502 C
918 474 954 502 a
967 472 1008 514 p
1025 473 1066 501 u
1079 464 1103 502 t
1141 458 1295 505 VII.

694 548 763 591 De
792 547 984 592 Manilio
1015 547 1278 592 Germanici
1308 550 1451 594 socio.

457 650 549 688 Duo
586 650 745 687 iuvenes
778 649 846 686 ubi
878 648 1047 698 primum
1081 660 1162 686 non
1193 649 1318 688 solum
1345 650 1482 688 eodem
1509 651 1589 689 fere
1617 654 1792 700 tempore

357 717 569 765 eademque
609 716 650 754 in
690 717 785 754 urbe
824 716 971 753 vixisse
1010 727 1143 754 verum
1183 717 1301 754 etiam
1335 717 1538 755 literarum
1571 717 1792 766 artiumque

358 784 490 823 studio
520 783 597 821 sibi
624 794 740 833 pares
767 782 888 820 fuisse
916 782 1222 831 observavimus,
1249 783 1355 820 haud
1373 795 1465 821 sane
1485 784 1649 822 multum
1666 784 1791 833 abest,

359 851 455 900 quin
482 851 600 888 etiam
622 850 790 888 alterum
808 851 849 887 in
868 849 1190 887 consuetudinem
1208 850 1371 888 alterius
1390 851 1544 889 venisse
1563 851 1794 900 cogitemus.

358 919 434 957 Est
459 930 553 956 vero
581 928 738 955 necesse
766 929 840 954 nos
865 917 946 955 tale
975 916 1069 965 quid
1097 916 1302 966 suspicari,
1331 918 1364 955 si
1392 929 1469 966 qua
1496 929 1544 955 ex
1562 920 1676 966 parte
1695 917 1797 956 alter

358 985 525 1024 alterum
550 997 630 1022 non
658 985 741 1022 sine
769 996 862 1022 cura
888 984 1082 1034 respicere
1109 983 1277 1023 videtur.
1317 984 1381 1022 Ac
1409 984 1487 1022 iam
1512 996 1632 1034 supra
1648 983 1796 1022 dictum

358 1056 418 1091 est
444 1064 527 1090 eam
555 1051 798 1090 intercedere
826 1052 929 1090 inter
945 1051 1227 1090 Astronomica
1254 1054 1294 1091 et
1311 1052 1461 1090 Aratea
1487 1050 1797 1100 similitudinem,

359 1123 404 1157 ut
429 1119 544 1157 huius
572 1119 756 1157 carminis
785 1119 818 1156 si
846 1131 926 1156 non
954 1131 1032 1156 una
1060 1129 1207 1167 omnes,
1239 1122 1342 1158 certe
1368 1119 1518 1169 primos
1545 1129 1681 1157 versus
1707 1118 1798 1156 illo-

360 1198 443 1224 rum
469 1188 671 1225 auctorem
697 1189 789 1224 ante
816 1186 1042 1224 incohatum
1068 1197 1222 1224 carmen
1242 1197 1353 1224 suum
1371 1186 1543 1235 perbene
1562 1185 1797 1235 cognovisse

359 1253 632 1292 coniciendum
660 1254 724 1291 sit.
770 1253 924 1292 Deinde
954 1265 1132 1291 crescens
1160 1253 1231 1291 illa
1258 1253 1431 1303 suspicio
1461 1265 1553 1291 num
1578 1253 1669 1291 aliis
1696 1253 1797 1291 locis

359 1325 498 1358 contra
524 1319 731 1358 veritatem
758 1324 1000 1369 repugnaret
1025 1321 1290 1369 perscrutanti
1311 1320 1404 1358 mihi
1424 1324 1486 1358 tot
1505 1324 1661 1369 tamque
1679 1319 1798 1368 clara,

360 1390 405 1426 ut
432 1387 589 1437 opinor,
616 1399 732 1426 verae
760 1388 929 1439 rationis
958 1388 1073 1436 signa
1099 1399 1316 1437 apparuere
1345 1399 1394 1426 ex
1422 1387 1652 1438 improviso,
1679 1390 1724 1424 ut
1746 1387 1799 1435 id,

362 1454 468 1503 quod
487 1465 572 1492 esse
591 1454 770 1504 potuisse
790 1455 906 1492 initio
927 1454 1127 1500 finxeram,
1145 1455 1325 1503 profecto
1348 1455 1468 1492 fuisse
1487 1466 1577 1492 mox
1597 1455 1692 1493 mihi
1710 1465 1799 1504 per-

362 1521 562 1559 suaserim.
602 1521 721 1559 Nunc
747 1522 872 1572 igitur
885 1522 1095 1559 Manilium
1121 1522 1209 1559 dico
1241 1522 1438 1571 quondam
1465 1522 1567 1560 inter
1586 1522 1800 1560 familiares

363 1587 589 1626 Germanici
630 1592 669 1626 et
708 1588 815 1627 domi
855 1588 1094 1626 admirantes
1132 1592 1171 1627 et
1205 1589 1301 1626 foris
1336 1589 1569 1627 comitantes
1603 1590 1801 1627 versatum

364 1667 461 1693 esse.

463 1722 556 1761 Erit
582 1727 711 1761 autem
739 1734 882 1772 operae
910 1722 1081 1771 pretium
1108 1722 1224 1759 huius
1251 1723 1308 1760 rei
1339 1734 1453 1772 quam
1481 1723 1631 1773 optima
1655 1723 1800 1772 eligere

364 1790 604 1828 testimonia.
656 1789 759 1827 Nam
786 1790 874 1839 ipsa
903 1789 936 1827 si
966 1789 1103 1838 stabit,
1136 1791 1302 1838 excepto
1332 1789 1435 1828 libro
1462 1789 1514 1839 V,
1550 1789 1801 1827 Astronomi-

365 1858 422 1895 cis
456 1854 656 1895 auctorem
690 1858 899 1906 apparebit
931 1857 1021 1894 inde
1049 1857 1099 1894 ab
1125 1869 1230 1894 anno
1257 1856 1307 1894 U.
1337 1869 1367 1895 c.
1397 1859 1469 1896 770
1495 1868 1567 1906 per
1593 1857 1804 1895 triennium

366 1925 446 1963 fere
482 1926 678 1962 intentum
712 1925 844 1964 fuisse.
898 1925 1120 1974 Propterea
1156 1925 1239 1963 noli
1274 1925 1459 1962 admirari
1487 1925 1628 1963 iterum
1653 1935 1713 1962 me
1739 1923 1804 1961 de-

366 1993 522 2031 flectere
555 1991 606 2028 ad
632 1993 733 2030 tales
760 2004 835 2040 res,
871 1993 1006 2040 quales
1034 2004 1057 2029 a
1083 2004 1125 2029 re
1151 1992 1363 2041 proposita
1389 1990 1428 2028 in
1457 1991 1626 2040 speciem
1653 1990 1804 2029 alienae

368 2061 460 2098 sint.
512 2060 611 2098 Mox
639 2062 679 2098 et
705 2060 790 2109 ipse
817 2060 858 2097 in
886 2071 995 2109 spem
1021 2061 1154 2098 venies
1182 2059 1236 2108 id,
1269 2059 1374 2108 quod
1402 2059 1478 2097 iam
1504 2058 1573 2096 diu
1599 2057 1728 2096 moliti
1755 2057 1806 2095 si·

365 2140 462 2177 mus,
490 2140 563 2166 nos
590 2131 697 2166 recta
723 2127 839 2166 etiam
867 2131 1130 2165 assecuturos.

464 2194 518 2232 Et
551 2195 721 2244 primum
757 2194 914 2242 quidem
947 2194 994 2232 de
1032 2194 1214 2242 themate,
1251 2193 1357 2242 quod
1389 2196 1547 2242 vocant,
1582 2191 1804 2231 Germanici

363 2262 466 2300 dico.
519 2262 569 2300 Id
604 2262 708 2300 enim
739 2262 835 2310 quin
862 2262 1055 2300 Manilius
1084 2264 1225 2310 quarto
1254 2260 1438 2298 carminis
1466 2261 1525 2297 sui
1553 2260 1656 2298 libro
1685 2260 1805 2298 inter-

362 2329 556 2378 posuerit,
584 2329 742 2366 minime
770 2329 933 2367 dubium
960 2341 1044 2367 esse
1073 2329 1269 2366 existimo.
1311 2328 1408 2366 Tam
1434 2331 1529 2377 apta
1556 2330 1649 2365 sunt
1674 2327 1724 2365 ad
1746 2339 1805 2364 ce-

364 2395 596 2434 lebrandum
630 2396 742 2434 illum
778 2396 968 2445 iuvenem,
1006 2396 1072 2444 qui
1104 2407 1127 2432 a
1153 2395 1326 2433 moribus
1355 2394 1506 2432 Tiberii
1533 2394 1652 2444 longe
1680 2394 1806 2432 diver-

368 2474 433 2500 sus
478 2463 586 2500 civili
633 2463 794 2511 ingenio
839 2463 1014 2511 miraque
1059 2462 1242 2500 comitate
1287 2473 1386 2499 unus
1431 2461 1603 2500 omnium
1641 2461 1805 2499 maxime

368 2530 517 2579 floruit,
544 2530 639 2567 haec
666 2530 798 2578 verba,
829 2529 970 2577 quibus
999 2533 1119 2578 poeta
1147 2528 1239 2577 (IV,
1266 2529 1476 2568 209—212.
1504 2529 1720 2578 548—552)
1747 2528 1806 2566 in-

371 2598 500 2639 dolem
526 2600 711 2647 partuum
737 2597 885 2635 Librae
913 2597 1138 2634 adumbrat:

575 2681 668 2725 „Hic
693 2681 802 2716 etiam
828 2681 946 2725 legum
970 2679 1114 2714 tabulas
1139 2683 1176 2714 et
1201 2679 1346 2714 condita
1369 2679 1445 2714 iura

574 2737 725 2775 Noverit
749 2739 859 2782 atque
883 2736 978 2771 notis
1001 2735 1136 2771 levibus
1161 2735 1355 2782 pendentia
1379 2736 1501 2779 verba,

1698 3204 1910 3250 aureas
