1930 3320
774 282 988 324 -73-

123 372 394 424 metricaeque
425 369 600 411 rationis
629 371 925 411 tractationem
959 372 1137 412 laudans
1167 371 1439 425 strictamque
1472 373 1629 413 severi-

121 441 252 478 tatem
285 437 314 477 ¹.
346 437 397 476 Et
429 436 617 488 profecto
650 436 787 476 laetari
818 436 1015 477 Manilius
1052 437 1218 477 videtur
1248 449 1299 477 ea
1334 450 1461 490 quam
1499 437 1628 490 vulgo

120 502 297 543 credunt
322 501 470 554 formae
498 505 539 540 et
566 501 753 541 materiae
788 502 1082 554 repugnantia.
1105 504 1208 542 Nam
1236 503 1279 542 in
1305 503 1354 542 iis
1380 515 1474 555 quae
1500 503 1627 555 negli-

123 567 288 620 gentius
326 569 540 619 exspectes
575 569 803 606 tractatum
840 567 905 616 iri,
938 567 981 606 in
1012 567 1163 620 jejuna
1199 567 1550 620 supputationum
1587 572 1628 608 et

121 643 394 673 numerorum
433 631 665 680 notatione,
707 631 748 670 in
788 632 1051 683 geometricis
1087 637 1158 673 aut
1195 633 1468 673 arithmeticis
1504 633 1628 674 rebus

121 696 382 747 definiendis,
411 696 477 736 vel
507 697 742 737 accuratius
768 697 1075 737 concinnantur
1103 711 1260 749 versus,
1295 702 1499 750 tanquam
1530 698 1627 739 inde

121 761 292 803 laudem
324 766 503 815 quaerat,
534 766 699 802 servata
731 775 807 814 per
839 763 972 803 ardua
1007 763 1209 803 continua
1243 762 1504 802 versificandi
1542 764 1628 803 ele-

122 827 282 880 gantia,
304 827 455 868 horum
482 827 719 867 simillimus
745 827 1002 869 urbanorum
1033 828 1268 876 hominum,
1292 828 1378 880 qui,
1395 828 1554 881 *quibus
1583 829 1627 868 in

122 891 368 947 periculosis
403 892 567 932 casibus
601 905 746 933 omnes
782 893 962 946 squalidi
999 898 1040 934 et
1074 893 1220 933 inculti
1255 893 1385 932 vitam
1422 893 1628 933 duntaxat

123 962 165 998 et
190 961 362 998 tuentur
393 962 432 997 et
465 962 628 1006 curant,
658 963 748 998 tum
779 959 959 999 maxime
991 958 1110 1008 lauti,
1140 958 1264 1006 tonsi,
1289 958 1388 998 tersi
1413 959 1626 1011 integrum

122 1023 247 1064 vestis
281 1022 447 1076 orisque
480 1023 659 1063 nitorem
694 1023 986 1063 delicatissime
1024 1023 1202 1063 retinere
1237 1023 1486 1074 gloriantur.
1522 1025 1626 1064 Nam

124 1087 224 1140 quid
246 1087 383 1128 valeat
403 1087 629 1128 diametros
647 1089 690 1127 in
711 1088 881 1141 circulo,
905 1089 1046 1129 audite
1068 1093 1289 1129 canentem
1311 1092 1482 1141 poetam
1507 1101 1516 1129 :

463 1207 714 1256 Quacumque
731 1208 911 1245 inciditur
931 1208 1033 1245 orbis

310 1261 382 1296 Per
396 1260 580 1307 medium,
603 1272 691 1308 pars
712 1262 876 1298 efficitur
895 1265 980 1297 tum
1000 1261 1112 1297 tertia
1130 1261 1227 1308 gyri,

309 1313 458 1361 Exiguo
475 1314 659 1351 dirimens
680 1315 842 1351 solidam
865 1315 1084 1351 discrimine
1106 1324 1300 1350 summam
1318 1313 1347 1349 ².

273 1384 276 1410 ι

122 1429 255 1477 Nunc,
276 1429 409 1490 ⁴variis
436 1430 509 1483 qui
531 1431 690 1471 suntin
718 1432 876 1472 mundo
904 1431 1068 1471 circulis
1097 1431 1329 1483 descriptis,
1359 1430 1526 1471 coluros
1556 1442 1630 1470 co-

120 1507 275 1546 gnosce
298 1507 307 1534 :

315 1584 412 1620 Sunt
432 1584 522 1628 duo,
546 1595 640 1631 quos
661 1584 795 1631 recipit
816 1584 947 1620 ductos
968 1596 990 1620 a
1009 1585 1146 1620 vertice
1164 1586 1303 1628 vertex,

310 1638 414 1673 Inter
432 1648 472 1673 se
493 1637 654 1681 adversi,
677 1638 741 1684 qui
764 1641 922 1673 cunctos
938 1641 1026 1674 ante
1048 1639 1188 1674 relatos

312 1690 434 1738 Seque
454 1693 585 1726 secant
607 1691 763 1738 gemino
783 1695 967 1727 coeuntes
988 1692 1144 1727 cardine
1167 1691 1319 1735 mundi,

309 1744 615 1792 Transversoque
637 1744 724 1791 polo
746 1747 895 1780 rectum
916 1745 1107 1781 ducuntur
1128 1744 1167 1779 in
1188 1756 1313 1790 axem,

311 1798 501 1844 Tempora
515 1797 711 1845 signantes
732 1797 824 1833 anni
846 1798 1060 1845 caelumque
1083 1808 1152 1845 per
1173 1800 1276 1833 astra

313 1849 503 1892 Quattuor
517 1850 556 1885 in
576 1852 704 1897 partes
727 1850 891 1886 divisum
912 1851 1107 1887 mensibus
1129 1851 1249 1898 eequis
1269 1852 1297 1886 ³.

124 1962 278 2012 Etiam,
316 1975 442 2015 quam
470 1963 631 2016 poetice
659 1964 917 2017 triangulum
944 1965 1158 2015 signorum
1186 1965 1343 2005 circulo
1367 1963 1628 2005 inscribitur!

315 2081 488 2118 Circulus
506 2083 548 2116 ut
563 2081 697 2117 dextro
719 2081 920 2128 signorum
940 2081 1130 2117 clauditur
1142 2081 1247 2125 orbe,

313 2135 357 2171 In
374 2137 451 2171 tres
478 2135 644 2181 aequales
665 2134 842 2170 discurrit
863 2135 966 2170 linea
987 2135 1136 2178 ductus,

315 2188 435 2234 Inque
454 2187 576 2224 vicem
598 2188 779 2223 extremis
793 2187 920 2235 jungit
940 2199 979 2223 se
999 2187 1138 2223 finibus
1157 2187 1253 2233 ipsa,

314 2241 360 2276 Et
380 2251 617 2288 quaecunque
640 2241 743 2285 ferit,
766 2241 942 2276 dicuntur
961 2240 1073 2287 signa
1092 2240 1256 2287 trigona,

316 2294 358 2330 In
378 2294 454 2330 tria
475 2294 638 2341 partitus
657 2293 762 2340 quod
779 2295 836 2329 ter
855 2293 956 2329 cadit
976 2294 1141 2340 angulus
1162 2295 1279 2338 astra,

316 2348 411 2390 Quae
429 2347 548 2384 divisa
569 2350 731 2383 manent
748 2347 866 2383 ternis
887 2346 1071 2383 distantia
1088 2345 1207 2394 signis
1227 2347 1255 2381 ⁴.

124 2466 328 2520 Denique,
351 2479 490 2520 operae
511 2467 691 2520 pretium
714 2471 775 2507 est
798 2466 1012 2506 attendere
1038 2479 1164 2519 quam
1186 2465 1429 2505 inornatam
1452 2464 1633 2505 nudam-

122 2543 208 2584 que
229 2535 272 2571 et
290 2531 494 2572 orationis
508 2535 550 2572 et
568 2545 711 2572 versus
726 2532 845 2585 quasi
860 2532 1095 2572 castitatem
1115 2531 1159 2570 in
1179 2530 1314 2571 noxiis
1335 2530 1518 2570 siderum
1538 2543 1631 2583 par-

169 2663 202 2695 1.
230 2663 268 2696 L.
295 2664 433 2707 Mulier,
459 2666 599 2703 Philet„
628 2667 698 2708 XV,
727 2677 760 2707 p.
789 2668 859 2707 481,
885 2668 966 2708 4923
993 2667 1043 2700 De
1074 2677 1110 2699 re
1135 2668 1236 2700 metr.
1260 2668 1336 2699 Lat.
1365 2667 1469 2708 poet„
1495 2675 1530 2707 p.
1557 2666 1596 2698 52
1621 2674 1629 2696 :

128 2722 148 2739 <a
169 2709 354 2744 Manilium
375 2711 411 2744 in
431 2713 611 2755 plerisque
633 2714 741 2746 rebus
762 2714 1029 2747 severissimam
1052 2723 1232 2756 quamque
1252 2714 1355 2755 sequi
1382 2714 1507 2755 legem.
1529 2724 1545 2741 »

167 2757 199 2789 2.
220 2757 355 2798 Manil.,
376 2758 531 2796 Astron„
552 2759 579 2798 1,
602 2760 676 2792 545.

171 2804 203 2836 3.
223 2804 290 2843 1d.‚
312 2805 410 2843 ibid„
428 2806 455 2844 Ι,
473 2806 544 2839 603.

171 2851 203 2884 4.
223 2851 289 2891 ld„
309 2852 406 2891 ibid„
424 2853 467 2894 ΙΙ,
485 2854 557 2886 2'13.
577 2872 617 2878 -
639 2855 690 2888 Cf.
709 2855 751 2897 ΙΙ,
772 2856 926 2890 307-357.
