1942 3308
750 258 1034 304 ..59-

130 395 213 433 tem
244 387 363 443 facit3
396 403 491 432 nam
524 388 700 432 alterum
731 403 894 432 versum
924 402 1016 430 eum
1047 386 1229 444 Pingreo
1263 385 1314 430 de
1342 386 1508 429 Priamo
1536 386 1662 430 inter·

131 469 282 518 pretor,
324 474 406 501 non
446 459 498 501 de
530 459 849 514 Agamemnone
890 474 981 500 cum
1016 457 1217 501 Stoebero
1262 464 1302 499 et
1333 457 1521 499 Webero
1554 457 1600 510 (l.
1634 455 1660 501 l.

133 544 173 587 p.
206 529 325 580 610).
388 529 447 570 At
475 529 507 569 si
541 528 692 569 reiecta
726 527 1068 570 Hcimsocthiana
1099 527 1168 568 illa
1198 541 1376 584 panacea
1408 532 1517 568 recte
1549 526 1662 567 resti-

133 604 266 639 tutum
298 604 416 655 putcs
448 597 534 639 sive
566 597 897 653 Hectoreamqve
914 597 1062 652 facem.
1093 596 1180 638 sive
1204 596 1514 652 Hectoreasque
1529 595 1663 650 facis,

130 672 269 709 tamen
299 681 379 708 non
403 666 591 722 cogimur
613 666 771 722 opinari
794 665 978 718 Manilio,
1014 680 1106 706 eum
1130 665 1240 706 hune
1263 680 1426 707 versum
1450 665 1660 717 scriberet,

129 734 270 779 Ovidii
304 736 430 777 verba
470 743 567 777 ante
608 735 748 776 oeulos
782 741 944 776 versata
974 749 1076 786 esse,
1120 749 1226 790 quae
1259 734 1299 775 in
1330 734 1506 791 epistula
1538 733 1660 776 modo

130 803 255 846 allata
294 805 500 861 leguntur,
542 818 720 860 namque
751 804 831 845 iam
863 804 903 844 in
935 803 1033 847 Met.
1064 802 1174 845 Xlll
1213 805 1235 845 7
1269 818 1350 845 non
1381 804 1512 845 multo
1543 802 1661 844 aliter

129 873 326 931 scriptum
347 873 558 917 videmus:
590 875 647 915 At
674 888 760 916 non
781 873 1078 915 Hectoreis
1105 873 1315 915 dubitavit
1336 873 1660 928 cedereflam-

131 945 247 985 mis.

269 1012 335 1054 Ac
378 1027 429 1054 ne
474 1027 527 1054 ex
575 1012 694 1054 tertio
742 1012 909 1068 quidem
946 1011 1250 1054 astronomicon
1294 1011 1397 1052 libro
1445 1011 1661 1053 manifeste

87 1132 91 1133 ⁷
130 1088 304 1139 apparet
334 1096 386 1124 ex
419 1081 466 1123 iis
498 1081 696 1138 epistuliS,
742 1096 847 1138 quae
879 1082 919 1122 in
953 1081 1073 1122 Ponti
1103 1096 1174 1123 ora
1203 1082 1242 1122 in
1276 1080 1409 1123 lucem
1443 1085 1658 1133 venerunt,

131 1151 173 1193 in
204 1149 363 1193 Manilii
406 1151 574 1192 haustus
618 1150 846 1191 decurrisse
891 1149 1109 1206 liquorem.
1171 1149 1333 1206 Neque,
1376 1158 1420 1191 ut
1458 1155 1568 1192 recte
1600 1149 1660 1190 in-

130 1219 293 1263 tellexit
333 1219 529 1274 Cramer,
582 1219 650 1261 ille
698 1219 762 1260 Ill
808 1221 827 1260 1
874 1221 1145 1276 (maioraque
1187 1220 1347 1262 viribus
1391 1221 1563 1271 ausmn)
1605 1233 1658 1260 ex

130 1290 242 1334 Fast.
273 1289 314 1331 II
348 1289 429 1332 123
470 1291 740 1345 (maioraque
781 1289 944 1330 viribus
981 1290 1151 1344 uryent)
1182 1289 1337 1345 petivit,
1381 1288 1452 1330 scd
1486 1289 1659 1329 fortasse

131 1374 183 1402 ex
227 1358 354 1414 Vcrg.
390 1358 499 1402 Aen.
533 1358 574 1400 X
605 1357 685 1399 811
722 1360 994 1414 (maioraque
1034 1358 1196 1400 ‘viribus
1236 1360 1422 1408 ausum),
1465 1357 1527 1398 cui
1566 1371 1658 1413 pro-

130 1428 243 1487 prius
285 1442 379 1470 eum
418 1426 614 1469 accedere
653 1426 744 1483 quis
785 1433 847 1468 est
888 1428 957 1482 qui
1002 1426 1149 1468 infitias
1192 1426 1291 1468 eat‘?
1352 1426 1463 1469 Man.
1504 1426 1564 1467 111
1604 1425 1658 1469 66

131 1497 396 1552 (traheretur
419 1499 464 1539 in
490 1498 641 1549 unum)
661 1502 880 1553 propterca
908 1496 1017 1540 Fast.
1036 1496 1093 1538 lV
1112 1497 1165 1539 97
1190 1498 1426 1549 (conto-amit
1444 1498 1487 1538 in
1507 1496 1657 1547 mmm)

131 1567 400 1610 imitationem
444 1581 532 1608 esse
564 1566 818 1622 negaverim,
861 1567 956 1622 quia
998 1566 1181 1623 vulgaris
1225 1567 1326 1608 haec
1365 1573 1426 1607 est
1456 1564 1659 1607 sententia

126 1639 174 1680 in
203 1651 337 1679 unum
367 1635 624 1688 contrahere,
666 1650 790 1692 quam
822 1637 888 1678 vel
921 1635 1115 1688 historici,
1147 1634 1389 1679 Sallustium
1421 1642 1461 1677 et
1490 1634 1655 1676 Livium

129 1705 234 1759 dico,
261 1713 382 1748 antea
415 1706 678 1762 scripserunt.
743 1704 1031 1761 Epithetorum
1063 1711 1200 1747 autem
1234 1711 1274 1746 et
1305 1705 1345 1746 in
1380 1704 1500 1747 tertio
1529 1712 1654 1745 astro·

126 1774 316 1818 nomicon
366 1775 470 1816 libro
513 1781 554 1816 et
594 1773 705 1830 apud
747 1773 946 1817 Ovidium
994 1773 1295 1816 occurrentium
1343 1788 1450 1831 quae
1489 1788 1539 1815 ex
1581 1773 1658 1814 hoe

129 1850 259 1886 tracta
289 1843 371 1885 sint
402 1843 574 1886 dubium
616 1849 689 1894 est,
732 1842 803 1884 scd
845 1843 933 1884 ficri
967 1850 1113 1900 potest,
1157 1850 1203 1884 ut
1234 1857 1435 1885 canc-rum
1463 1843 1658 1884 litoremn

127 1912 256 1968 (Man.
291 1912 357 1954 111
396 1913 494 1956 316.
537 1912 636 1956 Met.
679 1912 722 1953 X
758 1914 849 1955 127.
893 1912 977 1954 XV
1007 1912 1108 1966 369)
1153 1920 1192 1954 et
1234 1914 1459 1955 draconem
1495 1913 1658 1967 viqilem

127 1981 256 2035 (Man.
298 1982 365 2024 Ill
410 1984 484 2034 113
529 1982 594 2023 dr.
628 1983 817 2038 perviqil
857 1981 936 2025 Ov.
982 1983 1067 2025 her.
1107 1982 1147 2034 6,
1196 1982 1274 2035 133
1320 1983 1381 2034 12,
1425 1982 1516 2025 101.
1557 1980 1656 2024 Met.

128 2050 212 2092 VII
248 2052 346 2105 149)
379 2050 518 2094 Ovidii
551 2065 710 2092 memor
740 2051 950 2107 scripserit
982 2050 1200 2104 Maniliu53
1243 2057 1434 2107 tempora·
1466 2065 1563 2092 vero
1595 2051 1658 2091 la-

127 2120 264 2162 bentia
303 2119 430 2175 (Man.
470 2121 528 2161 ΙΙΙ
566 2120 664 2163 470.
708 2119 832 2163 Trist.
874 2121 932 2161 III
963 2121 1000 2173 3,
1047 2122 1122 2172 113
1160 2121 1210 2164 cf.
1250 2121 1347 2163 Met.
1384 2120 1469 2162 XV
1509 2120 1584 2161 179
1617 2126 1658 2160 et

125 2189 242 2233 Fast,
279 2189 339 2231 VI
371 2191 452 2231 771
495 2194 685 2245 tempora
723 2189 940 2244 labuntur)
971 2197 1107 2231 utrum
1136 2189 1333 2234 Ovidium
1370 2189 1523 2245 legenti
1553 2188 1656 2231 adeo

126 2258 366 2316 placuerint,
402 2265 444 2300 ut
475 2259 674 2301 memoria
701 2265 875 2311 teneret,
908 2274 960 2300 an
992 2259 1078 2316 ipse
1110 2259 1289 2313 finxerit,
1320 2259 1412 2315 quis
1442 2259 1519 2300 hoe
1552 2266 1656 2299 tam-

127 2343 251 2385 quam
285 2327 337 2369 de
369 2328 530 2385 tripode
563 2328 663 2370 velit
693 2327 978 2385 respondere?>
1040 2327 1124 2372 Sed
1164 2328 1437 2371 concedamus
1467 2327 1656 2368 imitatio-

127 2411 246 2439 nem:
277 2397 392 2440 novit
420 2397 546 2452 igitur
569 2397 774 2451 Manilius,
808 2412 889 2454 quo
912 2404 1098 2454 tempore
1128 2398 1247 2440 tertio
1270 2398 1375 2440 libro
1397 2396 1656 2439 contexendo

127 2481 294 2524 operam
326 2467 507 2519 navavit,
539 2467 735 2509 Tristium
771 2468 936 2510 tertium
969 2468 1133 2512 librum.

265 2535 351 2580 Sed
373 2551 464 2578 cum
489 2536 527 2577 in
551 2536 613 2577 his
631 2537 761 2578 tribus
785 2537 1087 2580 astronomicon
1110 2537 1224 2579 libris
1248 2537 1531 2594 epistularum,
1554 2550 1655 2592 quas

129 2619 181 2646 ex
197 2605 340 2647 exsilio
357 2604 533 2648 Romam
551 2606 660 2648 misit
676 2606 864 2660 Ovidius,
884 2606 1129 2649 imitationes
1146 2622 1226 2649 non
1245 2606 1655 2664 deprehenderimuS,

128 2674 170 2717 in
197 2681 343 2731 quarto
375 2674 478 2716 libro
498 2675 632 2717 inesse
655 2675 830 2729 videtur,
863 2676 975 2733 quod
1003 2691 1055 2718 ex
1086 2676 1250 2718 illarum
1283 2676 1482 2719 memoria
1512 2682 1654 2717 natum

125 2743 191 2787 sit.
253 2744 319 2787 De
351 2758 471 2786 versu
504 2744 673 2801 quidem
706 2744 767 2786 IV
800 2746 856 2788 60
884 2746 988 2787 alius
1019 2746 1140 2788 aliter
1169 2747 1337 2789 forsitan
1374 2746 1523 2788 iudicet
1553 2747 1654 2799 (toto

126 2818 334 2869 spectante
373 2815 553 2868 senatu),
592 2828 664 2871 per
705 2829 827 2871 quem
862 2830 1027 2858 versum
1060 2816 1277 2858 Manilium
1316 2816 1457 2860 Ovidii
1477 2815 1509 2869 ¹)
1542 2815 1654 2860 debi-

267 2918 292 2958 1)
317 2918 384 2962 Ep.
411 2928 454 2951 ex
481 2918 519 2951 P.
544 2918 594 2951 lv
620 2919 653 2962 4,
679 2919 721 2950 41
749 2922 841 2954 toto
867 2921 1115 2955 comitante
1139 2926 1317 2958 senatu.
