1930 3320
791 871 992 918 CAPUT
1027 869 1306 917 TERTIUM

457 1090 681 1128 QUATENUS
716 1090 919 1121 MANILIUS
954 1089 1244 1121 ASTRONOMIAE
1278 1091 1329 1120 ET
1364 1089 1648 1122 ASTROLOGIAE

676 1160 856 1190 PERITUS
890 1160 1044 1190 FUERIT
1078 1160 1130 1189 ET
1166 1158 1418 1191 STUDIOSUS.

370 1325 474 1372 Quid
505 1323 694 1363 Manilius
729 1324 771 1362 in
806 1325 1081 1375 astronomia,
1119 1324 1216 1375 quid
1253 1325 1296 1363 in
1329 1324 1552 1373 astrologia
1583 1325 1781 1373 docuerit,

318 1388 519 1435 evolvere,
550 1391 594 1426 ut
622 1400 704 1426 non
729 1399 914 1426 meorum
948 1387 1199 1434 studiorum,
1230 1387 1288 1426 ita
1313 1399 1397 1426 non
1427 1387 1628 1439 propositi
1663 1388 1785 1439 hujus

318 1451 453 1503 operis
477 1455 551 1490 est.
578 1450 767 1489 Ceterum
792 1463 840 1489 ea
865 1463 948 1489 non
975 1450 1143 1489 omnino
1163 1450 1408 1501 negligenda
1428 1453 1523 1489 sunt
1542 1454 1582 1489 et
1600 1451 1784 1502 aliquan-

317 1519 406 1554 tum
429 1514 626 1553 momenti
645 1514 802 1553 habent
825 1518 870 1552 ut
896 1514 1167 1565 perspiciatur
1196 1514 1317 1565 quale
1350 1514 1472 1553 fuerit
1499 1514 1629 1553 nostri
1653 1518 1786 1566 poetae

319 1579 543 1629 ingenium.
572 1579 628 1616 De
655 1577 718 1616 his
744 1577 869 1628 igitur
895 1577 952 1616 ita
977 1577 1103 1616 verba
1129 1578 1291 1625 faciam,
1314 1582 1359 1616 ut
1385 1590 1476 1628 quae
1499 1577 1548 1615 ad
1576 1577 1786 1616 scientiam

318 1645 482 1680 tantum
509 1644 723 1692 artemque
751 1641 997 1691 pertineant,
1020 1641 1349 1692 praetermittam,
1378 1641 1488 1679 unde
1518 1653 1615 1679 vero
1649 1640 1788 1692 aliqua

321 1704 370 1743 de
398 1703 536 1743 indole
562 1703 771 1755 scriptoris
791 1703 939 1743 notitia
965 1703 1121 1742 hauriri
1142 1704 1282 1755 possit,
1305 1716 1353 1742 ea
1379 1703 1517 1742 omnia
1537 1703 1727 1754 colligam
1749 1707 1788 1742 et

321 1767 547 1819 explicem.'

1049 1933 1066 1975 I

375 2057 424 2094 In
455 2053 722 2094 describendo
754 2053 910 2093 mundo
944 2053 1152 2105 signisque
1183 2052 1447 2092 numerandis
1481 2056 1521 2092 et
1547 2052 1790 2102 indicandis,

324 2118 516 2159 Manilius
529 2120 756 2158 Varronem
773 2121 934 2157 secutus
949 2129 1034 2156 esse
1050 2121 1259 2156 auctorem
1271 2118 1400 2156 fertur
1415 2118 1442 2156 ¹.
1459 2118 1561 2155 Nam
1576 2119 1615 2155 et
1634 2117 1793 2168 quoties

324 2182 441 2233 signa
462 2194 553 2234 quae
579 2185 674 2220 sunt
698 2181 740 2220 in
759 2181 939 2228 zodiaco,
960 2180 1230 2232 persequitur,
1250 2192 1347 2226 non,
1369 2183 1414 2218 ut
1431 2179 1553 2226 Graii,
1573 2178 1791 2228 Cancrum,

325 2246 411 2294 sed,
434 2249 480 2284 ut
501 2245 650 2292 Latini,
671 2245 850 2284 Arietem
879 2244 1107 2294 principem
1133 2243 1340 2289 nominat3
1363 2245 1402 2280 et
1427 2254 1533 2290 cum,
1556 2242 1664 2280 unde
1690 2246 1790 2281 tem-

325 2321 430 2361 pora
450 2308 548 2346 anni
565 2308 777 2359 incipiant,
793 2307 978 2359 inquirit,
1000 2306 1214 2358 cujusdam
1234 2305 1411 2354 vestigiis
1431 2304 1593 2353 insistit,
1613 2305 1683 2355 qui
1699 2309 1793 2344 ante

326 2371 566 2411 emendatos
598 2383 622 2409 a
652 2371 809 2409 Caesare
841 2371 968 2408 fastos
996 2370 1201 2420 scripserit
1235 2381 1244 2408 :
1279 2381 1372 2406 cum
1388 2372 1538 2406 -autem
1570 2368 1794 2407 Martianus

327 2434 493 2485 Capella
518 2434 561 2472 in
593 2437 736 2472 octavo
762 2434 867 2471 libro
900 2433 1049 2471 mirum
1082 2433 1123 2470 in
1151 2431 1317 2470 modum
1351 2431 1513 2469 Manilio
1550 2431 1792 2478 consentiat,

327 2501 608 2551 appareatque
631 2500 852 2548 utrumque
879 2496 930 2535 ab
958 2495 1101 2534 eodem
1131 2496 1257 2542 fonte,
1283 2507 1373 2546 quae
1398 2494 1665 2542 effunderent,
1689 2493 1795 2533 hau-

327 2562 440 2609 sisse,
462 2573 584 2612 quem
605 2559 799 2600 Varronis
818 2559 1133 2611 Disciplinarum
1154 2558 1304 2597 librum
1325 2562 1483 2596 sextum
1506 2561 1666 2596 constat
1685 2569 1710 2596 a
1728 2558 1796 2596 Ca-

327 2625 438 2678 pella
456 2625 578 2664 fuisse
596 2627 851 2676 assumptum
868 2623 897 2671 ²,
915 2623 1023 2662 unde
1043 2622 1272 2662 doctrinam
1293 2633 1458 2661 omnem
1478 2620 1795 2660 astronomicam

372 2749 403 2780 1.
427 2748 576 2788 Gruppe‚
596 2747 743 2784 Hermes,
765 2749 789 2778 t.
806 2746 862 2778 XI.
882 2765 920 2771 —
936 2746 1044 2778 Revue
1059 2745 1116 2777 des
1133 2745 1268 2782 Revues,
1281 2744 1397 2784 juillet
1414 2744 1503 2776 1879.

331 2795 411 2873 ίδὲὲ
423 2794 570 2881 Εέυξέἶε,
589 2793 670 2825 ibid.
689 2810 729 2816 —
743 2792 993 2834 Eyssenhardt,
1012 2792 1114 2832 Proef.
1130 2791 1174 2823 ad
1193 2791 1402 2823 Martianum
1426 2789 1611 2830 Capellam,
1625 2786 1794 2821 Teubner,

414 2866 423 2882 ,
466 2863 473 2871 .
547 2863 554 2871 .
