1942 3308
721 210 1006 256 ..43-

100 341 192 387 dius
223 342 335 388 Fast.
367 343 387 386 1
422 341 520 398 210,
563 356 707 385 verum
749 340 871 384 etiam
903 355 979 399 per
1014 339 1151 398 ipsum
1184 337 1416 397 Olympum
1449 350 1628 395 regnare

100 414 274 467 dicitur3
301 413 400 472 quin
431 413 556 455 immo
581 418 696 454 tonat
716 411 850 454 Roma
870 410 980 468 apud
1004 409 1280 454 Claudianum
1305 409 1378 462 (de
1399 408 1496 452 bell.
1519 407 1626 451 Poll.

99 483 222 537 511).
255 482 351 536 Quo
372 483 406 526 si
427 482 529 525 nihil
552 482 645 524 miri
673 496 810 539 neque
834 480 946 538 quod
968 479 1182 524 offensioni
1205 480 1256 522 sit
1277 479 1509 536 praebetur,
1543 492 1625 521 non

101 551 311 610 intellego,
348 567 421 594 cur
461 551 514 594 de
553 565 716 593 summo
757 550 941 592 omnium
972 549 1269 601 Romanorum,
1309 548 1451 606 populi
1487 562 1625 590 rerum

99 621 278 679 potentis
317 620 416 677 (Ov.
459 620 572 663 Fast.
603 619 624 662 I
656 619 744 673 88),
777 620 976 677 principe,
1009 634 1136 676 penes
1165 633 1289 676 quem
1322 618 1516 660 universa
1554 616 1627 658 im-

101 690 274 748 perandi
305 698 371 739 est
396 696 579 748 potestas
608 696 649 732 et
678 689 820 731 mundi
843 689 1028 732 custodia
1049 689 1197 746 cuique
1224 695 1309 731 tota
1329 688 1464 731 Roma
1495 692 1626 744 paret,

99 760 271 804 Manilio
302 759 412 803 idem
444 759 580 801 dicere
605 774 685 800 non
718 758 877 801 licuerit
907 758 1094 815 quamvis
1125 758 1302 802 vivente.
1363 757 1514 814 Neque
1544 770 1627 812 quo

99 831 231 873 maior
258 830 332 872 fiat
360 829 587 873 sententiae
616 843 732 871 meae
759 828 861 870 fides
894 828 1126 872 statianum
1150 827 1286 870 locum
1310 827 1468 879 omitto,
1493 824 1628 882 quiin

98 900 322 944 Thebaidis
352 900 458 941 libro
489 899 622 956 primo
652 898 860 941 invenitur
883 901 942 951 (v,
972 899 1026 941 25
1047 900 1154 955 sq.):
1190 897 1257 939 ubi
1282 903 1474 955 precatur
1491 901 1627 953 poeta,

100 976 147 1013 ut
183 969 450 1013 Domitianus
500 968 714 1011 hominum
755 968 927 1009 habenis
967 974 1183 1010 contentus
1229 967 1270 1008 in
1315 973 1426 1008 terra
1466 970 1630 1008 maneat

97 1046 223 1098 atque
265 1039 402 1082 sidera
442 1038 591 1091 donet3
644 1052 726 1080 non
767 1037 895 1091 addit,
938 1037 1001 1079 cui
1045 1037 1182 1090 donet,
1230 1036 1302 1078 sed
1342 1051 1365 1078 e
1406 1036 1627 1078 verborum

98 1123 259 1152 conexu
289 1107 587 1150 consectarium
629 1106 687 1160 fit,
728 1113 774 1148 ut
815 1106 914 1163 ipsis
955 1106 1017 1148 dis
1059 1105 1227 1148 concedi
1269 1105 1378 1147 dicat
1408 1104 1628 1162 imperium

102 1177 279 1220 caeleste
318 1192 343 1220 a
381 1177 636 1219 Domitiano.
697 1174 822 1227 Quod
863 1175 1002 1232 glossa
1042 1190 1209 1233 quoque
1250 1182 1438 1233 apertum
1478 1174 1627 1217 reddit.

99 1244 182 1298 Qui
214 1251 354 1289 autem
393 1245 484 1288 fieri
526 1245 670 1302 potuit,
715 1251 759 1286 ut
791 1244 892 1287 caeli
928 1259 1103 1300 regnum
1135 1244 1197 1286 dis
1229 1244 1384 1287 donare
1425 1244 1631 1286 diceretur

98 1315 345 1374 imperator,
389 1315 431 1357 ni
473 1315 600 1373 ipsius
640 1315 743 1357 haec
780 1313 1006 1357 secundum
1049 1320 1197 1371 poetae
1235 1314 1442 1356 fictionem
1487 1315 1630 1355 fuisset

99 1384 318 1444 potestas?
391 1384 474 1438 Qui
516 1385 628 1427 locus
670 1399 752 1427 non
791 1399 908 1426 secus
948 1399 992 1426 se
1035 1383 1158 1426 habet
1198 1391 1323 1441 atque
1364 1383 1627 1427 Manilii-mus.

100 1453 246 1499 Crevit
283 1454 411 1510 igitur
450 1468 715 1511 summopere
755 1452 1070 1496 verisimilitudo
1111 1459 1152 1495 et
1191 1459 1326 1495 terrae
1364 1460 1404 1496 et
1445 1453 1547 1495 caeli
1578 1453 1629 1493 si-

98 1524 328 1582 derumque
360 1524 502 1566 vivum
534 1524 827 1582 imperatorem
859 1523 964 1565 sicut
991 1523 1138 1567 Iovem
1167 1529 1379 1580 potentem
1412 1522 1538 1565 fuisse
1568 1536 1630 1563 se-

100 1594 282 1638 cundum
314 1600 530 1652 poetarum
566 1593 979 1651 blandiloquentiam.

242 1662 399 1707 Verum
432 1679 512 1706 non
543 1663 674 1706 solum
717 1678 792 1720 pro
823 1664 921 1705 Iove
961 1663 1244 1706 honorabatur
1274 1662 1493 1719 Augustus
1524 1662 1625 1705 eius-

100 1748 183 1791 que
212 1747 362 1776 munus
402 1732 615 1776 dicebatur
657 1732 957 1786 administrare,
1002 1732 1076 1775 sed
1118 1732 1242 1774 etiam
1281 1739 1352 1774 aut
1392 1731 1499 1773 filius
1540 1728 1629 1791 Ay*

99 1802 266 1860 pollinis
313 1801 448 1858 (Suet.
491 1802 583 1846 Oct.
627 1802 700 1858 94)
740 1808 811 1844 aut
859 1802 948 1859 ipse
988 1801 1144 1859 Apollo
1188 1802 1502 1844 existimabatur
1542 1807 1630 1843 esse

101 1873 274 1930 eiusque
304 1871 416 1914 cultu
447 1871 756 1916 observabatur.
818 1870 879 1915 Ut
907 1871 949 1913 in
981 1886 1084 1914 cena
1114 1872 1307 1929 quadam,
1350 1873 1389 1913 in
1422 1887 1504 1929 qua
1534 1871 1629 1913 deo-

100 1957 193 1986 rum
222 1941 479 2000 dearumque
520 1941 660 1984 habitu
693 1941 892 1984 convivae
924 1941 1233 1996 discubuerunt,
1274 1943 1361 1999 ipse
1392 1957 1467 1999 pro
1499 1940 1630 1998 Apol-

101 2011 187 2056 line
226 2010 306 2054 fuit
336 2017 503 2054 ornatus
542 2010 680 2065 (Suet.
713 2010 806 2056 Oct.
840 2011 931 2065 70),
960 2011 1016 2052 ita
1049 2011 1090 2053 in
1122 2011 1300 2054 Palatini
1341 2012 1455 2055 collis
1486 2011 1629 2053 biblio-

102 2081 223 2124 theca
242 2086 419 2123 statuam
441 2081 519 2123 sibi
547 2086 742 2137 posuerat
763 2079 904 2121 habitu
925 2094 972 2121 ac
1002 2086 1111 2122 statu
1135 2080 1344 2137 Apollinis
1373 2081 1441 2134 (cf.
1466 2080 1628 2123 Comm.

93 2149 234 2214 ⁸Cruq.
273 2149 325 2192 ad
358 2149 460 2194 Hor.
493 2149 611 2207 epist.
643 2149 665 2191 Ι
698 2150 765 2204 13,
801 2151 851 2193 17
892 2157 932 2192 et
962 2149 1175 2208 Anspach.
1207 2149 1235 2194 l.
1267 2150 1293 2191 l.
1327 2166 1366 2207 p.
1403 2151 1500 2203 12):
1542 2150 1631 2206 ipse

101 2219 231 2276 igitur
251 2218 384 2263 voluit
404 2218 515 2262 credi
537 2218 716 2276 Apollo!
767 2219 835 2262 De
856 2219 1111 2262 nomismatis
1133 2220 1354 2275 argenteis,
1387 2220 1427 2261 in
1452 2235 1629 2276 quorum

101 2287 235 2331 altera
264 2294 381 2347 parte
413 2288 571 2346 Apollo
611 2287 759 2331 sedens
790 2288 1050 2346 conspicitur,
1097 2295 1139 2331 ct
1168 2289 1345 2347 ascripta
1375 2296 1472 2331 sunt
1503 2289 1631 2331 verba

106 2357 277 2412 Caesar,
316 2358 424 2401 Divi
458 2359 511 2403 F.
552 2357 693 2400 videas
732 2359 1020 2401 Burmannum
1057 2359 1111 2401 ad
1151 2358 1267 2404 Suet.
1310 2359 1402 2404 Oct.
1439 2359 1507 2403 94.
1563 2359 1631 2401 De

103 2443 166 2482 eo,
213 2428 285 2485 qui
324 2427 368 2470 in
409 2427 538 2485 Verg.
579 2427 668 2472 Ecl.
715 2427 801 2481 (IV
842 2428 916 2482 10)
958 2435 1105 2483 exstat,
1146 2429 1249 2483 loco,
1292 2445 1418 2486 supra
1458 2428 1631 2486 exposui

105 2500 167 2556 (p.
201 2499 291 2551 16).
351 2497 560 2541 observes
591 2504 728 2541 autem
762 2498 1003 2554 Augustum
1042 2513 1136 2541 cum
1166 2499 1246 2540 iam
1289 2507 1384 2542 ante
1414 2499 1630 2541 Actiacam

103 2567 236 2609 aleam
275 2567 464 2625 Apollini
506 2568 658 2611 eximie
700 2568 897 2611 devotum
943 2569 1070 2611 fuisse
1112 2569 1185 2625 (cf.
1224 2569 1384 2612 Eekhel
1418 2569 1479 2610 VI
1512 2568 1629 2622 108),

105 2641 194 2679 tum
235 2643 379 2695 postea
417 2652 511 2680 eum
551 2644 598 2679 ut
638 2636 908 2681 domesticum
937 2638 1163 2682 honorasse
1202 2639 1272 2692 (cf.
1302 2639 1382 2684 Ov.
1412 2638 1513 2682 Met.
1544 2637 1630 2680 XV

104 2705 226 2759 865).
244 2706 278 2760 ¹)
338 2706 449 2749 Huic
475 2707 585 2750 enim
610 2707 687 2751 deo
717 2708 760 2750 in
791 2723 864 2752 ora
884 2708 1008 2752 Actia
1041 2710 1244 2767 templum
1277 2709 1510 2751 dedicatum
1543 2714 1631 2751 erat

246 2822 271 2866 ¹)
296 2824 349 2856 De
372 2827 549 2857 crescente
579 2824 644 2858 sub
668 2825 819 2868 Augusti
853 2825 1016 2871 auspiciis
1049 2826 1224 2869 Apollinis
1257 2827 1353 2859 cultu
1388 2825 1458 2860 vid.
1484 2824 1629 2860 Prelleri

105 2880 215 2927 myth.
241 2882 341 2917 Rom,
365 2882 408 2915 13
429 2883 508 2916 307.
