1910 3250
726 315 1011 357 —61-

196 443 234 488 9)
257 442 298 480 F.
322 441 393 488 VI,
422 442 608 479 see-230
638 443 677 477 et
699 441 750 477 M.
777 439 806 477 1.
833 427 1025 485 167ss181,
1055 439 1118 476 ubi
1148 439 1233 474 dum
1266 439 1313 474 do
1340 436 1464 473 media
1486 439 1609 472 terrae

587 500 747 535 statione
773 499 938 546 exponit,
965 498 1060 534 alter
1084 499 1198 544 poeta
1223 495 1372 532 alterius
1396 495 1517 531 verbis
1542 505 1610 531 sua

586 557 796 593 adsimulat.

112 599 116 602 .
162 601 233 660 '10)
256 615 299 653 F.
323 615 354 660 I,
384 617 452 652 217
485 615 562 659 (cfr.
589 615 700 651 Trist.
725 615 754 659 Ι,
786 615 819 659 5,
850 615 887 658 ’7)
920 625 1104 658 census,
1134 611 1232 659 quod
1261 611 1412 647 verbum
1437 610 1610 646 Manilius

585 673 697 708 etiam
725 673 872 719 saepius
896 683 963 719 pro
989 670 1183 715 ‚‚divitiae“
1207 670 1326 715 ponit.

127 753 265 795 Etiam
298 754 419 806 plura
446 755 488 792 in
516 754 634 793 libris
663 755 705 792 et
731 752 1122 803 Metamorphoseon
1150 755 1191 790 et
1217 750 1447 800 Fastorum,
1482 750 1516 788 si
1543 761 1610 788 va-

127 822 274 862 lidiore
302 823 496 862 memoria
523 822 734 872 praeditus
762 820 1067 862 Astronomicis
1097 832 1262 871 operam
1288 819 1463 868 dederis,
1497 830 1610 869 repe—

120 891 220 943 ries,
249 895 351 942 quae
378 892 420 930 in
439 890 741 930 Astronomicis
772 902 933 940 quoque
963 892 1070 940 sunt,
1097 889 1220 928 talem
1250 889 1423 939 speciem
1450 900 1547 938 prae
1568 899 1610 926 se

125 959 312 1012 ferentia,
340 965 386 1000 ut
413 961 464 1000 ab
487 959 638 999 Ovidio
669 960 757 998 solo
787 972 917 1009 neque
946 959 996 998 ab
1017 959 1109 998 aliis
1129 957 1343 997 didacticis
1362 957 1512 1008 poetis,
1541 957 1610 1006 qui

39 1044 49 1061 ¹
65 1031 77 1043 ³
105 1029 321 1069 ·Lucretio
359 1030 557 1080 magistro
588 1030 822 1077 floruerant,
851 1029 943 1068 ficta
970 1040 1056 1067 esse
1084 1027 1312 1071 videantur.
1368 1027 1488 1066 Unde
1517 1039 1611 1065 eon-

28 1084 66 1135 1]
126 1110 299 1149 sequens
329 1110 416 1138 esse
444 1098 570 1148 dicas,
607 1102 654 1137 ut
679 1098 971 1137 Astronomica
997 1102 1094 1148 post
1122 1097 1195 1135 illa
1224 1095 1363 1135 Ovidii
1392 1108 1518 1146 opera
1545 1107 1611 1135 ex-

128 1167 322 1208 stiterint.

229 1235 314 1276 Sed
340 1249 424 1276 non
452 1235 585 1288 video,
614 1249 684 1275 cur
711 1249 770 1287 ea,
799 1248 900 1286 quae
920 1239 1014 1275 ante
1034 1235 1310 1286 principatum
1330 1235 1382 1274 ad
1402 1234 1612 1274 Tiberium

119 1306 307 1346 delatum
339 1306 381 1345 in
413 1307 543 1346 lucem
570 1306 773 1356 prodiere,
807 1305 1063 1356 perlustrem‚
1099 1305 1132 1342 si
1164 1305 1338 1354 quidem,
1367 1316 1469 1354 quae
1497 1314 1611 1343 actas

126 1375 291 1416 Manilii
317 1388 477 1416 carmen
502 1375 658 1425 tulerit,
687 1375 851 1414 aliunde
879 1375 1044 1425 planius
1072 1379 1257 1426 apparet.
1300 1374 1401 1412 Plus
1419 1371 1610 1424 'profecto

27 1434 30 1436 v
91 1451 99 1474 s
123 1445 328 1485 ‘conducet
359 1445 411 1484 ad
445 1457 532 1484 eam
559 1444 845 1484 inveniendam
870 1443 1106 1495 praeteritis
1137 1444 1343 1483 Tristibus
1372 1447 1413 1482 et
1439 1443 1611 1482 Halieu-

126 1514 222 1554 ticis
257 1518 379 1565 atque
412 1514 542 1565 Ibide,
578 1526 657 1564 quo
693 1515 736 1552 in
770 1515 944 1553 carmine
979 1514 1050 1552 vix
1082 1515 1167 1553 tres
1201 1525 1341 1552 versus
1370 1512 1612 1552 Manilianis

0 1577 20 1843 ἐ
129 1583 268 1634 aliqua
292 1588 410 1634 parte
439 1583 590 1622 similes
619 1583 751 1631 video,
779 1583 956 1622 animum
983 1582 1194 1634 paulisper
1224 1595 1299 1622 nos
1327 1583 1540 1622 attendere
1568 1583 1611 1621 in

129 1652 325 1704 epistolas
352 1653 404 1692 ab
426 1652 577 1692 Ovidio
605 1665 626 1692 e
645 1653 783 1692 Ponto
812 1653 942 1703 datas,
973 1664 1072 1703 quas
1094 1651 1308 1691 maximam
1326 1655 1485 1702 partem
1503 1664 1612 1691 anno

125 1721 309 1772 Augusti
344 1722 559 1769 emortuali
594 1722 840 1761 recentiores
876 1725 1027 1772 putant
1063 1722 1198 1771 esse.2)
1257 1720 1437 1770 Quarum
1464 1722 1506 1760 in
1534 1721 1613 1760 lec-

127 1790 240 1830 tione
268 1790 384 1842 adeo,
410 1795 458 1830 ut
483 1794 616 1831 mente
642 1791 850 1842 retineret,
878 1790 1055 1830 Manilio
1075 1790 1278 1841 placuisse
1298 1794 1612 1830 consentaneum

0 1859 46 1909 up'.
131 1862 195 1900 est
221 1858 429 1911 inprimis:

34 1941 39 1943 ’
234 1946 267 1992 1,
291 1947 323 1992 1,
369 1947 432 1985 47:
470 1946 614 1986 Locum
639 1948 727 1984 date
752 1958 862 1984 sacra
889 1947 1021 1984 ferenti

0 1923 42 2106 ἓ
290 2005 325 2047 2,
370 2004 434 2041 732
469 2004 609 2041 Caesar
633 2034 642 2042 .
667 2034 677 2043 .
702 2033 710 2042 .
736 2006 827 2042 deus
854 2006 978 2042 omnia
1001 2006 1098 2042 norit

289 2063 323 2108 2,
348 2063 432 2100 125:
469 2062 540 2107 Qui
562 2064 651 2100 vicit
676 2074 823 2110 semper
845 2064 954 2100 victis
979 2066 1019 2100 nt
1042 2074 1198 2111 parcere
1222 2066 1353 2110 posset

522 2119 665 2157 Clausit
689 2123 728 2157 et
752 2124 905 2158 aeterna
930 2122 1047 2158 civica
1069 2121 1168 2158 bella
1192 2132 1278 2158 sera
1322 2118 1327 2122 “

292 2179 326 2224 6,
371 2179 434 2216 8¹7:
472 2177 630 2214 Carcere
656 2179 774 2215 clausi

202 2234 271 2280 111,
297 2237 329 2282 1,
354 2237 440 2273 1251
477 2235 560 2280 Qua
584 2237 728 2282 (uxore)
753 2237 841 2274 nihil
863 2237 901 2273 in
924 2238 1030 2273 terris
1056 2237 1103 2273 ad
1128 2237 1237 2274 finem
1263 2237 1352 2273 solis
1379 2238 1426 2274 ab
1451 2240 1533 2274 ortu

522 2293 666 2331 Clarius
691 2298 850 2342 excepto
877 2295 1040 2332 Caesare
1066 2295 1221 2331 mundus
1245 2295 1361 2331 habet

295 2353 327 2396 1,
351 2352 437 2389 135:
472 2351 601 2388 domus
625 2353 786 2400 Augusti
808 2373 854 2379 —
877 2353 989 2400 plena
1014 2353 1120 2400 pacis
1146 2353 1217 2388 erit

270 2410 325 2455 ’8,
370 2410 434 2447 882
468 2410 615 2457 patriae
640 2422 774 2457 magne
800 2411 974 2458 ducisque
996 2415 1106 2457 pater
1129 2410 1221 2456 (scil.
1240 2410 1376 2456 Tiberi,
1402 2410 1613 2449 Germanici

885 2469 1006 2516 pater)

231 2541 251 2551 ν·
287 2520 327 2569 ’6,
372 2525 436 2562 23:
471 2526 645 2573 Principe
669 2537 739 2563 nec
762 2530 889 2564 nostro
914 2527 1005 2563 deus
1030 2529 1088 2562 est
1113 2526 1338 2563 moderatior
1362 2527 1472 2564 ullus:

467 2585 623 2621 Justitia
646 2586 742 2622 vires
765 2587 950 2632 temperat
973 2584 1033 2620 ille
1058 2595 1145 2620 suas

292 2641 327 2686 9,
351 2642 434 2679 1242
473 2641 531 2677 'ru
567 2643 661 2687 (scil.
692 2644 876 2690 Auguste)
912 2645 1060 2680 nostras
1100 2643 1204 2679 audis
1241 2643 1335 2678 inter
1365 2653 1531 2680 convexa
1561 2643 1611 2680 lo-

888 2704 993 2738 catus

470 2756 601 2794 Sidera
625 2786 634 2795 .
659 2786 680 2803 .,
695 2787 704 2796 .
727 2770 867 2806 preces.

225 2873 256 2920 2)
281 2872 356 2911 Ofr.
380 2872 497 2911 Teuff.
523 2873 607 2911 hist.
630 2873 684 2911 lit.
709 2883 799 2912 rom.
821 2872 854 2921 ἓ.
878 2876 958 2921 245,
981 2877 1014 2912 2.

1733 2657 1825 2736 HQ

1655 2819 1726 2899 A}
1760 2844 1818 2882 fc

1652 2657 1727 2780 ,ff
