1930 3320
987 249 1194 289 -48-

352 337 562 378 erroribus
600 335 709 373 bona
743 346 789 373 ac
820 334 929 373 mala
966 335 1183 387 unicuique
1222 336 1422 387 assignari
1445 338 1475 378 ¹.
1510 354 1526 373 1>
1563 339 1665 378 Hinc
1697 340 1820 391 igitur

357 403 541 453 apparet,
560 398 632 436 etsi
653 397 769 436 stoici
790 397 892 436 nulli
910 398 1094 447 fuissent,
1111 400 1331 452 omniaque
1353 414 1402 440 ex
1423 402 1655 453 astrologiae
1674 403 1818 444 docto-

356 465 467 503 ribus
492 462 620 513 iisque
653 472 705 499 nc
727 461 857 499 Graiis
883 461 1064 512 quidem,
1087 464 1158 502 sed
1183 464 1385 504 Chaldaeis
1413 467 1713 517 assumpsisset,
1736 480 1820 507 non

355 528 445 566 ideo
466 524 674 564 Manilium
696 523 778 563 alia
797 525 973 565 scribere
999 526 1186 566 debuisse
1207 542 1215 565 ε
1244 532 1286 566 at
1306 532 1450 567 contra
1469 530 1609 568 omnia
1628 530 1701 569 illa
1727 543 1819 582 quae

354 589 532 629 maxime
558 588 686 627 stoica
710 587 901 627 videntur
925 601 1025 639 esse,
1045 590 1094 629 de
1119 591 1203 630 Deo
1235 591 1388 630 scilicet
1408 596 1448 631 et
1475 593 1577 641 fato,
1600 594 1742 634 eadem
1770 607 1819 634 ex

355 652 600 703 astrologico
621 656 661 691 et
681 652 857 691 barbaro
878 652 990 691 fonte
1008 653 1185 692 derivari
1201 655 1394 705 potuisse.

406 717 507 764 Quid
539 716 664 766 igitur
692 716 912 754 stoicorum
943 729 1031 756 esse
1057 718 1270 768 proprium
1298 719 1472 758 dixeris?
1493 721 1581 758 Non
1609 721 1693 760 fato
1720 733 1818 760 sane

352 781 584 827 credidisse,
614 779 683 818 sed
713 785 922 831 praecepta
957 780 1007 819 ad
1038 780 1164 819 vitam
1194 781 1580 831 administrandam,
1610 783 1696 823 fato
1729 797 1817 824 cre-

353 847 514 892 dentes,
548 844 734 882 edidisse.
769 843 845 882 Illa
880 844 987 882 enim
1023 844 1150 883 stoica
1188 845 1305 896 quasi
1336 848 1435 884 nota
1472 846 1545 884 sati
1577 846 1819 896 religionem

353 910 501 960 signat,
527 912 745 960 postquam
770 907 863 946 inde
884 907 1044 946 initium
1072 913 1237 959 captum
1268 912 1340 955 est,
1366 913 1410 947 ut
1435 921 1578 948 omnes
1608 909 1819 961 cupidines

353 986 400 1012 ac
423 976 555 1011 metus
585 971 709 1010 homo
730 975 868 1018 exuat,
892 975 1120 1023 cunctaque
1151 976 1266 1010 extra
1292 973 1475 1011 animum
1505 985 1597 1024 quae
1623 973 1752 1012 fatum
1780 978 1820 1013 et

353 1037 470 1076 affert
492 1039 532 1074 et
552 1034 744 1083 detrahit,
767 1034 942 1082 divitias,
980 1035 1167 1086 imperia,
1203 1035 1393 1086 gloriam,
1428 1035 1665 1075 deliciarum
1697 1049 1819 1077 omne

353 1112 479 1151 genus
499 1111 545 1138 ac
561 1099 833 1150 voluptatum,
851 1098 936 1137 sine
954 1111 1092 1137 amore
1115 1098 1279 1146 habeat,
1296 1099 1380 1138 sine
1398 1112 1575 1139 moerore
1596 1100 1816 1152 relinquat,

351 1175 484 1213 neque
515 1174 700 1213 unquam
738 1165 962 1212 sequatur:
998 1166 1123 1212 utque
1157 1175 1321 1201 omnem
1364 1175 1505 1202 curam
1545 1163 1817 1203 informandae

350 1227 460 1265 intra
485 1225 669 1264 animum
695 1224 839 1264 virtuti
865 1225 1150 1276 erigendaeque
1172 1226 1382 1276 sapientiae
1409 1230 1520 1265 recto
1547 1227 1716 1266 rationis
1744 1240 1818 1267 usu

350 1290 584 1328 transferat.
613 1289 708 1327 Haec
728 1287 799 1326 illa
825 1285 1261 1327 stoicorum'doctrina
1287 1289 1375 1337 fati,
1397 1302 1488 1340 quae
1518 1289 1602 1328 sato
1633 1291 1821 1330 concedit

350 1353 535 1391 omnium
547 1356 664 1390 extra
676 1351 858 1389 animum
876 1363 1014 1389 rerum
1030 1351 1259 1402 arbitrium,
1274 1353 1413 1403 utjam
1431 1352 1644 1402 expeditus
1657 1353 1819 1392 animus

350 1417 538 1466 curisque
560 1427 712 1453 vacuus
738 1414 881 1465 suique
908 1418 994 1452 tum
1021 1415 1199 1453 maxime
1227 1419 1373 1466 potens
1400 1415 1588 1454 liberiore
1616 1416 1748 1466 gradu
1768 1417 1821 1456 ad

349 1482 478 1519 Deum
499 1478 680 1518 accedat.
702 1477 779 1517 Ubi
799 1478 923 1528 igitur
943 1478 999 1517 ita
1017 1480 1146 1518 fatum
1165 1478 1421 1530 intelligitur,
1439 1478 1494 1518 ibi
1514 1479 1686 1519 stoicum
1707 1479 1822 1532 loqui

350 1544 483 1582 dices:
503 1543 559 1581 ibi
589 1554 684 1580 vero
711 1554 794 1580 non
820 1542 934 1589 item,
957 1541 1028 1580 ubi
1055 1542 1185 1580 fatum
1211 1542 1313 1580 nihil
1337 1542 1448 1581 aliud
1476 1555 1598 1594 quam
1626 1543 1820 1583 mortales

351 1611 510 1658 premet
531 1611 571 1645 et
590 1605 745 1644 illudet.

403 1670 621 1720 Continuo,
644 1670 712 1720 qui
734 1668 920 1707 Manilius
940 1681 1030 1707 eam
1051 1668 1125 1707 fati
1145 1669 1224 1708 vim
1247 1669 1415 1720 pandit?
1429 1669 1544 1715 Quod
1564 1681 1661 1708 sane
1683 1670 1819 1709 stoicis

349 1734 448 1774 satis
477 1733 728 1773 contrarium
759 1737 832 1780 est,
865 1744 999 1771 mores
1031 1736 1070 1771 et
1099 1732 1199 1771 vitia
1232 1736 1479 1779 creatorum,
1515 1737 1558 1771 ut
1590 1734 1815 1782 fortunam,

345 1798 467 1837 astris
489 1797 668 1848 regenda
689 1796 813 1835 tradit
839 1799 878 1834 et
902 1796 996 1834 fatis
1015 1796 1043 1835 1.
1074 1796 1298 1847 Postquam
1327 1808 1423 1834 vero
1453 1808 1543 1835 eam
1572 1797 1818 1836 sententiam

343 1862 587 1909 declaravit,
610 1860 711 1899 nihil
739 1860 1063 1899 dominationem
1090 1859 1267 1898 siderum
1295 1859 1462 1898 fatalem
1486 1859 1657 1899 evadere
1682 1872 1815 1911 posse,

347 1926 526 1977 plurima
544 1938 594 1964 ex
622 1923 804 1963 historiis
830 1923 1022 1962 omnibus
1047 1923 1239 1974 exempla
1268 1923 1439 1972 confert,
1468 1936 1560 1975 quae
1593 1923 1676 1963 vim
1705 1923 1816 1964 illam

345 2002 498 2029 caecam
519 1993 558 2028 et
577 1987 881 2027 formidandam
902 1987 1036 2026 vivide
1054 1986 1239 2038 pandant
1255 2001 1262 2025 :
1686 1999 1690 2002 ·

388 2078 415 2107 1.
437 2075 523 2107 Phil.
544 2075 636 2110 Jud..
649 2074 690 2106 de
708 2075 807 2115 Miyr.
827 2073 922 2112 Abr„
939 2074 987 2110 32,
1010 2083 1065 2112 ap.
1081 2074 1304 2113 Lenormant,
1319 2073 1353 2104 la
1370 2074 1569 2105 Divination
1585 2075 1617 2104 et
1631 2073 1664 2105 la
1679 2073 1816 2105 Science

346 2123 401 2153 des
420 2125 580 2163 presaqes
602 2121 678 2152 elzez
704 2119 748 2151 les
771 2119 965 2155 Chaldaeus,
989 2129 1023 2160 p.
1045 2120 1076 2150 3.
1098 2137 1136 2142 —
1154 2120 1365 2150 Lcnormant
1385 2119 1538 2150 Philonis
1556 2119 1670 2151 Judoei
1697 2120 1814 2151 locum

347 2170 394 2201 ita
420 2168 542 2207 gallice
565 2167 671 2199 vertit
693 2177 701 2197 ε
728 2179 743 2195 «
766 2167 829 2198 Les
856 2166 1064 2204 Chaldeens,
1085 2165 1137 2197 dit
1161 2165 1192 2196 le
1215 2165 1324 2204 grand
1351 2165 1560 2204 philosophe
1581 2165 1652 2206 juir
1676 2165 1814 2205 Philon,

346 2215 540 2254 paraissent
558 2214 654 2245 avoir
674 2213 912 2253 perfectionne
933 2213 1010 2243 l'art
1029 2211 1264 2252 astrologique
1282 2213 1316 2242 et
1335 2211 1583 2251 genethliaque
1608 2213 1714 2242 avant
1735 2213 1815 2243 tous

344 2262 395 2291 les
420 2263 536 2291 autres
567 2260 723 2300 peuples.
750 2259 803 2290 En
833 2259 1031 2290 rattachant
1058 2257 1108 2288 les
1135 2258 1258 2288 choses
1284 2259 1468 2288 terrestres
1495 2265 1564 2288 aux
1586 2257 1711 2288 choses
1735 2257 1815 2289 d'en

344 2306 440 2343 haut,
465 2308 499 2336 et
518 2306 549 2336 le
573 2305 637 2336 ciel
661 2314 703 2335 au
729 2304 857 2335 monde
880 2303 1058 2343 inferieur‚
1082 2302 1124 2334 ils
1143 2304 1206 2333 ont
1229 2302 1367 2333 montre
1395 2302 1481 2333 dans
1503 2303 1592 2333 cette
1616 2302 1815 2342 sympathia

345 2352 513 2382 mutuelle
531 2351 593 2382 des
613 2351 741 2391 parties
763 2350 806 2381 de
826 2350 1003 2388 l'univers,
1021 2349 1183 2388 separees
1202 2350 1313 2388 quant
1335 2357 1405 2379 aux
1425 2348 1531 2387 lieux,
1551 2348 1638 2379 mais
1659 2357 1728 2380 non
1750 2357 1813 2388 pas

346 2406 388 2428 en
407 2396 652 2431 elles-memes,
675 2395 881 2426 l'harmonie
898 2394 959 2434 qui
980 2394 1029 2424 les
1045 2394 1123 2424 unit
1138 2402 1200 2434 par
1214 2402 1282 2424 une
1300 2396 1394 2424 sorte
1412 2393 1571 2424 d'accord
1596 2393 1754 2425 musical.
1770 2394 1813 2426 lls

345 2446 407 2474 ont
425 2442 624 2482 conjecture
642 2451 710 2482 que
730 2441 761 2472 le
782 2441 923 2478 monde,
940 2440 999 2480 qui
1021 2440 1140 2471 toinbe
1157 2448 1238 2471 sous
1257 2439 1307 2471 les
1325 2449 1417 2479 senS,
1434 2443 1487 2471 est
1504 2439 1601 2478 Dieu,
1617 2449 1660 2471 ou
1683 2449 1726 2472 en
1749 2441 1815 2476 soi,

346 2498 390 2520 ou
416 2491 493 2519 tout
518 2497 563 2519 au
586 2488 700 2519 moins
726 2495 789 2527 par
813 2487 912 2518 l’ame
939 2485 1146 2517 universellc
1173 2486 1233 2526 qui
1263 2486 1294 2517 le
1317 2486 1445 2524 vivisse‚
1477 2488 1511 2517 et
1535 2495 1577 2517 en
1607 2489 1815 2519 consacrant

345 2537 434 2566 cette
460 2534 538 2566 ame
561 2543 643 2566 sous
667 2534 698 2565 le
727 2542 807 2564 nom
836 2533 879 2564 dc
902 2532 1061 2563 destinee
1083 2541 1127 2563 ou
1154 2532 1197 2563 de
1222 2532 1408 2571 necessita,
1431 2531 1473 2563 ils
1498 2534 1560 2564 ont
1585 2532 1677 2564 ssetri
1702 2532 1735 2564 la
1758 2533 1815 2564 vie

345 2581 510 2612 humaine
535 2581 616 2612 d’un
642 2580 810 2611 veritable
830 2579 1012 2618 atheisme‚
1033 2587 1093 2610 car
1111 2578 1153 2609 ils
1175 2580 1237 2609 ont
1263 2578 1379 2609 donne
1399 2580 1418 2609 a
1438 2578 1551 2610 croire
1570 2587 1638 2619 que
1656 2578 1707 2610 les
1727 2579 1813 2618 phe-

339 2629 512 2659 nomenes
539 2627 635 2658 n’ont
659 2635 721 2667 pas
747 2626 881 2657 d’autre
905 2634 1010 2657 cause
1036 2633 1104 2664 que
1127 2633 1166 2655 ce
1189 2624 1249 2664 qui
1275 2627 1328 2655 est
1352 2625 1488 2664 visible‚
1515 2627 1550 2656 et
1575 2633 1642 2665 que
1662 2624 1746 2656 c’est
1765 2624 1814 2656 du

345 2673 456 2713 soleil,
477 2673 520 2704 de
541 2673 573 2704 la
592 2674 685 2714 lune,
707 2675 741 2704 et
761 2672 806 2703 du
828 2681 930 2704 cours
951 2671 1012 2703 des
1035 2671 1157 2702 etoiles
1178 2679 1246 2710 que
1267 2670 1467 2710 dependent
1486 2671 1518 2702 le
1539 2671 1620 2703 bien
1638 2674 1673 2703 et
1691 2670 1724 2703 le
1743 2671 1812 2703 mal

344 2719 387 2750 de
407 2719 553 2751 chacun.
574 2731 590 2748 n

383 2766 413 2796 2.
436 2765 587 2806 Astron„
608 2765 663 2805 IV,
686 2765 735 2797 18.
