1936 3392
800 301 853 346 67

111 455 320 511 σημείων,
371 467 504 508 neque
557 451 658 493 haec
705 450 938 507 praecessio
989 454 1076 491 tam
1125 448 1275 503 exigua
1324 452 1454 499 esset,
1505 450 1553 488 ut

109 533 272 590 neglegi
305 535 466 588 posset,
501 544 597 572 cum
629 529 727 571 inde
761 527 811 570 ab
845 527 1022 570 Eudoxo
1056 525 1108 568 ad
1144 525 1368 568 Manilium
1392 526 1474 567 iam
1500 525 1551 566 5⁰

107 615 330 669 superaret.
399 609 559 663 Quodsi
607 609 740 665 igitur
788 607 993 651 Manilius
1042 607 1131 664 ipse
1165 610 1354 648 accurate
1387 605 1548 647 caelum

107 689 381 738 observasset,
416 687 503 729 fieri
536 701 619 728 non
653 685 884 742 potuisset,
921 685 1027 740 quin
1059 683 1224 726 Eudoxi
1253 683 1548 740 descriptiones

107 782 182 810 suo
205 770 391 823 tempore
410 756 495 807 non
519 763 696 821 amplius
719 767 931 806 accuratas
950 777 1036 805 esse
1057 761 1413 804 animadverteret.
1454 759 1546 812 Sic,

107 852 161 890 ut
188 860 319 889 unum
351 849 515 887 tantum
539 844 711 886 referam
723 876 735 896 ‚
761 843 865 885 scire
887 846 1079 900 potuerat
1102 846 1144 884 et
1167 840 1365 883 debuerat
1387 840 1547 883 coluros

104 907 209 983 >quos
257 923 452 968 describit
477 938 559 966 vs,
605 924 850 965 609-630
887 937 976 964 non
1008 937 1094 963 esse
1133 936 1201 963 eos
1234 921 1440 972 circulos,
1476 921 1548 977 qui

108 1005 291 1062 Augusti
322 1009 506 1061 tempore
539 1003 642 1045 alter
673 1001 855 1045 solstitia
876 1005 918 1044 et
942 1001 1082 1057 polos,
1108 1000 1212 1043 alter
1233 1005 1390 1058 puncta
1412 1000 1550 1055 aequi-

108 1084 305 1128 noctialia
336 1098 432 1127 cum
465 1083 572 1140 polis
606 1081 928 1138 coniungebant.

160 1163 216 1206 ·Si
248 1166 387 1206 autem
421 1162 515 1218 quis
545 1163 656 1205 dicat
678 1161 756 1204 hoc
778 1160 956 1204 Manilio
979 1160 1297 1203 condonandum
1319 1175 1406 1202 esse
1418 1192 1430 1212 ‚
1454 1175 1548 1202 cum

108 1242 294 1300 plerique
342 1241 567 1284 astronomi
615 1241 704 1283 eius
754 1240 901 1282 aetatis
951 1240 1274 1295 praecessionem
1323 1239 1436 1282 illam
1476 1244 1549 1282 aut

107 1321 349 1378 negaverint
382 1325 454 1364 aut
485 1320 651 1363 silentio
685 1320 1003 1376 praeterierint,
1038 1319 1116 1362 hoc
1148 1319 1191 1361 id
1214 1323 1379 1361 tantum
1403 1317 1549 1376 probat

109 1411 261 1458 paucos
308 1405 399 1443 tum
448 1400 720 1442 astronomiae
770 1398 923 1455 peritos
971 1398 1098 1440 fuisse
1116 1432 1129 1451 ,
1163 1398 1234 1441 sed
1267 1399 1398 1455 magis
1431 1399 1547 1455 vulgi

111 1484 184 1523 aut
241 1479 578 1537 philosophorum
627 1477 895 1535 opinionibus
944 1477 1145 1520 addictos.
1212 1477 1426 1521 Credimus
1475 1494 1549 1521 nos

110 1575 194 1603 non
235 1559 359 1602 nimis
403 1573 488 1601 esse
522 1573 681 1619 severos
714 1558 749 1599 si
782 1558 992 1614 poscimus
1024 1573 1141 1610 eum,
1178 1559 1251 1613 qui
1284 1558 1334 1600 de
1368 1563 1550 1601 astrono-

110 1639 215 1682 miae
264 1637 482 1694 disciplina
529 1636 704 1688 scribat,
755 1651 840 1679 non
888 1652 935 1678 ea
984 1638 1161 1693 proferre
1211 1652 1317 1692 quae
1358 1653 1381 1680 a
1414 1638 1549 1694 primo

110 1726 276 1773 quoque
308 1717 440 1774 perito
472 1715 604 1758 refelli
634 1716 819 1772 possint,
855 1716 967 1770 quod
999 1719 1139 1758 tamen
1173 1716 1372 1759 Manilius
1395 1718 1506 1760 fecit.
1521 1719 1547 1773 ¹)

173 1798 232 1839 At
261 1795 456 1838 nolumus
489 1794 610 1852 plura
642 1809 882 1837 enumerare
894 1794 914 1847 ,'
933 1796 1121 1850 quamvis
1143 1795 1263 1838 facile
1281 1797 1546 1854 possimus²):

156 1956 181 1996 ι)
228 1957 402 1996 Phineus,
438 1965 509 1988 cum
545 1957 628 1988 alios
663 1957 832 1996 vituperet
866 1966 934 1988 eam
960 1958 1190 1995 neglegentes,
1217 1959 1287 1997 ipse
1310 1961 1548 1998 praecessionis

111 2020 272 2051 rationem
307 2028 370 2051 uon
407 2019 518 2050 habet.
569 2018 755 2057 „Canopus‚
791 2019 859 2055 ait,
885 2020 1022 2058 pouvoit
1047 2020 1134 2051 alors
1157 2021 1293 2051 s'elever
1317 2023 1484 2053 au-dessus
1509 2024 1548 2053 de

111 2081 266 2112 l'horizon
303 2081 342 2111 de
379 2080 519 2117 Cadix‚''
545 2081 602 2111 sed
627 2080 816 2111 vocabulum
843 2081 930 2110 aloru
954 2082 1103 2120 pertinet
1127 2083 1167 2112 ad
1192 2084 1426 2121 praecedentia
1451 2085 1548 2114 verba

113 2143 174 2180 „du
200 2144 283 2173 tems
307 2143 346 2173 de
371 2142 523 2172 Manilius
548 2143 583 2173 et
607 2142 792 2173 d’Eudoxe''
819 2151 1010 2180 quamquam
1036 2144 1124 2175 iuter
1147 2145 1207 2175 lios
1231 2146 1311 2176 duos
1335 2147 1477 2184 spatium
1497 2148 1547 2176 est

111 2211 213 2243 paene
237 2203 548 2242 quadringentorum
573 2203 740 2234 annorum.

153 2263 181 2305 2)
228 2266 333 2296 Multa.
355 2266 500 2303 Scaliger
524 2265 776 2302 animadvertit,
802 2274 886 2303 quae
911 2268 1021 2297 tamen
1045 2275 1143 2306 saepe
1168 2269 1226 2298 aut
1250 2268 1361 2299 futilia
1386 2271 1474 2306 sunt,
1492 2272 1547 2300 aut

77 2314 81 2318 .
111 2327 215 2368 ipsius
237 2328 407 2359 levitatem
433 2327 598 2358 accusant.
646 2327 692 2357 Ab
719 2327 840 2358 Huetio
867 2328 902 2358 et
921 2327 1060 2365 Pingreo
1079 2329 1163 2359 satis
1181 2331 1231 2359 est
1248 2330 1455 2368 perstrictus.
1487 2331 1550 2361 Hic

112 2390 221 2420 tamen
244 2389 408 2419 interdum
433 2388 530 2419 nimis
555 2389 607 2419 est
629 2389 806 2419 benevolus
822 2389 856 2419 111
874 2389 1055 2420 Manilium.
1081 2391 1133 2420 Vs.
1151 2391 1215 2422 216
1232 2392 1332 2430 poeta
1351 2394 1547 2430 „nusquam”

111 2451 161 2482 ait
202 2450 369 2488 „invenies
405 2449 529 2488 fulgere
566 2449 728 2488 Canopum
753 2449 855 2481 donec
879 2451 1025 2482 Niliacos
1049 2461 1107 2491 per
1130 2456 1265 2491 pontum
1290 2455 1419 2484 veneris
1443 2456 1549 2491 oras'',

113 2513 197 2552 quod
218 2513 351 2543 minime
375 2514 427 2543 est
450 2520 570 2542 verum.
617 2512 692 2550 Ipse
719 2512 869 2543 Eudoxus
894 2511 989 2543 Cuidi
1014 2513 1175 2545 Canobum
1202 2516 1392 2546 observasse
1410 2516 1549 2552 dicitur,

112 2569 263 2600 Strabon.
281 2569 312 2599 11
336 2577 408 2607 pag.
426 2568 487 2599 160
507 2566 600 2607 (edit.
617 2567 771 2606 Meinek.)
797 2558 1002 2600 ἐντεῦθεν
1023 2559 1083 2614 (ἐκ
1103 2564 1177 2613 τῆς
1195 2563 1371 2618 σκοπῆς)
1384 2559 1547 2610 ἐκεῖνος

113 2617 338 2678 (Εὔδοξος)
370 2619 546 2676 ἀφεώρα
578 2619 654 2661 τὸν
685 2621 904 2677 Κάνωβον
929 2619 1102 2678 οἷσι-ἐρα.
1154 2636 1235 2665 1ten1
1255 2635 1379 2665 Plinius
1399 2636 1446 2671 11,
1468 2637 1548 2671 178.

113 2691 303 2721 quamquam
338 2683 496 2722 temporis
530 2682 692 2713 rationem
717 2692 781 2714 non
805 2684 926 2722 habet,
957 2684 1120 2724 Canopum
1146 2696 1164 2717 a
1188 2687 1302 2718 Rhodo
1328 2689 1449 2718 terram
1475 2698 1548 2726 quo-

113 2743 280 2775 dammodo
315 2744 416 2783 ipsam
453 2744 617 2782 stringere
653 2743 748 2775 dicit.
796 2745 830 2776 Si
867 2747 975 2777 autem
1005 2748 1129 2778 Eudoxi
1154 2749 1312 2787 temporis
1337 2750 1406 2780 fere
1430 2751 1494 2780 350
1520 2759 1548 2780 a.

114 2805 188 2836 Chr.
222 2805 328 2835 Rhodi
365 2805 468 2836 videri
504 2806 634 2844 potuit,
670 2806 797 2837 Manilii
831 2809 943 2839 aetate
968 2819 986 2839 a
1011 2810 1165 2847 gentibus
1190 2811 1285 2848 louge
1310 2811 1548 2841 borealioribus

115 2866 257 2904 conspici
282 2866 413 2904 potuit,
438 2866 471 2896 in
497 2867 628 2897 Siciliae
653 2868 749 2905 parte
772 2868 979 2900 Meridionali
997 2893 1004 2906 ‚
1030 2880 1101 2901 nani
1120 2871 1290 2908 longitudo
1309 2872 1378 2902 eius
1395 2874 1462 2902 tum
1482 2874 1548 2902 fere

114 2923 150 2957 5⁰
185 2927 375 2965 praecessit.
394 2938 401 2955 ;
420 2927 540 2964 Cnidus
575 2914 652 2959 sita·
670 2930 725 2961 ,est
749 2927 806 2963 36⁰
831 2931 888 2963 40!
912 2932 980 2962 fere
1006 2932 1038 2961 L.
1064 2933 1117 2967 B..
1143 2933 1273 2963 Sicilia-e
1298 2942 1375 2973 pars
1400 2933 1548 2965 meridio-

114 2989 198 3019 nalis
222 2988 290 3018 fere
315 2986 385 3018 37⁰.
