1936 3392
800 310 987 350 -3-

193 398 237 438 G.
250 398 488 445 LACRMANN,
503 395 563 436 De
577 403 697 436 aetate
711 397 882 439 Manilii
892 398 950 452 (K
952 399 1099 440 leinere
1114 398 1342 451 Schriften,
1355 397 1508 446 Berlin,
1523 399 1646 447 1872,

141 466 172 504 t.
195 463 248 511 11,
271 476 312 515 p.
334 460 496 514 42-45).

195 528 242 568 Ο.
258 528 428 575 ὓΒυΡΡΕ,
440 527 481 566 Z
483 540 547 567 um
563 535 842 579 soqenannten
857 528 1049 569 Manilius
1066 528 1263 582 (Hermes,
1277 529 1345 576 XI,
1365 530 1481 577 1876,
1497 542 1538 581 p.
1555 531 1653 569 235·

140 593 250 645 239).
270 615 323 620 —
344 591 405 631 Cf.
425 591 562 632 Revue
581 592 648 632 des
672 592 836 643 Revues,
854 595 995 646 juillet
1018 597 1133 634 1879.

191 657 239 699 B.
261 659 428 705 FREIER,
456 657 518 696 De
550 657 607 697 M.
636 657 805 698 Manilii
830 673 918 713 qaae
949 661 1146 713 feruntur
1177 659 1487 699 Astronomicon
1514 666 1647 700 aetate.

140 722 371 774 Gottingae,
397 723 515 764 1880.

194 789 269 828 An.
284 789 463 838 CRAMER,
478 787 538 828 De
549 788 713 828 Manilii
728 790 798 843 qui
814 790 966 830 dicitur
979 790 1212 839 elocutione,
1229 789 1648 842 Argentorati,1882.

192 853 396 905 Denique,
422 854 667 906 priusquam
693 856 972 908 proaemiandi
996 856 1120 895 finem
1143 855 1311 904 faciam,
1335 867 1466 894 unum
1495 855 1646 894 admo·

140 919 251 958 nitos
288 918 401 967 volo,
439 920 677 972 quicunque
711 921 961 973 opuseulum
998 921 1078 961 hoc
1114 921 1308 960 evolverit
1343 931 1352 959 :
1383 920 1582 970 cogitent,
1615 919 1650 959 si

141 983 311 1037 quando
338 996 423 1023 non
451 984 682 1024 clarissima
706 985 778 1025 lux
798 986 985 1026 veritatis
1013 999 1064 1026 ex
1085 986 1135 1025 iis
1163 999 1257 1039 quae
1286 986 1498 1038 proferam
1521 997 1652 1036 argu-

141 1049 296 1089 mentis
326 1061 546 1102 erumpere
575 1050 800 1100 videbssur,
826 1064 907 1100 me,
939 1052 982 1090 in
1016 1051 1064 1091 iis
1094 1064 1187 1104 quae
1221 1051 1271 1091 de
1305 1050 1461 1090 Manilii
1490 1051 1576 1089 vita
1609 1055 1653 1089 et

143 1118 266 1154 aetate
288 1113 422 1166 deque
451 1114 542 1167 ejus
577 1115 872 1169 philosophica
902 1116 1123 1170 disciplina
1157 1117 1293 1167 trado,
1316 1116 1580 1169 propositum
1607 1115 1652 1154 id

141 1178 313 1230 habere,
342 1192 427 1219 non
450 1183 498 1219 ut
523 1181 756 1221 certissima
786 1186 826 1222 et
852 1182 1133 1222 indubitanda
1155 1182 1391 1234 expediam,
1412 1181 1483 1221 sed
1511 1181 1654 1232 potius

142 1247 189 1284 ut
211 1257 274 1292 ea,
299 1258 392 1297 quae
423 1245 546 1285 nimis
571 1246 842 1297 indulgenter
867 1260 944 1300 pro
972 1248 1096 1288 certis
1124 1251 1297 1299 accepta
1323 1251 1433 1295 sunt,
1457 1247 1501 1285 in
1527 1245 1655 1285 dubi-

143 1309 346 1350 tationem
380 1323 587 1350 revocem.
613 1312 714 1351 Mihi
746 1313 874 1364 igitur
906 1313 1005 1352 satis
1038 1313 1129 1361 erit,
1160 1314 1195 1351 si
1222 1313 1328 1364 quis,
1351 1312 1538 1364 perlecto
1571 1311 1654 1350 hoe

145 1375 363 1427 opusculo,
389 1388 478 1415 non
508 1377 646 1416 minus
678 1378 917 1430 probabilia
943 1382 984 1417 et
1011 1378 1221 1418 interdum
1248 1377 1538 1429 probabiliora
1564 1389 1657 1416 esse

146 1439 443 1487 arbitrabitur,
482 1453 575 1492 quae
615 1446 763 1482 contra
801 1443 995 1494 vulgatas
1034 1443 1254 1495 opiniones
1293 1441 1486 1489 obtineo,
1524 1453 1654 1493 quam

147 1517 241 1557 quae
274 1516 350 1556 pro
384 1504 464 1544 illis
499 1505 674 1557 allegari
707 1507 858 1548 solent.
895 1509 1078 1548 Tantum
1110 1508 1221 1547 enim
1255 1507 1444 1559 requiro;
1475 1517 1658 1557 eamque

148 1582 236 1610 esse
258 1570 478 1609 materiam
500 1571 626 1622 hujus
649 1572 964 1626 disceptationis
987 1573 1203 1627 profiteor,
1226 1573 1269 1612 in
1290 1585 1374 1625 qua
1399 1571 1658 1623 paucissima

148 1634 402 1675 affirmanda
423 1635 520 1688 sint,
543 1637 594 1676 de
615 1637 808 1690 plurimis
828 1639 1075 1679 dubitanda.
