1936 3392
965 338 1171 378 —22—

329 437 467 465 rerum
492 424 544 463 ab
563 425 746 474 Augusto
763 427 971 474 gestarum
995 426 1344 466 enumerationem
1369 427 1410 466 in
1430 427 1635 466 Tiberium
1657 428 1791 468 subito

330 488 515 527 desinere
545 499 664 538 posse
695 487 935 526 credamus?
964 489 1088 540 Atqui
1120 490 1153 528 si
1178 490 1362 529 Tiberius
1394 491 1643 540 nominetur,
1670 491 1712 530 in
1743 503 1792 531 eo

328 551 583 597 haereamus,
614 550 950 601 inquiramusque
987 553 1194 602 quomodo
1234 554 1274 592 id
1309 554 1396 593 fieri
1435 555 1615 605 potuerit
1655 566 1665 594 ε
1699 567 1791 594 cum

329 618 465 652 autem
492 613 542 652 de
567 612 638 652 illo
665 613 818 652 mentio
845 614 959 653 nulla
983 615 1091 654 facta
1119 616 1184 664 sit,
1203 629 1253 655 ne
1278 617 1360 655 vim
1386 617 1583 656 faciamus
1609 618 1792 658 versibus

328 676 557 715 Manilianis
576 689 677 716 neve
697 677 904 716 Tiberium
924 677 1095 717 moleste
1115 679 1252 718 invitis
1270 679 1541 720 intrudamus.

380 741 432 778 At
467 743 591 791 negat
621 740 758 780 Freier
775 742 787 763 1
815 744 908 792 post
935 742 1032 781 Vari
1057 742 1215 781 cladem
1240 744 1469 794 Augustum
1498 745 1687 783 invictum
1712 744 1792 783 dici

326 803 539 854 potuisse?
567 803 639 842 Cui
667 816 763 843 vero
800 817 883 843 non
916 805 1028 843 venit
1061 805 1102 843 in
1129 810 1327 854 mentem,
1356 807 1508 846 nemini
1540 811 1627 846 tum
1658 808 1790 846 visum

326 867 449 906 fuisse
480 867 615 918 ipsum
642 867 747 906 vinci
774 868 1030 918 Augustum?
1050 869 1210 907 Etenim
1236 869 1269 908 si
1291 881 1365 921 per
1383 870 1540 920 legatos
1568 871 1793 921 imperator

325 930 626 981 triumphabat,
648 943 730 969 non
759 943 855 969 sane
877 931 927 970 ad
954 932 1245 983 imperatorem
1268 933 1403 972 clades
1428 932 1729 981 referebantur;
1753 937 1792 972 et

326 1005 390 1032 res
423 993 474 1032 ab
508 994 690 1043 Augusto
723 998 857 1044 gestas
893 995 1263 1044 considerantibus,
1304 996 1418 1035 triste
1455 1008 1552 1035 sane
1585 995 1792 1046 legionum

327 1057 597 1095 Varianarum
635 1057 803 1095 exitium
842 1058 1046 1097 videbitur
1081 1071 1179 1105 esse,
1208 1071 1291 1098 non
1329 1059 1369 1097 id
1404 1062 1558 1107 tamen,
1593 1059 1701 1110 quod
1732 1062 1794 1099 tot

327 1119 518 1158 victorias
536 1131 582 1158 ac
599 1120 832 1172 triumphos
851 1121 1053 1161 obliteret.
1067 1123 1347 1173 Praeterquam
1367 1123 1477 1174 quod
1497 1122 1588 1174 quis
1604 1122 1789 1173 miretur,

326 1182 487 1221 etiamsi
520 1183 606 1234 ipse
639 1184 829 1235 princeps
861 1184 1042 1234 legiones
1073 1185 1200 1224 victas
1232 1185 1407 1233 duxerit,
1439 1197 1532 1225 eum
1570 1189 1709 1225 tamen
1740 1184 1791 1224 ab

325 1245 607 1285 adulatoribus
627 1246 823 1285 invictum
845 1247 987 1286 haberi
1000 1249 1019 1286 ‘f

376 1310 422 1347 In
443 1309 589 1348 ultimo
610 1321 707 1348 vero
727 1322 846 1349 versu
869 1322 1010 1349 omnes
1030 1311 1322 1350 laboraverunt
1344 1324 1353 1351 ε

513 1432 680 1477 Cumque
700 1432 822 1467 Deum
843 1432 933 1467 caelo
953 1432 1113 1477 dederit,
1133 1443 1209 1468 non
1229 1434 1372 1479 quaerat
1390 1431 1429 1467 in
1448 1432 1550 1468 orbe.

328 1546 457 1592 Quem
476 1546 535 1585 ita
561 1547 717 1598 accepit
742 1547 997 1599 Lachmann,
1019 1552 1065 1587 ut
1087 1560 1180 1587 eum
1206 1546 1281 1586 sub
1308 1547 1469 1586 Tiberio
1490 1547 1688 1598 scriptum
1708 1558 1795 1586 esse

328 1613 547 1660 appareret
580 1621 589 1650 ε
626 1623 723 1650 nam
755 1611 954 1650 Caesarem
982 1611 1144 1663 jamdiu
1173 1615 1383 1650 mortuum
1409 1623 1485 1650 nec
1511 1611 1599 1662 jam
1628 1610 1680 1649 ab
1709 1610 1794 1649 ullo

328 1673 548 1723 quaesitum
585 1673 704 1722 dixit,
742 1675 972 1724 Augustum
1008 1675 1135 1724 igitur
1174 1675 1259 1713 fato
1297 1686 1429 1725 nuper
1464 1674 1649 1712 functum
1687 1673 1794 1712 desi-

328 1735 446 1786 gnari
469 1735 498 1775 ².
527 1737 658 1782 Quam
690 1737 793 1776 adeo
825 1749 909 1776 non
941 1737 1203 1776 verisimilem
1231 1737 1612 1787 interpretationem
1645 1739 1684 1775 et
1709 1736 1795 1788 ipse

328 1803 551 1851 perpetuus
571 1800 694 1851 hujus
719 1800 795 1839 viri
821 1800 1048 1840 admirator
1073 1801 1211 1840 Freier
1230 1800 1444 1852 judicavit,
1470 1803 1516 1838 ut
1539 1799 1794 1851 ingeniosum

328 1875 491 1902 sensum
512 1868 701 1903 excutere
721 1864 956 1904 tentaverit.
978 1866 1082 1903 Nam
1101 1877 1184 1903 non
1204 1865 1433 1915 Augustum
1454 1863 1569 1901 innui
1589 1862 1797 1914 professus

329 1930 403 1974 est,
426 1926 496 1965 sed
518 1927 720 1978 optavisse
747 1931 912 1979 poetam
938 1931 985 1966 ut
1009 1927 1155 1978 aliquis
1180 1931 1299 1978 pater
1326 1926 1470 1977 patriae
1495 1937 1658 1977 semper
1677 1925 1796 1964 exsis-

329 1992 450 2040 teret,-
468 2002 569 2029 neve
588 1991 719 2029 Roma
735 1991 1012 2042 principatum
1033 1993 1234 2029 everteret
1251 1989 1566 2040 libertatemque
1583 1988 1796 2040 antiquam

328 2057 551 2104 repeteret;
580 2057 621 2092 et
649 2054 719 2092 ubi
751 2054 841 2105 quis
869 2054 1059 2105 princeps
1086 2057 1218 2092 morte
1245 2053 1361 2092 divus
1391 2053 1435 2091 in
1463 2051 1609 2091 caelum
1636 2050 1797 2091 conces-

329 2115 462 2163 sisset,
484 2116 678 2156 continuo
710 2116 829 2155 heres
861 2116 1010 2168 aliquis
1038 2117 1136 2156 item
1169 2116 1286 2156 divus
1313 2119 1444 2155 morte
1476 2115 1638 2155 futurus
1661 2125 1795 2154 succe·

330 2179 446 2219 deret
463 2181 495 2228 ³,
515 2179 731 2230 virgiliani
749 2180 941 2220 carminis
961 2181 1083 2220 modo
1107 2193 1116 2219 :

635 2316 704 2326 .....
710 2301 783 2326 uno
804 2291 932 2326 avulso
953 2301 1029 2326 non
1055 2288 1180 2325 deficit
1199 2287 1290 2324 alter

508 2341 676 2376 Aureus.

335 2449 452 2496 Quod
476 2453 614 2490 utrum
636 2453 916 2492 acutissimum
940 2465 993 2492 an
1012 2452 1312 2504 ineptissimum
1335 2450 1387 2489 sit
1407 2449 1696 2501 reputandum,
1715 2459 1798 2488 non

333 2525 541 2564 quaeram3
581 2521 689 2555 certe
727 2528 873 2567 parum
911 2515 1129 2555 verisimile
1168 2518 1241 2554 est.
1280 2514 1395 2553 Unde
1433 2514 1542 2552 enlm
1559 2514 1670 2565 [post
1706 2523 1798 2551 eam

331 2587 469 2616 rerum
489 2578 662 2629 Augusti
683 2579 1118 2619 commemorationem
1138 2579 1216 2618 ista
1231 2578 1273 2616 in
1292 2577 1527 2616 universum
1545 2575 1798 2628 principatus

333 2638 552 2681 laudatio?
590 2642 742 2689 Quodsi
779 2655 870 2683 eam
914 2642 1090 2684 civitatis
1129 2643 1306 2682 formam
1343 2645 1467 2693 poeta
1509 2639 1798 2680 commendare

373 2747 405 2778 1.
425 2747 555 2786 Freier‚
576 2755 629 2787 op.
651 2747 687 2784 l.,
708 2756 743 2788 p.
764 2748 815 2779 22.

374 2793 405 2824 2.
423 2793 634 2830 Lachmann,
657 2793 680 2825 l.
702 2794 723 2825 l.

376 2839 408 2872 3.
426 2839 557 2880 Freier,
577 2849 630 2880 op.
652 2838 688 2876 l.‚
707 2848 742 2880 p.
763 2840 866 2871 23-24.
