1910 3250
909 287 1183 326 ,46-

325 419 437 456 quam
472 420 495 445 a
528 419 621 445 cura
654 406 924 455 praestantior
958 405 1183 444 haberetur.
1237 405 1425 445 Sermone
1454 407 1607 446 Graeco
1636 420 1767 457 quam·

324 487 438 522 quam
471 475 570 511 alias
599 475 806 523 promptus
833 478 873 510 et
896 473 1035 521 facilis,
1074 485 1153 511 non
1179 476 1311 512 tamen
1339 487 1461 523 usque
1491 487 1644 524 quaque
1673 488 1766 514 usus

323 546 393 578 est.
445 541 746 588 Abstinuitque,
782 544 826 576 ut
851 540 963 588 prius
992 568 1000 576 .
1030 569 1038 576 .
1069 569 1077 577 .
1112 541 1298 578 veniam
1324 542 1623 590 postularit,
1661 543 1768 591 quod

322 608 398 645 sibi
440 608 586 645 verbo
621 607 887 656 peregrino
922 607 1111 645 utendum
1143 611 1247 646 esset
1280 611 1399 656 atque
1434 610 1634 648 censuerit
1666 637 1675 648 .
1712 640 1721 649 .
1759 639 1767 648 .

320 687 393 724 pro
413 675 625 723 peregrina
644 677 861 711 nostratem
879 674 1155 721 requirendam
1174 680 1254 723 aut,
1275 675 1308 711 si
1328 687 1407 712 non
1428 677 1680 725 reperiretur,
1700 676 1763 714 vel

320 743 502 791 pluribus
537 747 576 779 et
610 753 681 790 per
716 741 905 778 ambitum
939 742 1148 779 verborum
1185 754 1264 779 rem
1299 743 1624 781 enunciandam.“
1677 743 1768 781 Huc

320 809 504 846 addenda
538 812 642 856 sunt,
678 820 775 856 quae
811 809 913 846 idem
949 809 1120 856 scriptor
1154 814 1270 846 antea
1298 810 1338 846 in
1366 810 1450 847 vita
1480 809 1691 847 Octaviani
1719 810 1768 848 de

318 876 480 913 Tiberio
510 876 600 913 huic
626 875 891 912 dissimillimo
912 875 1083 923 posteris
1112 889 1191 914 non
1221 877 1449 916 occultavit.
1497 877 1661 926 „Genus
1682 877 1762 915 elo-

321 943 466 991 quendi
494 943 721 991 Augustum
748 943 807 980 ait
833 939 1008 980 secutum
1037 955 1120 981 esse
1148 944 1308 992 elegans
1336 950 1374 982 et
1402 949 1674 993 temperatum,
1709 944 1766 982 vi-

319 1011 414 1048 tatis
448 1010 732 1047 sententiarum
766 1010 929 1058 ineptiis
961 1015 1079 1058 atque
1108 1011 1376 1049 concinnitate
1405 1016 1444 1049 et
1471 1012 1765 1049 reconditorum

320 1078 540 1125 verborum,
580 1080 625 1115 ut
665 1078 750 1126 ipse
786 1077 948 1125 dixerit,
990 1077 1229 1125 foetoribus;
1270 1080 1601 1128 praecipuamque
1635 1090 1767 1116 curam

320 1156 407 1182 eum
434 1145 607 1189 duxisse,
635 1156 791 1182 sensum
818 1145 938 1181 animi
967 1156 1082 1192 quam
1109 1145 1357 1194 apertissime
1389 1147 1608 1195 exprimere
1635 1149 1676 1185 et
1699 1147 1766 1184 vi-

318 1213 508 1250 tavisse
538 1212 644 1249 omni
672 1211 788 1249 modo
819 1211 1184 1250 obscuritatem.
1228 1213 1439 1251 Cacozelos
1459 1218 1499 1251 et
1516 1214 1765 1262 antiquarios

321 1282 365 1317 ut
391 1279 548 1316 diverso
579 1291 721 1326 genere
751 1280 918 1316 vitiosos
948 1279 1034 1327 pari
1063 1280 1226 1317 fastidio
1255 1282 1304 1318 ab
1332 1293 1378 1318 eo
1407 1293 1491 1318 esse
1515 1288 1669 1330 spretos
1697 1293 1766 1319 nec

322 1347 545 1395 pepercisse
586 1347 750 1383 eundem
788 1347 988 1384 Tiberio
1024 1348 1201 1384 exoletas
1238 1348 1434 1385 interdum
1467 1352 1507 1385 et
1541 1348 1766 1386 reconditas

319 1415 428 1451 vocis
456 1413 708 1462 aucupanti.“
738 1435 782 1440 -—
812 1413 994 1462 Denique
1022 1415 1180 1451 maximi
1200 1415 1274 1452 hoc
1296 1415 1453 1463 quidem
1472 1415 1559 1454 loeo
1580 1416 1765 1453 momenti

319 1486 390 1529 est,
425 1482 531 1529 quod
561 1480 776 1518 Suetonius
811 1482 948 1518 docuit
976 1482 1139 1519 Tiberio
1174 1482 1340 1520 maxime
1368 1494 1482 1520 curae
1510 1483 1631 1520 fuisse
1662 1483 1764 1521 noti-

319 1549 414 1585 tiam
440 1548 632 1585 historiae
662 1548 852 1585 fabularis
881 1560 1004 1596 usque
1032 1549 1083 1587 ad
1112 1549 1284 1599 ineptias
1313 1554 1430 1597 atque
1453 1550 1627 1588 derisum
1646 1554 1764 1598 atque

319 1616 474 1653 venisse
502 1615 698 1653 interdum
728 1615 890 1652 heroum
918 1617 957 1652 in
985 1617 1320 1655 consuetudinem.

419 1683 531 1720 Haec
565 1683 689 1730 igitur
724 1683 888 1720 Tiberio
921 1683 1108 1731 loquente
1147 1690 1238 1721 sunt
1273 1685 1562 1723 animadversa:
1597 1686 1764 1734 primum

318 1763 456 1789 vocum
483 1751 780 1800 peregrinarum
799 1751 983 1799 pertinax
1010 1751 1266 1800 contemptio,
1293 1752 1436 1789 deinde
1457 1753 1666 1791 verborum
1695 1754 1763 1791 ob-

319 1818 536 1856 soletorum
564 1830 670 1866 usus,
699 1823 779 1855 tum
807 1818 905 1856 mira
933 1819 1154 1856 fabularum
1182 1819 1388 1867 admixtio,
1416 1819 1585 1868 denique
1604 1822 1766 1870 egregia

320 1886 603 1923 sententiarum
640 1886 875 1923 obscuritas.
937 1885 1077 1933 Neque
1112 1887 1152 1923 in
1186 1887 1286 1924 alias
1321 1898 1383 1924 res
1418 1887 1650 1936 easdemque
1688 1899 1769 1924 non

319 1953 560 1990 necessarias
594 1953 708 1990 nimis
737 1965 920 2002 magnum
949 1953 1122 1991 studium
1149 1955 1388 2002 multamque
1418 1966 1578 2004 operam
1597 1955 1769 1993 contulit

318 2021 522 2059 Manilius.
1635 2059 1638 2063 ,

419 2087 524 2126 Sunt
557 2089 672 2136 enim,
707 2091 751 2126 ut
784 2101 807 2126 a
841 2090 1052 2138 postremis
1087 2089 1287 2138 incipiam,
1331 2089 1548 2127 sententiae
1575 2093 1616 2126 et
1641 2089 1767 2127 brevi-

318 2158 401 2193 tate
437 2160 478 2193 et
514 2156 758 2194 obscuritate
793 2157 970 2205 insignes
998 2168 1085 2193 cum
1112 2160 1182 2205 per
1211 2160 1337 2194 totum
1365 2168 1465 2205 opus
1493 2155 1659 2194 diffusae
1685 2158 1767 2194 tum

319 2222 360 2258 in
401 2222 548 2259 fabulis
582 2223 644 2260 vel
678 2223 858 2261 historiis
894 2224 989 2270 illis,
1031 2235 1194 2272 quarum
1230 2225 1413 2262 carminis
1448 2224 1615 2262 ornandi
1650 2236 1767 2262 causa

318 2290 454 2326 miram
482 2290 637 2339 copiam
664 2291 854 2328 intextam
883 2292 1070 2328 videmus.
1129 2291 1255 2339 Quam
1282 2303 1361 2328 rem
1389 2296 1433 2328 ut
1459 2291 1649 2341 exemplis
1678 2291 1766 2329 illu-

319 2360 450 2404 strem,
478 2356 587 2394 locos
614 2359 781 2404 tantum,
808 2358 858 2395 ad
880 2370 978 2406 quos
999 2359 1130 2396 aditus
1150 2358 1487 2396 commodissimus
1506 2363 1630 2408 patet,
1658 2370 1766 2397 mon-

320 2425 476 2471 strab03
513 2436 602 2462 nam
637 2425 769 2462 nescio
805 2438 855 2462 an
891 2426 1052 2474 longum
1086 2426 1138 2463 sit
1173 2431 1264 2463 ante
1299 2426 1436 2463 oculos
1474 2427 1664 2464 lectorum
1697 2437 1765 2464 eos

319 2492 558 2528 verbotenus
585 2492 764 2539 singulos
782 2503 942 2540 ponere.
988 2493 1166 2530 Ducente
1185 2493 1379 2530 Merkelio
1400 2493 1598 2542 adspicias
1619 2504 1764 2541 quaeso

320 2558 354 2595 si
382 2559 524 2607 placet,
552 2558 721 2607 primum
749 2560 781 2607 Ι,
810 2561 1020 2607 755-900,
1048 2561 1115 2597 ubi
1143 2560 1277 2608 plures
1305 2572 1367 2598 res
1393 2565 1527 2609 gestae
1547 2565 1765 2610 tanguntur

320 2637 435 2673 quam
461 2630 553 2663 sunt
579 2638 735 2674 versus;
765 2627 905 2665 deinde
934 2628 988 2676 II,
1018 2630 1126 2675 1—6,
1160 2629 1318 2675 12—-17,
1347 2629 1508 2674 25—36‚
1536 2630 1608 2667 583
1636 2630 1676 2666 et
1695 2628 1761 2676 qui

319 2693 423 2730 hunc
457 2697 685 2743 sequuntur,
721 2694 916 2732 interdum
952 2695 991 2732 in
1019 2693 1161 2732 crassis
1190 2695 1392 2743 complura
1419 2696 1549 2733 iacent
1574 2681 1762 2743 tenentia,

320 2771 417 2808 quas
445 2760 494 2798 ad
522 2760 808 2810 dispergendas
837 2774 937 2811 opus
965 2766 1026 2800 est
1053 2762 1204 2799 facibus
1232 2774 1379 2811 eorum,
1415 2763 1482 2811 qui
1509 2763 1621 2811 quasi
1647 2764 1763 2800 antra
