1910 3250
963 271 1242 312 ...62-

701 392 917 427 Pei-veniant
939 393 1032 428 istuc
1051 389 1092 427 'et
1117 393 1276 428 carmina
1300 394 1448 430 forsitan
1482 396 1554 439 illa,

701 447 802 489 Quae
827 450 871 483 de
898 451 934 483 te
959 448 1039 483 misi
1058 449 1319 498 gaeliterfaeta
1347 462 1439 488 novo

546 506 598 546 13,
621 505 682 540 23:
999 504 1126 538 laudes
1153 505 1197 539 de
1229 505 1386 542 Caesare
1411 508 1496 543 dixi.

703 559 798 595 Nam
823 561 937 606 patris
961 560 1119 605 Augusti
1143 561 1248 596 docui
1272 564 1424 598 mortale
1449 564 1560 599 fuisse

759 617 901 662 Corpus
925 617 960 651 in
987 617 1176 652 aethereas
1199 628 1328 652 numen
1354 619 1475 654 abisse
1501 619 1640 655 domus.

379 685 522 723 deinde

475 764 523 806 ΙΙ,
549 764 581 806 5,
605 764 664 800 27:
701 762 919 808 Ingenioque
942 774 1024 798 meo
1047 773 1140 797 vena
1163 764 1258 808 quod
1283 775 1448 809 paupere
1474 769 1599 800 manat

754 818 901 853 Plaudis
927 821 964 853 et
988 829 1007 852 e
1031 819 1125 854 rivo
1150 819 1338 854 flumina
1365 831 1524 865 magna
1548 822 1668 857 facis

754 875 904 909 Ausus
929 885 1018 909 sum
1042 877 1167 911 tantae
1192 887 1329 911 sumere
1355 877 1458 911 molis
1484 889 1586 923 opus,

703 930 832 966 Obruit
856 932 1046 966 audentem
1073 943 1212 966 rerum
1236 935 1534 978 gravitasque
1559 935 1778 980 nitorque

752 986 832 1022 Neo
855 988 958 1032 potui
983 988 1105 1033 coepti
1130 989 1292 1033 pondera
1316 989 1406 1024 ferre
1430 990 1513 1025 mei.

457 1043 522 1087 111,
545 1045 578 1088 4,
601 1045 662 1079 93:
698 1045 798 1078 Deus
825 1047 881 1078 est
905 1044 941 1078 in
966 1046 1116 1089 pectore
1140 1048 1276 1088 nostro,

474 1100 521 1143 II,
545 1102 578 1144 8,
605 1102 669 1136 57:
707 1101 849 1136 Felices
872 1100 935 1143 illi,
959 1101 1020 1145 qui
1044 1111 1115 1135 non
1140 1101 1332 1136 simulacra
1356 1103 1420 1137 sed
1443 1094 1544 1147 ipsos

753 1156 891 1201 Quique
916 1156 1020 1190 deum
1045 1166 1166 1191 coram
1191 1167 1388 1202 corpora
1413 1169 1517 1192 vera
1540 1158 1714 1203 vident,

701 1213 806 1255 Quod
830 1213 997 1257 quoniam
1023 1213 1156 1248 nobis
1181 1213 1350 1248 invidit
1373 1214 1539 1248 inutile
1566 1215 1720 1258 fatum,

757 1269 855 1312 Quos
881 1269 980 1303 dedit
1005 1280 1063 1304 ars
1088 1269 1240 1304 vultus
1265 1269 1489 1315 effigiemque
1514 1270 1606 1306 0010.

702 1325 764 1361 Sic
787 1325 948 1360 homines
972 1335 1102 1360 novere
1128 1326 1227 1368 deos,
1251 1336 1340 1370 quos
1363 1326 1495 1360 arduus
1521 1327 1685 1361 aether

755 1380 954 1423 Occulit,
978 1384 1015 1415 et
1039 1382 1166 1416 colitur
1189 1392 1255 1427 pro
1279 1383 1373 1417 Jove
1398 1382 1512 1417 forma
1538 1383 1654 1418 Jovis.

473 1472 550 1510 His
586 1484 634 1511 ex
660 1472 842 1510 distichis
870 1472 918 1521 ei,
948 1473 1015 1519 qui
1041 1472 1327 1511 Astronomica
1356 1473 1568 1522 scribebat,
1604 1458 1691 1511 alia¹
1710 1485 1821 1523 prae·

373 1544 435 1578 sto
470 1541 591 1578 fuisse
628 1540 776 1587 credes,
811 1544 855 1577 ut
889 1540 1059 1588 primum
1093 1539 1167 1577 tibi
1202 1540 1243 1576 in
1271 1542 1437 1578 mentem
1463 1541 1657 1579 redierint
1683 1541 1820 1580 laudes

372 1607 477 1658 illae,
507 1620 603 1658 quas
632 1609 673 1646 in
697 1608 844 1646 Divum
864 1608 1093 1657 Augustum
1120 1609 1281 1656 eiusque
1309 1607 1490 1646 heredem
1518 1609 1567 1647 ab
1595 1609 1673 1646 isto
1700 1610 1821 1658 poeta

371 1679 581 1724 congestas
610 1675 751 1713 iterum
778 1687 823 1712 ae
852 1675 1009 1724 saepius
1040 1677 1252 1714 ostentavi.
1298 1676 1387 1724 Quo
1417 1689 1515 1725 quae
1543 1677 1623 1714 alia
1641 1679 1819 1726 spectare

371 1754 454 1781 non
479 1747 662 1793 possunt,
698 1754 746 1780 ne
773 1754 819 1780 ea
849 1742 1007 1791 quidem
1033 1743 1138 1780 hunc
1165 1743 1344 1782 iuvenem
1371 1745 1577 1794 ignorasse
1606 1744 1819 1782 verisimile

371 1810 541 1848 fortasse
585 1810 717 1860 duces,
761 1815 976 1859 propterea
1022 1810 1127 1858 quod
1169 1811 1366 1848 similibus
1409 1811 1488 1849 fere
1530 1813 1661 1850 verbis
1701 1811 1818 1850 modo

371 1877 475 1916 idem
513 1878 630 1917 modo
672 1879 913 1916 contrarium
952 1878 1083 1916 dicere
1124 1878 1325 1916 videbitur
1369 1890 1427 1916 me
1463 1878 1648 1918 afferente
1683 1890 1819 1917 versus

369 1945 519 1984 hosce:

456 2029 516 2068 'A.
540 2031 589 2075 H,
611 2032 651 2067 8:
686 2029 835 2066 Homeri
859 2048 903 2055 —
928 2042 973 2066 ex
998 2042 1059 2066 ore
1083 2031 1249 2075 profusos

689 2085 814 2122 Omnis
838 2088 1035 2132 posteritas
1058 2087 1186 2122 latices
1210 2088 1245 2122 in
1272 2089 1431 2122 carmina
1454 2088 1556 2122 duxit

683 2144 956 2189 Amne'mque
981 2145 1023 2178 in
1046 2146 1203 2178 tenues
1229 2154 1337 2178 ausa
1361 2146 1430 2178 est
1448 2144 1672 2188 deducere
1687 2144 1817 2180 rivos.

532 2200 561 2245 Ι,
584 2201 648 2235 20:
684 2200 777 2235 Bina
802 2201 887 2234 mihi
910 2201 1038 2246 positis
1062 2200 1182 2234 lucent
1207 2200 1339 2234 altaria
1363 2199 1526 2243 flammis,

684 2257 747 2291 Ad
770 2257 847 2291 duo·
865 2257 1002 2302 templa
1024 2267 1163 2302 precor,
1188 2256 1319 2301 duplici
1345 2256 1584 2291 circumdatus
1611 2258 1741 2291 aestu

684 2313 912 2348 Carminis
937 2316 974 2347 et
998 2324 1149 2347 rerum.

490 2368 538 2414 11,
564 2371 646 2405 136:
681 2369 788 2404 Haec
812 2380 880 2414 ego
905 2370 1059 2404 nivino
1084 2369 1226 2413 cupiam
1252 2379 1331 2402 cum
1356 2368 1402 2402 ad
1427 2367 1544 2402 sidera
1570 2368 1684 2403 flatu

683 2426 792 2461 Ferre
817 2436 884 2460 nec
909 2426 944 2460 in
967 2426 1109 2460 turbam
1134 2435 1200 2459 nec
1224 2425 1351 2458 turbae
1377 2424 1535 2458 carmina
1560 2423 1722 2460 condam.

475 2482 543 2526 IV,
567 2482 652 2520 886:
687 2482 749 2516 An
781 2482 925 2516 dubium
958 2484 1013 2516 est
1043 2481 1253 2516 habitare
1286 2480 1405 2515 deum
1431 2481 1509 2515 sub
1533 2483 1718 2526 pectore
1741 2490 1816 2515 no.

1172 2538 1291 2571 stro?

565 2595 649 2631 906:
685 2595 807 2630 Homo
834 2621 842 2629 .
868 2621 876 2630 .
901 2597 1013 2638 capnt
1036 2593 1149 2628 victor
1173 2620 1180 2628 .
1208 2620 1215 2627 .
1241 2593 1287 2627 ad
1312 2594 1431 2628 sidera
1455 2593 1566 2628 mittit

685 2650 923 2695 sidereosque
949 2649 1072 2684 oculos
1096 2649 1331 2694 propriusque
1357 2650 1550 2694 adspectat
1573 2647 1768 2695 Olympum

684 2706 903 2752 Inquiritque
927 2706 954 2741 J
956 2715 1058 2740 ovem
1084 2715 1150 2740 nec
1174 2705 1252 2740 sola
1276 2704 1391 2740 fronte
1417 2705 1562 2740 deorum

686 2761 885 2798 Contentus
910 2765 1034 2797 manet
1057 2765 1094 2797 et
1118 2762 1257 2797 caelum
1283 2763 1463 2798 scrutatur
1485 2761 1521 2797 in
1546 2761 1639 2798 alvo.
