1930 3320
826 249 1107 289 ..55-

212 374 245 410 V
270 375 348 411 148.
389 384 527 421 passus
551 383 772 410 revocans
797 373 836 419 (i.
861 385 892 410 e.
916 373 1107 418 reducens)
1132 372 1166 408 V
1190 372 1267 409 695.
1285 373 1299 417 ΙΙ
1323 372 1445 408 cerni
1467 372 1580 408 mente
1602 373 1619 409 I
1643 373 1720 409 678.

211 454 254 460 —
280 435 337 470 sol
359 434 530 479 aspicit
554 433 677 468 lunam
700 433 811 468 1242.
837 453 880 458 —
906 432 1166 477 despectant
1189 431 1314 467 sidera
1339 431 1437 466 caelo
1460 432 1479 467 Ι
1496 432 1573 466 276.
1591 433 1606 476 ΙΙ
1622 431 1724 466 unda

210 491 430 526 meditans
455 501 620 525 murmur
642 490 684 525 in
709 491 828 525 antris
851 491 887 525 H
911 490 966 525 54.
984 492 998 534 ΙΙ
1013 500 1089 524 nox
1114 489 1265 523 oblita
1290 489 1365 524 diei
1387 489 1441 523 III
1465 489 1540 524 259.
1560 491 1574 533 11
1590 489 1722 534 fallit

210 549 325 584 solum
350 549 503 584 declivia
526 548 545 584 Ι
567 548 646 583 240.
665 550 679 592 {l
696 548 911 583 ementita
934 558 1009 582 nor
1034 547 1126 582 diem
1150 546 1183 580 V
1209 547 1264 581 60.

298 609 547 651 pascentur
579 605 680 640 curis
703 605 737 639 V
761 605 840 639 453.
866 607 880 648 ΙΙ
905 604 1021 639 bibit
1047 605 1184 649 fluctus
1210 603 1376 637 Eridani
1407 603 1542 648 fretum
1564 603 1617 639 IV
1643 603 1721 638 610.

211 665 362 700 bibens
394 675 556 700 somnum
591 665 816 709 animamque
841 663 874 698 V
898 663 979 699 307.
1002 665 1016 707 11
1048 667 1170 698 aestas
1202 662 1363 697 sitiens
1387 662 1422 696 H
1447 661 1522 696 183.
1545 663 1559 706 ΙΙ
1592 662 1723 696 lavat

207 726 346 768 pontus
362 722 522 767 Epirum
545 722 598 757 IV
611 723 691 756 611.
709 724 723 766 11
739 722 911 756 incocta
934 721 1057 755 sidera
1076 721 1235 766 flammis
1254 721 1272 755 I
1286 720 1363 766 732.
1381 722 1395 763 ΙΙ
1418 719 1577 754 ardent
1603 725 1723 756 terrae

209 781 228 816 I
253 780 329 815 101.
377 780 534 815 ardent
566 780 765 824 Aethiopes
788 779 840 814 IV
866 779 943 814 758.
991 778 1093 814 sedes
1131 782 1323 813 eoeustae
1358 779 1376 812 I
1401 777 1477 813 732.
1507 779 1521 822 ΙΙ
1551 777 1720 812 Phoebus

211 837 409 873 exsiccat
439 838 598 882 populos
631 837 685 872 IV
723 837 799 872 729.
851 837 958 871 Arcti
994 837 1143 871 siccae
1177 836 1195 870 I
1220 836 1296 871 610.
1316 837 1330 879 ΙΙ
1365 835 1577 870 accendit
1609 847 1719 880 prae-

210 896 328 931 sentia
350 896 514 930 numinis
538 899 683 930 mentem
706 895 725 930 Ι
747 895 803 930 49.

302 954 468 989 micant
491 953 606 988 eorda
630 957 663 988 et
687 953 815 999 linqua
839 952 963 987 rabit
978 952 1102 987 V224.
1122 954 1135 996 Η
1151 952 1372 986 maculant
1389 950 1585 995 Aethiopes
1605 951 1723 986 orbem

210 1011 262 1047 IV
286 1012 361 1047 723.
380 1012 394 1056 ΙΙ
412 1013 525 1047 Asiae
546 1011 678 1056 populi
700 1011 894 1046 nitentes
917 1009 969 1045 IV
995 1010 1061 1044 621
1088 1022 1140 1054 sq.
1158 1012 1172 1054 ΙΙ
1189 1009 1414 1054 florentia
1440 1012 1602 1053 tempora
1627 1011 1723 1043 veris

211 1069 248 1104 H
273 1069 338 1104 182
362 1081 415 1114 sq.

303 1126 486 1161 indutus
522 1128 585 1162 est
615 1126 766 1161 Taurus
791 1125 875 1160 Iovi
909 1125 945 1170 (i.
973 1136 1003 1160 e.
1028 1124 1197 1170 Iuppiter
1234 1124 1272 1159 in
1308 1125 1458 1158 taurum
1485 1135 1523 1159 se
1547 1124 1722 1169 mutavit)

211 1183 250 1219 Π
271 1183 350 1219 491.
368 1185 382 1228 ll
397 1183 568 1218 nudare
592 1183 630 1229 (i.
655 1195 683 1219 e.
711 1183 908 1229 explicare)
934 1184 1021 1218 iura
1043 1184 1098 1218 ΙΙΙ
1122 1184 1198 1218 114.
1224 1184 1238 1227 Η
1262 1182 1543 1227 destrinyere
1567 1182 1723 1218 membra

211 1241 252 1275 in
275 1241 401 1276 varias
421 1242 634 1286 palaestras
658 1242 712 1276 ΙΠ
736 1241 815 1276 630.

305 1310 397 1334 arva
437 1300 648 1334 emercita
685 1299 858 1344 fruyibus
892 1300 910 1334 I
934 1299 987 1334 86.
1019 1301 1032 1343 Η
1064 1299 1230 1334 militat
1269 1299 1342 1333 ales
1378 1299 1439 1343 (se.
1476 1297 1586 1341 Iovis)
1625 1298 1724 1333 caelo

213 1357 247 1392 V
270 1358 350 1392 490.
375 1359 389 1402 Η
416 1357 621 1393 edomare
646 1362 779 1393 terram
803 1358 845 1392 in
867 1358 998 1403 fruyes
1021 1357 1074 1392 IV
1097 1357 1177 1392 904.
1202 1359 1216 1401 1}
1247 1356 1326 1392 dies
1357 1367 1517 1391 acuens
1551 1357 1724 1391 mortalia

214 1416 327 1451 corda
362 1417 380 1451 Ι
412 1416 465 1451 79.
491 1417 506 1460 ΙΙ
531 1416 853 1462 fabricaverat
884 1415 1082 1461 (Socrates)
1120 1415 1309 1451 Platonem
1344 1415 1384 1458 (i.
1421 1426 1451 1450 e.
1488 1414 1723 1459 instituerat)

213 1474 232 1508 I
257 1473 334 1510 774.
352 1475 367 1518 ΙΙ
382 1474 566 1508 nutrire
590 1484 705 1508 annos
727 1476 868 1508 teneros
894 1473 932 1518 (i.
958 1485 987 1508 e.
1013 1474 1142 1508 docere
1167 1473 1314 1518 pueros)
1340 1472 1373 1507 V
1396 1473 1475 1507 456.

306 1531 431 1566 Haedi
453 1531 729 1567 claudentes
754 1531 872 1566 sidere
891 1535 1042 1576 pontum
1055 1532 1072 1566 I
1085 1531 1163 1566 365.
1191 1531 1294 1566 limes
1311 1530 1484 1565 claudit
1496 1531 1723 1575 principium

214 1599 319 1624 suum
341 1589 360 1623 I
385 1588 463 1623 617.

305 1647 566 1692 depinyitur
589 1646 728 1681 caelum
750 1646 864 1681 astris
888 1647 906 1681 I
929 1646 1007 1681 445.

305 1709 466 1749 aequora
495 1704 588 1749 freti
616 1704 822 1739 caedunt
849 1706 975 1750 gentes
999 1704 1051 1739 IV
1075 1704 1154 1740 602.
1177 1706 1190 1748 ΙΙ
1214 1704 1427 1748 Euphrates
1459 1707 1575 1739 secat
1597 1708 1725 1749 yentes

214 1764 232 1799 I
254 1763 311 1799 44.
334 1763 470 1808 fretum
493 1765 618 1798 secat
641 1764 805 1798 Icarium
827 1764 1076 1808 Aeyaeumque
1100 1763 1232 1807 (mare)
1258 1762 1309 1797 IV
1334 1763 1412 1797 621.

802 2105 1050 2148 CAPUT
1090 2105 1146 2149 V.

440 2216 505 2253 De
535 2217 725 2254 Manilio
757 2216 952 2253 aliorum
979 2217 1222 2261 poetarum
1251 2215 1495 2254 imitatore.

330 2316 458 2359 Nunc
502 2316 696 2359 breviter
742 2330 984 2372 exponam,
1034 2329 1144 2371 quae
1186 2314 1295 2356 ratio
1332 2313 1574 2357 intercedat
1612 2314 1726 2356 inter

216 2385 443 2428 Manilium
490 2390 532 2428 et
576 2390 730 2443 poetas
760 2385 1005 2438 Romanos,
1050 2385 1122 2441 qui
1153 2389 1227 2426 aut
1258 2388 1359 2426 ante
1393 2399 1491 2426 eum
1522 2385 1726 2426 vixerunt

218 2459 293 2498 aut
322 2455 528 2511 aequales
559 2456 600 2497 ei
630 2455 818 2497 fuerunt.
882 2453 990 2496 Cum
1033 2454 1188 2510 quibus
1221 2453 1468 2495 consentire
1499 2452 1726 2494 Manilium

219 2538 351 2581 saepe
392 2525 437 2566 in
465 2525 724 2581 phrasibus,
772 2523 979 2580 epithetis
1024 2523 1293 2576 ornantibus,
1340 2522 1574 2575 similibus,
1622 2523 1726 2578 quin

220 2594 352 2636 etiam
381 2608 469 2636 non
490 2608 651 2650 paucos
675 2594 819 2635 exitus
842 2594 913 2635 vel
934 2593 1057 2634 initia
1079 2607 1296 2643 versuum,
1319 2606 1429 2648 quae
1451 2592 1495 2633 in
1516 2592 1727 2633 memoria

220 2667 384 2706 attente
431 2664 617 2719 legentis
665 2668 823 2719 poetae
871 2663 1124 2716 haererent,
1174 2677 1230 2720 ex
1260 2663 1432 2703 illorum
1464 2661 1725 2703 carminibus

221 2732 542 2789 deprompsisse
575 2737 618 2774 et
648 2733 693 2774 in
725 2747 848 2774 suum
881 2747 1053 2775 carmen
1084 2732 1305 2788 recepisse
1337 2732 1494 2772 mirum
1525 2745 1611 2772 non
1645 2734 1725 2773 est.

219 2802 364 2858 Atque
396 2816 493 2844 eum
522 2802 718 2858 plerique
749 2806 904 2858 poetae
921 2801 1106 2844 Romani
1127 2802 1433 2858 imperatorum
1454 2799 1726 2856 temporibus

220 2872 262 2913 in
295 2871 505 2913 factiones
538 2870 825 2924 discederent,
866 2885 974 2927 quae
1007 2871 1114 2913 certi
1143 2871 1324 2913 alicuius
1356 2873 1512 2926 poetae
1546 2868 1721 2922 regulas
