1930 3320
827 238 1111 280 „57-

218 365 489 424 deprehendi
532 366 693 419 solent,
741 380 923 423 quarum
970 368 1271 421 argumentum
1317 365 1461 421 ipsum
1499 362 1584 405 iam
1617 360 1727 404 anti-

220 438 395 493 quiores
416 441 572 494 poetae
593 440 901 478 tractaverunt.
954 435 1025 477 Ex
1047 436 1260 477 contrario
1276 434 1480 476 Manilius
1504 433 1725 475 rarissime

218 506 359 549 isdem
420 505 652 563 phrasibus
698 507 835 547 utitur
881 506 1038 561 quibus
1085 505 1159 546 alii
1201 508 1359 561 poetae
1406 504 1449 545 in
1489 501 1730 546 enarranda

218 574 373 617 eadem
397 589 457 628 re,
491 574 567 616 sed
588 575 785 631 phrases,
817 575 1104 628 hemistichia,
1129 574 1288 616 similia
1310 574 1354 615 in
1378 572 1615 629 quemlibet
1638 585 1731 613 car-

218 644 346 686 minis
387 659 560 686 versum
592 645 777 701 recepit,
819 645 893 686 ubi
926 649 1027 701 apta
1058 659 1156 687 esse
1188 643 1452 686 viderentur.
1514 641 1731 683 Obstabat

221 727 325 755 sane
365 713 543 755 Manilio
591 717 896 769 argumentum
943 714 1144 755 carminis
1199 726 1402 769 asperum
1442 710 1629 753 necdum
1673 709 1727 752 ab

222 782 320 824 aliis
351 782 396 824 in
429 797 579 825 versus
612 783 850 825 redactum.
910 782 1063 838 Itaque
1098 797 1193 824 cum
1227 785 1457 837 cogeretur
1488 794 1730 822 sermonem

224 855 480 908 argumento
529 852 731 894 carminis
779 856 928 908 aptum
977 852 1059 893 sibi
1091 866 1260 908 parare,
1307 850 1480 892 videtur
1511 863 1642 906 saepe
1676 848 1729 890 ad

218 924 394 979 poetas,
447 921 519 977 qui
551 921 694 978 ipsum
725 925 870 963 aetate
902 921 1150 978 praegressi
1183 924 1328 972 erant,
1360 920 1421 961 ita
1463 919 1727 975 respexisse,

219 994 269 1037 ut
314 990 358 1032 in
401 990 574 1032 illorum
620 991 885 1032 carminibus
917 990 1196 1047 perlegendis
1229 1003 1405 1046 operam
1439 992 1729 1036 consumeret,

219 1060 471 1118 priusquam
522 1059 576 1101 ad
622 1059 944 1116 componendas
986 1061 1052 1101 sui
1094 1059 1294 1102 carminis
1334 1058 1568 1115 particulas
1601 1072 1726 1100 acce-

221 1127 369 1178 deret;
415 1128 536 1180 inde,
590 1129 690 1171 dum
737 1129 991 1182 meditatur,
1038 1143 1124 1170 non
1170 1142 1335 1185 paucae
1386 1128 1430 1169 in
1476 1127 1729 1169 memoriam

219 1197 390 1239 Manilii
435 1199 505 1240 vel
552 1199 675 1240 inviti
718 1198 915 1255 irrepunt
951 1199 1194 1240 locutiones
1229 1197 1546 1253 verborumque
1585 1197 1727 1253 poeti-

224 1281 374 1309 corum
421 1267 763 1310 coniunctiones.
840 1268 1017 1323 Itaque,
1068 1282 1164 1309 cum
1211 1281 1449 1309 consensus
1496 1267 1730 1308 multorum

222 1335 368 1378 Ovidii
411 1351 616 1379 versuum
665 1351 761 1378 cum
803 1338 985 1379 aliorum
1029 1341 1255 1394 poetarum
1302 1336 1501 1378 versibus
1551 1336 1728 1391 egregio

222 1405 368 1448 Ovidii
413 1406 589 1462 ingenio
637 1411 680 1450 et
724 1407 966 1463 praestanti
1008 1407 1101 1449 eius
1139 1406 1375 1448 memoriae
1414 1405 1730 1447 adscribendus

221 1475 289 1527 sit,
320 1475 549 1537 Manilium
580 1491 721 1533 paene
755 1491 930 1533 semper
951 1491 1006 1518 ex
1028 1476 1183 1518 alienis
1205 1476 1467 1518 carminibus
1490 1476 1534 1516 in
1557 1489 1730 1517 carmen

221 1558 346 1586 suum
379 1559 453 1587 eas
485 1560 690 1587 versuum
722 1550 869 1602 partes
901 1545 1123 1602 recepisse
1155 1545 1458 1598 iudicabimus,
1499 1558 1610 1600 quae
1642 1545 1730 1587 acri

217 1613 394 1670 legendi
444 1613 586 1656 studio
627 1614 672 1655 in
723 1614 931 1656 memoria
976 1614 1231 1662 haererent;
1282 1628 1366 1670 qua
1416 1618 1563 1656 tamen
1602 1615 1646 1656 in
1683 1629 1730 1657 re

218 1682 446 1724 Manilium
487 1682 615 1724 modo
644 1683 876 1725 verborum
908 1682 1262 1739 depromptorum
1296 1683 1490 1725 ordinem
1522 1687 1729 1733 mutasse,

217 1751 346 1794 modo
378 1751 560 1794 verbum
593 1766 878 1808 synonymum
911 1753 1147 1808 recepisse,
1180 1752 1299 1794 velut
1317 1753 1451 1806 yemis
1473 1767 1549 1809 pro
1571 1753 1729 1806 stirpis,

209 1820 419 1874 pecudum
449 1835 527 1877 pro
551 1821 726 1874 peeoris,
758 1821 930 1863 similia.

334 1935 504 1988 Restat,
551 1941 598 1978 ut
645 1937 836 1979 breviter
882 1937 935 1979 de
986 1937 1038 1978 iis
1085 1937 1360 1993 paucissimis
1408 1951 1729 1994 praemoneam,

219 2005 304 2061 qui
334 2005 616 2047 Manilium
649 2006 847 2048 imitati
879 2011 992 2048 sunt.
1052 2006 1243 2048 Primam
1274 2007 1560 2049 imitationem
1587 2006 1728 2048 Mani-

219 2075 381 2116 lianam
431 2075 681 2132 suppeditat
732 2076 1112 2129 Nemesianus,
1163 2076 1236 2132 qui
1279 2076 1409 2118 tertio
1456 2091 1496 2133 p.
1544 2076 1644 2119 Chr.
1686 2091 1727 2119 n.

222 2144 400 2186 saeculo
448 2144 730 2201 Calpurnium
775 2146 968 2188 imitatus
1016 2149 1103 2188 est:
1151 2146 1320 2187 Manilii
1369 2147 1484 2188 enim
1529 2146 1728 2188 versibus

217 2212 240 2254 Ι
273 2215 352 2254 760
386 2213 491 2270 sq.¹)

302 2282 400 2324 Huc
430 2284 615 2337 miyrant
644 2298 695 2325 ea·
726 2284 830 2336 orbe,
861 2297 1060 2338 sumitque
1090 2284 1327 2327 habitantia
1357 2286 1557 2327 eaelum

301 2352 593 2394 Aethereos
623 2353 793 2394 vivunt
822 2367 968 2406 annos,
999 2354 1285 2408 mundoque
1309 2354 1571 2410 fruuntur

217 2421 482 2478 respondent
512 2422 767 2464 Nemesiani
799 2424 876 2465 ecl.
915 2426 927 2463 1
968 2438 1119 2465 versus
1153 2425 1206 2465 39
1239 2439 1302 2480 sq.

306 2490 418 2533 Nam
448 2491 486 2532 si
515 2492 709 2533 sublimes
737 2493 903 2534 animae
933 2493 1171 2535 caelestia
1202 2493 1354 2546 templa

303 2559 651 2614 sidereasque
681 2562 844 2604 colunt
872 2563 985 2604 sedes
1014 2563 1288 2616 mundoque
1313 2562 1585 2618 fruuntur.

332 2629 571 2672 Praeterea
586 2630 753 2673 Manilii
776 2646 949 2674 carmen
970 2636 1121 2674 notum
1143 2633 1225 2674 fuit
1248 2633 1451 2675 auctori
1485 2633 1726 2675 carminis

217 2698 279 2739 de
325 2698 478 2739 Luna
523 2699 701 2743 Anthol.
745 2701 842 2742 Lat.
878 2701 914 2743 V
961 2702 1072 2758 152),
1123 2702 1235 2759 quod
1278 2703 1512 2759 postremis
1558 2703 1729 2758 imperii

312 2814 338 2857 ¹)
365 2813 515 2858 Iacob,
555 2813 588 2847 d.
622 2813 670 2848 M.
704 2814 859 2849 Manilio
898 2817 1026 2860 poeta;
1070 2828 1191 2862 progr.
1218 2817 1351 2851 Lubec.
1379 2817 1466 2851 1832
1504 2829 1539 2861 p.
1564 2817 1585 2850 5
1615 2818 1689 2851 not.
1709 2818 1722 2861 Η

218 2872 245 2915 2)
269 2870 402 2905 Riese
429 2871 507 2906 723.
534 2870 669 2905 Poeta'e
694 2871 818 2907 Latini
844 2873 1004 2908 Minores
1030 2874 1081 2908 III
1108 2886 1144 2919 p.
1172 2875 1238 2909 163
1264 2887 1315 2918 sq.
1341 2874 1565 2917 (Baehrens).

1429 2942 1449 2966 a)
