1936 3392
855 257 909 298 89

167 401 315 444 nostris
365 400 480 443 dedit
528 401 702 452 animis,
753 404 1052 457 cognatamque
1097 401 1162 442 sui
1206 403 1388 443 nostram
1422 404 1599 442 mentem

166 480 290 526 vertit
322 480 374 522 ad
406 495 462 522 se.
494 479 518 536 ¹)
573 479 700 537 „Ipse
735 485 852 523 vocat
886 484 1047 523 nostros
1080 480 1238 522 animos
1262 480 1313 522 ad
1335 480 1491 532 sidera,
1526 495 1601 522 nec

165 558 345 617 patitur,
381 560 480 616 quia
511 574 595 602 non
629 560 794 612 condit,
830 575 905 602 sua
937 560 1028 603 iura
1061 558 1236 606 latere.’'
1255 559 1286 615 ²)
1337 559 1380 602 Si
1404 575 1501 615 ergo
1525 559 1600 601 deo

165 638 368 682 credimus
402 640 514 691 „iam
546 654 749 695 nusquam
785 644 934 682 natura
964 639 1067 682 latet
1078 657 1091 690 ;
1125 639 1385 696 pervidemus
1414 639 1614 690 omnem,

165 723 207 762 et
240 722 360 777 capto
395 719 576 776 potimur
607 718 804 771 mundo'’,
821 719 850 775 ³)
876 724 964 762 tum
987 718 1175 761 videmus
1197 718 1248 761 ab
1274 719 1450 761 aeternis
1473 719 1600 774 signis

164 799 374 842 terrestria
405 798 545 841 omnia
579 798 673 841 duci
683 798 737 855 ,4)
771 803 861 842 tum
894 798 1118 854 tranquille
1151 799 1235 841 vivi
1268 802 1428 856 potest:

227 877 407 930 Solvite,
443 878 658 930 mortales,
692 879 873 930 animos,
909 893 1108 935 curasque
1142 878 1298 930 levate,

226 962 373 1015 totque
405 959 671 1015 supervacuis
703 959 829 1001 vitam
866 958 1011 1001 deflere
1045 959 1236 1014 querelis.

227 1037 330 1081 Fata
362 1043 511 1095 regunt
545 1038 707 1091 orbem,
742 1042 853 1081 certa
885 1042 1003 1081 stant·
1029 1039 1169 1082 omnia
1202 1038 1314 1094 lege,

227 1118 432 1174 longaque
465 1134 537 1175 per
569 1123 700 1161 certos
733 1119 951 1174 signantur
982 1123 1168 1175 tempora
1200 1134 1330 1161 casus.

226 1197 454 1241 Nascentes
488 1197 706 1249 morimur,
741 1199 918 1254 finisque
951 1197 1001 1240 ab
1035 1198 1195 1254 origine
1226 1198 1395 1255 pendet.

228 1276 339 1320 Hinc
371 1281 412 1319 et
445 1291 542 1335 opes
575 1281 616 1319 et
648 1293 774 1334 regna
806 1277 964 1328 fluunt,
1000 1281 1042 1319 et
1074 1277 1238 1334 saepius
1271 1282 1360 1319 orta

228 1360 471 1414 paupertas,
507 1360 698 1412 artesque
731 1357 849 1399 datae
885 1372 1100 1412 moresque
1134 1358 1305 1408 creatis,

229 1441 271 1480 et
301 1437 426 1488 vitia,
461 1441 502 1478 et
535 1423 692 1488 clades,
729 1437 878 1479 damna
910 1442 951 1479 et
984 1437 1228 1494 compendia
1259 1451 1409 1479 rerum.

227 1515 361 1559 Nemo
395 1521 504 1558 caret
538 1516 710 1569 damno,
745 1517 899 1574 poterit
931 1533 1006 1560 nec
1039 1517 1187 1560 habere
1220 1521 1440 1573 negatum,

227 1595 485 1639 fortunamve
517 1586 603 1638 suis
635 1597 804 1639 invitam
840 1597 1038 1654 prendere
1071 1597 1201 1649 votis,

228 1679 303 1718 aut
344 1676 484 1732 fugere
516 1675 754 1719 instantem.
821 1677 915 1719 Sors
949 1683 1010 1719 est
1042 1691 1117 1719 sua
1150 1677 1301 1732 cuique
1335 1676 1543 1719 ferenda.'’
1568 1678 1600 1731 ὅ)

229 1754 323 1808 Quo
361 1770 454 1798 cum
488 1756 636 1798 ductus
670 1761 776 1798 esset
809 1756 1008 1799 Manilius
1041 1757 1159 1799 facile
1192 1756 1488 1813 astrologorum
1524 1757 1602 1798 arti

166 1834 287 1877 fidem
320 1833 478 1877 habuit.
545 1835 755 1889 Quaedam
791 1836 1095 1892 phaenomena,
1121 1851 1226 1891 quae
1249 1837 1425 1892 quisque
1449 1836 1604 1878 cotidie

165 1918 261 1956 ante
294 1913 433 1956 oculos
471 1913 673 1966 habebat,
720 1916 958 1957 confirmare
991 1899 1238 1958 videbantur
1271 1931 1357 1958 esse
1390 1916 1602 1958 vinculum

167 1993 373 2048 quoddam
407 1993 516 2036 inter
549 1994 706 2036 caelum
741 1999 782 2037 et
814 1999 978 2037 terram.
1003 1995 1035 2051 ὓ)
1105 1995 1325 2051 '‘Denique
1359 1996 1498 2038 sinon
1522 2001 1601 2047 est,

166 2072 242 2114 fati
275 2087 348 2114 cur
379 2073 558 2115 traditur
591 2073 716 2116 ordo?
751 2079 978 2131 cunctaque
1010 2075 1263 2132 temporibus
1287 2076 1408 2117 certis
1432 2080 1603 2118 ventura

167 2151 430 2193 canuntur?’'
453 2177 515 2184 ——-
537 2151 736 2195 Manilius
770 2153 875 2196 hanc
909 2154 959 2196 ob
994 2170 1157 2196 causam
1190 2170 1274 2197 non
1297 2155 1502 2197 credulior
1528 2171 1603 2197 nec

165 2230 488 2286 superstitiosior
520 2234 582 2272 est
614 2230 827 2273 habendus
856 2247 978 2287 quam
1002 2232 1220 2288 quisquam
1245 2233 1332 2274 eius
1354 2232 1600 2288 aequalium.

169 2308 308 2358 „Huic
359 2310 634 2366 (astrologiam
686 2311 801 2367 dicit)
850 2312 1043 2354 intanta
1075 2313 1198 2354 fidem
1230 2314 1432 2370 petimus,
1479 2327 1600 2368 quam

165 2403 286 2445 saepe
334 2389 520 2432 volucres
564 2391 798 2448 accipiunt,
849 2392 1119 2449 trepidaeque
1162 2391 1285 2434 boum
1330 2391 1405 2434 sub
1439 2397 1604 2448 pectore

212 2639 236 2681 ι)
284 2643 334 2678 11,
363 2643 443 2679 122,
472 2644 543 2674 123.

211 2700 237 2741 ²)
286 2704 343 2740 1v,
368 2705 443 2735 920.

211 2761 238 2802 ³)
286 2765 349 2799 IV,
374 2766 448 2796 883.

212 2823 238 2861 41
286 2827 338 2863 11,
363 2827 415 2856 83.

210 2884 237 2925 6)
285 2887 348 2924 IV,
376 2888 414 2917 12
440 2896 529 2925 seqq.

212 2946 239 2987 ο)
286 2950 338 2985 11,
363 2950 524 2982 87·—105.
