1930 3320
816 258 1068 299 ...5,

176 383 347 436 Quibus
379 384 532 430 studiis
564 398 661 429 cum
694 399 872 444 operam
903 397 1130 436 navat-em,
1171 380 1300 426 facile
1339 379 1550 426 adductus
1583 391 1691 429 sum,

177 461 226 500 ut
256 457 388 500 etiam
430 470 500 499 res
538 456 745 498 metricas
784 460 830 499 et
866 454 1158 498 elocutionem
1174 452 1207 508 ¹)
1246 456 1404 509 poetae
1446 447 1691 494 accuratius

183 527 494 569 examinarem.
553 525 708 581 Neque
741 526 858 567 enim
890 524 943 567 de
976 523 1167 566 carmine
1195 523 1291 579 ipso
1323 525 1442 565 recte
1473 520 1692 562 iudicasse

176 641 229 679 IV
253 640 299 676 60
331 639 398 678 sub
430 640 540 675 finem
573 639 662 674 anni
691 639 780 674 XIII
810 640 876 674 aut
911 639 1033 674 hieme
1069 638 1130 674 vel
1165 647 1249 672 vere
1281 636 1371 672 anni
1395 635 1482 670 XIV
1515 634 1694 680 composi-

179 701 261 735 tum
285 709 372 734 esse.

269 757 358 792 Tres
383 758 527 792 restant
550 756 622 792 loci
639 755 848 796 Maniliani,
874 755 938 800 qui
962 754 1115 789 minoris
1131 753 1191 789 vel
1215 763 1333 798 paene
1356 751 1496 786 nullius
1515 750 1694 786 momenti

178 817 277 852 sunt.
311 815 527 861 Respondet
551 814 650 850 enim
669 825 794 850 versus
807 813 1034 849 Manilianus
1051 813 1150 848 1410
1162 824 1216 856 sq.
1232 831 1278 836 —
1303 822 1367 846 nec
1389 810 1528 846 clarius
1551 813 1694 845 astrum

183 874 425 920 Tinquitur
462 883 631 909 oceano
661 893 705 898 -
741 871 864 907 versui
901 871 1084 906 Ovidiano
1121 869 1217 904 trist.
1250 869 1268 904 I
1297 869 1338 910 4,
1369 869 1408 904 1:
1449 867 1692 911 Tinyuitur

177 942 338 969 oceano
374 935 497 968 custos
535 930 828 978 Erymanthidos
864 940 991 967 ursae:
1035 927 1199 963 tristium
1232 926 1368 962 librum
1404 925 1565 971 primum
1596 936 1692 960 com-

177 989 339 1036 positum
377 1000 473 1030 esse,
523 1000 605 1024 cum
652 987 806 1023 Ovidius
855 987 988 1022 Tomos
1036 985 1342 1031 proficisceretur,
1391 995 1435 1018 ex
1484 982 1562 1018 eius
1605 982 1692 1021 libri

177 1046 402 1083 carminibus
438 1046 529 1092 ipsis
567 1047 855 1082 consentaneum
889 1046 960 1085 est;
998 1043 1062 1089 qui
1098 1043 1192 1078 liber
1227 1042 1287 1077 vel
1324 1042 1482 1077 exeunte
1515 1052 1600 1076 vere
1632 1040 1691 1075 vel

177 1105 331 1141 ineunte
367 1105 510 1140 aestate
539 1103 628 1139 anni
658 1104 692 1138 X
716 1103 872 1138 Romam
904 1101 1138 1137 transmissus
1171 1112 1248 1137 esse
1278 1100 1436 1134 videtur.
1497 1099 1693 1134 Praeterea

177 1162 287 1198 valde
324 1162 478 1198 dubium
510 1163 566 1198 est
592 1174 683 1196 num
706 1162 776 1197 huc
806 1159 989 1196 referendi
1021 1159 1098 1194 sint
1127 1170 1253 1194 versus
1292 1169 1384 1202 quos
1411 1156 1569 1202 legimus
1593 1157 1692 1191 Man.

177 1220 211 1255 V
226 1219 291 1256 176
315 1222 354 1256 et
375 1220 457 1256 295.
494 1220 538 1255 In
561 1220 682 1266 priore
706 1231 813 1254 versu
837 1218 960 1254 nescio
984 1229 1033 1253 an
1057 1216 1169 1252 alicui
1193 1216 1366 1252 videatur
1386 1214 1505 1250 inesse
1529 1214 1692 1250 imitatio

177 1289 303 1315 versus
328 1277 502 1315 Ovidiani
536 1277 620 1312 fast.
649 1277 682 1312 V
706 1277 776 1313 305
805 1277 843 1311 et
873 1275 988 1310 Ibidis
1016 1275 1094 1311 599.
1138 1273 1261 1309 Verba
1290 1272 1438 1308 Manilii
1472 1273 1563 1308 haec
1588 1274 1691 1307 sunt:

182 1335 248 1378 Te,
285 1335 528 1381 Meleaqre,
569 1335 705 1375 colunt,
741 1333 936 1379 flammis
966 1332 1227 1368 absentibus
1254 1331 1322 1376 (sic
1346 1330 1556 1371 Bentleius;
1587 1330 1691 1365 habi-

178 1392 341 1429 tantibus
376 1392 480 1428 codd.
517 1404 657 1433 omnes,
694 1391 766 1426 nisi
803 1391 901 1436 quod
938 1390 1152 1426 habentibus
1180 1390 1245 1433 V2)
1277 1394 1441 1433 ustum,
1488 1389 1612 1425 Ovidii
1650 1389 1690 1423 in

178 1450 310 1485 fastis
333 1451 438 1486 haec:
468 1450 624 1496 Respice
653 1449 946 1486 Thestiaden.
975 1449 1170 1494 flammis
1195 1448 1463 1483 absentibus
1489 1448 1624 1489 arsit,
1651 1447 1691 1482 in

179 1507 307 1543 Ibide
351 1508 457 1544 haec:
494 1509 647 1544 Natus
685 1512 731 1543 ut
761 1508 982 1543 Althaeae
1017 1506 1215 1551 flammis
1250 1505 1521 1542 absentibus
1557 1506 1690 1542 arsit.

179 1565 358 1602 Dubitare
386 1566 519 1612 possis,
550 1568 678 1602 utrum
700 1566 878 1601 fastorum
901 1577 950 1600 an
979 1564 1094 1600 Ibidis
1127 1575 1254 1600 versus
1285 1563 1469 1600 imitando
1499 1575 1691 1610 expressus

180 1623 244 1659 sit:
270 1623 301 1658 si
325 1623 474 1659 omnino
498 1623 662 1659 imitatio
687 1623 921 1670 agnoscenda
946 1624 1001 1658 est
1027 1622 1088 1667 (de
1113 1634 1187 1667 qua
1208 1633 1248 1657 re
1272 1622 1508 1658 vehementer
1533 1622 1691 1667 dubito),

182 1681 352 1727 equidem
376 1681 471 1716 illud
495 1681 728 1724 crediderim,
764 1693 884 1727 neque
914 1683 1039 1716 tamen
1070 1680 1199 1727 negari
1223 1682 1365 1726 potest,
1402 1682 1550 1727 poetam
1575 1681 1691 1716 Ibidis

179 1750 324 1775 versum
353 1739 518 1785 potuisse
548 1739 707 1780 imitari,
746 1739 844 1784 quod
879 1750 1026 1774 carmen
1060 1731 1195 1783 primis
1225 1737 1328 1772 exilii
1357 1738 1464 1772 annis
1496 1739 1623 1773 fictum
1653 1741 1692 1774 et

177 1797 264 1842 post
296 1795 421 1831 Ovidii
454 1798 610 1832 mortem
639 1797 795 1832 Romam
827 1796 1011 1841 perlatum
1040 1795 1190 1830 videtur
1218 1806 1308 1831 esse.
1370 1795 1441 1831 Sed
1477 1808 1560 1831 cum
1596 1797 1692 1832 liber

181 1851 408 1887 Manilianus
433 1852 586 1897 quintus
611 1852 800 1888 nonnullis
824 1852 932 1887 annis
955 1853 1041 1898 post
1066 1863 1178 1897 quam
1202 1852 1296 1887 liber
1312 1854 1466 1897 quartus
1491 1853 1612 1888 editus
1636 1855 1692 1888 est

179 1909 352 1945 videatur
375 1910 534 1956 scriptus
559 1921 650 1952 esse,
686 1910 796 1945 facile
819 1910 898 1945 fieri
922 1910 1063 1955 potuit,
1097 1911 1140 1944 ut
1173 1911 1284 1955 poeta
1314 1921 1358 1945 ex
1382 1910 1562 1946 fastorum
1586 1911 1690 1946 libris

178 1966 356 2009 hauriret,
381 1966 445 2012 qui
469 1969 552 2012 post
572 1967 697 2003 Ovidii
720 1969 875 2003 mortem
889 1967 1028 2002 Romae
1045 1967 1231 2013 divulgati
1249 1969 1345 2003 sunt.
1358 1989 1396 1994 -
1414 1968 1544 2004 Obiter
1560 1980 1691 2004 moneo

180 2025 334 2070 excepto
370 2035 444 2059 uno
480 2025 540 2059 vel
576 2025 718 2060 duobus
760 2025 938 2070 exemplis
982 2025 1095 2070 (Man.
1131 2025 1185 2060 III
1216 2026 1261 2060 22
1298 2027 1336 2061 et
1371 2026 1525 2062 fortasse
1562 2027 1596 2062 II
1630 2028 1690 2071 49)

180 2083 358 2119 fastorum
375 2095 498 2119 versus
514 2083 710 2119 Manilium
733 2084 923 2120 imitatum
948 2095 1023 2119 non
1048 2095 1124 2120 esse
1148 2084 1221 2119 nisi
1245 2084 1286 2119 in
1310 2085 1404 2121 libro
1429 2086 1580 2131 quint03
1604 2097 1691 2121 nam

178 2139 433 2176 imitationum
469 2141 518 2176 ad
552 2142 666 2176 i'astos
704 2142 953 2187 spectantium
987 2142 1173 2188 exempla,
1210 2154 1306 2187 quae
1346 2144 1532 2190 congessit
1567 2145 1691 2180 Freier

180 2198 267 2240 (1.1.
301 2211 336 2244 p.
361 2200 408 2234 60
430 2202 517 2244 sq.)‚
553 2199 680 2245 exigui
714 2200 893 2235 momenti
931 2199 1024 2235 mihi
1059 2199 1234 2236 videntur
1276 2211 1369 2242 esse;
1411 2202 1557 2237 accedit
1591 2203 1689 2248 quod

178 2255 278 2291 Man.
291 2256 346 2291 III
359 2257 378 2291 1
403 2256 534 2292 melius
559 2269 671 2302 quam
695 2258 743 2293 ad
756 2269 901 2293 versum
914 2258 1139 2293 Ovidianum
1155 2258 1251 2301 (fast.
1265 2259 1300 2293 II
1317 2259 1395 2303 123)
1421 2260 1470 2295 ad
1483 2260 1690 2307 Vergilium

179 2315 276 2359 (aen.
311 2314 345 2349 X
380 2316 461 2359 811)
497 2316 663 2351 refertur.
716 2317 771 2351 Ex
806 2327 913 2352 versu
954 2317 1114 2362 denique
1140 2317 1346 2353 Maniliano
1371 2318 1404 2352 V
1427 2319 1496 2354 295
1519 2319 1621 2356 dabit
1657 2325 1691 2356 et

177 2373 371 2409 iaculum
400 2377 604 2419 torquere
633 2375 848 2417 lacertis,
881 2386 954 2420 quo
980 2375 1201 2421 exprimitur
1225 2375 1430 2412 Ovidianus
1460 2377 1541 2420 ille,
1578 2390 1687 2423 quem

179 2440 224 2464 ex
247 2429 353 2466 Pont.
378 2430 414 2466 H
438 2432 471 2473 9,
495 2433 538 2466 57
571 2432 747 2476 legimus:
783 2433 903 2478 Atque
927 2437 968 2468 ut
991 2444 1029 2469 es
1055 2444 1204 2469 excusso
1242 2434 1442 2470 iaculum
1477 2438 1688 2482 torquere

179 2487 366 2532 lacerto,
386 2488 483 2523 nihil
508 2489 677 2525 concludi
701 2491 841 2536 potest,
875 2502 957 2526 cum
990 2490 1085 2526 liber
1114 2491 1354 2537 epistolarum
1379 2504 1423 2528 ex
1448 2494 1567 2529 Ponto
1593 2495 1689 2530 alter

177 2543 252 2580 iam
268 2556 366 2580 anno
378 2545 467 2581 XIII
479 2547 635 2583 Romam
658 2547 789 2583 missus
814 2548 874 2590 sit,
899 2550 942 2583 ut
957 2548 1044 2583 libri
1061 2549 1211 2584 secundi
1229 2550 1394 2586 earmina
1417 2551 1483 2586 illo
1508 2554 1687 2598 tempore.

180 2613 254 2646 quo
277 2604 389 2648 poeta
413 2603 549 2640 librum
573 2605 746 2650 quintum
770 2608 1022 2652 componeret,
1046 2606 1123 2642 iam
1146 2607 1211 2643 diu
1236 2608 1374 2644 Romae
1399 2609 1642 2647 innotuerint.

275 2661 301 2704 1)
318 2660 448 2709 ‘Pauca
473 2661 594 2697 dicam
618 2663 664 2698 de
687 2663 894 2699 Bentleii
920 2664 1023 2708 (edit.
1048 2666 1162 2710 praef.
1188 2678 1222 2711 p.
1244 2667 1346 2712 XIII)
1374 2670 1509 2703 conatu
1526 2669 1687 2714 Augusti

179 2716 308 2758 aetati,
330 2728 406 2752 non
429 2718 540 2754 tertio
564 2720 624 2754 vel
649 2722 781 2765 quarto
805 2733 840 2766 p.
868 2721 949 2757 Chr.
974 2734 1010 2758 n.
1035 2724 1199 2765 saeculo,
1233 2735 1314 2759 eam
1343 2725 1388 2760 ob
1419 2737 1496 2760 rem
1521 2726 1686 2761 tribuen-

180 2773 266 2808 dam
294 2785 370 2809 esse
402 2776 531 2820 poesin
559 2777 803 2813 Manilianam
838 2780 1055 2823 statuentis,
1092 2781 1181 2826 quia
1210 2785 1323 2827 poeta
1353 2783 1474 2818 utitur
1501 2784 1685 2828 genetivis

179 2831 494 2867 substantivorum
518 2833 558 2868 in
580 2834 654 2869 -ius
679 2837 716 2870 et
741 2837 830 2871 -ium
855 2837 1067 2873 cadentium
1090 2851 1165 2874 non
1190 2839 1230 2874 in
1255 2841 1316 2881 -ii,
1344 2841 1406 2875 sed
1431 2841 1471 2875 in
1497 2843 1525 2875 -i
1549 2853 1684 2876 excun-

180 2889 290 2925 tibus.
340 2889 450 2924 Cuius
474 2891 618 2935 generis
652 2893 816 2937 genetivi
847 2895 946 2939 apud
971 2896 1166 2931 Manilium
1191 2898 1368 2940 leguntur
1396 2898 1455 2932 hi:
1481 2898 1627 2943 Aquari
1651 2900 1685 2936 Π
