1910 3250
970 276 1245 315 ..84-

390 397 574 436 nomicon
601 397 715 436 libris
742 399 784 435 et
810 397 951 445 quarto
981 395 1199 443 quintoque
1216 396 1464 448 'perscriptas
1485 398 1526 436 et
1543 397 1715 437 secundo
1733 397 1826 439 inde

388 477 412 503 a
445 477 560 503 versu
592 467 665 503 466
698 476 823 512 usque
849 463 899 500 ad
927 463 999 501 642
1024 462 1256 510 perstrictas
1283 463 1490 503 ostendere
1517 467 1708 514 poteram.
1759 465 1826 504 In-

387 533 524 581 primis
552 543 730 569 cerneres
760 531 833 570 Cn.
855 531 1055 579 Pisonem,
1085 540 1197 578 quem
1213 529 1389 569 Piscium
1415 531 1542 570 tutela
1567 542 1680 571 usum
1706 532 1826 572 fuisse

388 611 408 636 e
443 598 610 647 quadam
645 599 845 637 nominum
879 596 1139 636 similitudine
1170 597 1300 635 animo
1328 598 1524 646 fingerem.
1579 598 1697 647 Quod
1723 600 1827 638 enim

387 667 433 704 de
461 667 654 715 partubus
681 667 797 704 huius
825 665 966 703 sideris
993 664 1215 703 affiniumve
1242 667 1363 714 poeta
1389 666 1533 705 edidit:

445 743 492 788 11,
516 745 600 780 637:
635 745 689 779 At
713 744 840 789 quibus
864 743 901 778 in
923 742 1038 778 lucem
1063 743 1190 778 Pisces
1214 744 1436 780 venientibus
1461 745 1602 790 adsunt,

631 800 700 835 His
724 810 795 835 non
819 810 892 834 una
915 801 1039 834 manet
1064 809 1207 845 semper
1229 800 1408 835 sententia
1432 800 1538 844 cordi,

632 855 864 892 commutant
889 856 1037 898 animos,
1062 855 1237 890 interdum
1262 858 1307 891 et
1330 856 1519 891 foedera
1541 859 1751 904 rumpunt

634 913 694 947 Ae
717 914 895 958 repetunt,
919 913 1110 956 tectaeque
1132 911 1209 946 lues
1233 912 1298 947 sub
1323 912 1438 947 fronte
1461 914 1648 958 vagantur.

438 967 486 1011 V,
510 968 594 1006 647:
630 968 841 1013 Engonasin
863 987 907 995 —
931 968 1061 1003 dextra
1083 979 1148 1013 per
1170 970 1352 1004 extremos
1377 967 1510 1004 attollit
1532 968 1668 1004 lumina
1681 968 1824 1007 Pisces:

628 1024 726 1059 Hinc
749 1024 833 1069 fuga
857 1026 1086 1060 nascentum:
1111 1023 1238 1059 dolus
1262 1025 1549 1070 insidiaeque
1575 1028 1786 1062 creantur

631 1079 899 1124 Grassatorque
923 1080 1022 1114 venit
1046 1079 1201 1115 mediam
1226 1081 1437 1116 metuendus
1460 1081 1496 1116 in
1518 1081 1654 1126 urbem,

627 1135 672 1170 In
695 1138 892 1181 praerupta
915 1135 1017 1170 dabit
1041 1135 1209 1180 studium,
1232 1136 1432 1182 vendetque
1455 1137 1589 1182 periclo

626 1190 811 1235 Ingenium
836 1217 845 1226 .
869 1218 877 1227 .
901 1191 933 1226 .“

379 1270 476 1307 haec
513 1270 644 1307 omnia
680 1269 871 1308 mehercle
907 1271 1078 1319 perbene
1106 1274 1330 1320 congruunt
1356 1256 1519 1311 cum-iis
1545 1274 1692 1324 verbis,
1725 1286 1825 1324 quae

380 1338 421 1374 in
448 1337 571 1374 vitam
598 1337 846 1375 infestissimi
874 1337 984 1375 illius
1011 1338 1417 1388 perniciosissimique
1439 1339 1673 1380 Germanico
1699 1341 1824 1380 homi-

380 1404 441 1442 nis
470 1404 705 1442 narrandam
733 1404 896 1443 Tacitus
923 1405 1182 1454 consumpsit,
1219 1417 1317 1454 quae
1346 1411 1480 1445 tamen
1507 1419 1708 1458 apponere
1733 1409 1826 1448 huic

380 1472 536 1519 quidem
569 1472 658 1510 loco
691 1473 853 1521 longum
881 1476 952 1510 est.
1004 1473 1096 1521 Ipse
1124 1474 1261 1512 confer
1287 1486 1432 1523 quaeso
1459 1475 1568 1514 Anu.
1595 1476 1629 1525 1,
1665 1477 1732 1526 ¹753
1763 1476 1820 1526 ΙΙ,

378 1540 439 1577 43.
469 1540 537 1586 57;
565 1539 643 1588 ΙΙΙ,
674 1542 730 1578 13.
761 1543 820 1579 14.
851 1544 908 1580 16.
950 1539 1090 1589 Neque
1118 1541 1167 1578 ab
1195 1541 1266 1579 illo
1288 1541 1440 1580 Tiberii
1468 1543 1640 1582 satellite
1667 1545 1824 1583 abesset

377 1605 572 1644 Plancina
612 1619 726 1657 uxor,
768 1619 866 1656 quae
907 1608 1102 1657 principis
1143 1609 1257 1646 matri
1294 1610 1345 1647 ad
1377 1603 1604 1660 privignum
1637 1622 1659 1649 e
1691 1611 1822 1651 medio

0 1676 13 1697 r
379 1674 599 1712 tollendum
635 1687 794 1724 operam
827 1675 985 1713 dicavit.
1039 1675 1158 1713 Hanc
1190 1676 1293 1714 enim
1326 1681 1367 1715 et
1394 1678 1520 1727 ipsam
1548 1682 1676 1718 ortam
1701 1679 1822 1718 fuisse

0 1730 41 1783 ,ᾖ
376 1740 562 1779 Piscibus
590 1743 802 1791 conieeres,
832 1742 924 1790 quia
951 1742 1042 1780 inde
1069 1755 1093 1780 a
1111 1743 1185 1793 IV,
1213 1745 1285 1783 573
1314 1745 1527 1795 insigniter
1552 1746 1603 1784 ad
1628 1758 1712 1785 eam
1730 1758 1822 1786 con-

376 1809 544 1847 veniunt
569 1809 734 1847 Manilii
761 1810 901 1847 verba:

0 1857 39 1940 ff
579 1881 658 1926 „Ne
682 1882 767 1917 velit
791 1883 826 1917 in
849 1883 982 1928 primos
1008 1883 1146 1918 animus
1170 1884 1367 1929 procedere
1390 1884 1532 1921 Pisces:

0 1928 38 1990 ,ξ
578 1938 779 1974 Garrulitas
804 1940 931 1974 odiosa
955 1940 1061 1975 datur
1083 1940 1345 1986 linguaeque
1369 1952 1587 1978 venenum

0 1994 31 2048 ’ᾖ
579 1995 707 2030 Verba
732 1995 891 2040 maligna
915 2007 1028 2031 novas
1052 1997 1224 2031 mutantis
1249 2007 1390 2043 semper
1413 1998 1458 2034 ad
1483 1999 1590 2044 auris,
1651 2012 1655 2015 ·

581 2050 740 2086 Crimina
764 2063 829 2098 per
851 2053 1023 2098 populum
1047 2053 1172 2098 populi
1194 2053 1283 2088 ferre
1307 2064 1369 2088 ore
1393 2053 1556 2100 bilingui.

0 2147 11 2159 ἢ
576 2106 687 2142 Nulla
711 2106 799 2142 fides
824 2107 929 2142 inerit
952 2109 1058 2152 natis,
1085 2109 1148 2144 sed
1174 2119 1314 2145 summa
1335 2110 1458 2147 libido.

576 2163 779 2198 Ardentem
805 2163 943 2199 medios
969 2165 1124 2199 animum
1149 2166 1237 2200 libet
1260 2166 1310 2201 ire
1335 2178 1400 2212 per
1421 2166 1522 2212 ignes

569 2217 650 2253 Nec
675 2219 773 2254 solus
798 2219 903 2254 fuerit
927 2221 1089 2265 geminus
1114 2223 1179 2256 sub
1203 2222 1368 2258 Piscibus
1393 2226 1510 2260 ortus:

570 2274 701 2310 Frater
725 2276 792 2311 erit
817 2276 1000 2322 dulcisque
1025 2288 1128 2313 soror
1152 2281 1312 2314 materve
1336 2280 1518 2315 duorum.“

381 2347 500 2394 Quod
527 2348 584 2386 ita
612 2360 696 2386 esse
724 2361 940 2398 cognosces
969 2362 1017 2388 ex
1044 2352 1152 2390 Ann.
1179 2352 1235 2401 ΙΙ,
1263 2354 1322 2391 43.
1343 2354 1403 2392 55.
1424 2354 1488 2400 75;
1515 2353 1594 2402 ΙΙΙ,
1620 2357 1656 2394 9.
1677 2355 1733 2394 15.
1757 2357 1821 2405 17;

369 2414 444 2463 VI,
477 2417 537 2454 26.
574 2437 620 2443 —
656 2416 806 2454 Verum
840 2421 970 2456 tamen
1005 2419 1146 2468 procul
1181 2420 1233 2457 sit
1265 2432 1289 2457 a
1324 2431 1382 2458 me
1413 2421 1558 2459 crimen
1584 2423 1820 2462 temeritatis

372 2482 454 2520 sive
491 2483 719 2522 commenti!
754 2486 988 2533 praesertim
1021 2487 1127 2535 quod
1161 2487 1252 2525 inde
1288 2491 1446 2526 nostrae
1481 2489 1707 2537 quaestioni
1741 2490 1819 2529 iam

372 2561 421 2587 ne
449 2550 608 2588 minima
637 2552 793 2600 quidem
822 2553 976 2590 utilitas
1004 2554 1146 2592 evenit.

473 2615 604 2656 Subeo
632 2618 756 2668 igitur
783 2620 982 2670 extemplo
1011 2620 1189 2659 ultimum
1217 2623 1499 2661 sententiarum
1525 2635 1696 2664 mearum
1713 2625 1818 2675 peri-

372 2685 512 2723 culum.
573 2685 617 2723 Si
659 2686 837 2735 profecto
874 2687 1064 2737 accidere,
1099 2700 1353 2738 quaecunque
1387 2691 1577 2730 accidisse
1610 2693 1816 2743 proposui,

373 2753 556 2803 carmine,
590 2765 674 2792 cum
710 2753 965 2795 Germanicus
1000 2756 1257 2804 moriebatur,
1291 2758 1465 2797 nondum
1499 2759 1550 2797 ad
1582 2759 1696 2799 finem
1729 2771 1816 2810 per-
