1936 3392
827 289 1040 330 -21-

178 376 288 417 unde
311 377 399 416 sine
423 376 709 416 controversia
734 377 1000 417 inferendum
1024 381 1100 425 est,
1126 380 1220 429 post
1242 375 1340 416 Vari
1366 375 1526 415 cladem
1548 376 1677 429 scrip-

175 442 277 481 sisse
299 441 528 487 Manilium,
549 441 603 480 ad
626 440 753 481 finem
777 441 871 481 libri
893 442 1018 494 primi
1038 442 1221 493 veniam,
1245 441 1511 494 primumque
1537 441 1675 482 locum

175 506 385 559 integrum
406 505 580 545 afferam
604 518 613 545 :

486 629 606 665 ...Nec
626 629 737 677 plura
753 629 847 665 alias
867 630 1045 666 incendia
1061 630 1227 666 mundus

364 682 567 727 Sustinuit,
593 693 711 730 quam
734 693 821 718 cum
843 682 1002 719 ducibus
1019 684 1150 730 jurata
1169 682 1334 718 cruentis

363 737 481 771 Arma
499 735 718 782 Philippeos
741 736 951 782 implerunt
970 735 1156 783 sanguine
1176 745 1349 781 campos,

365 788 511 835 Vixque
533 788 652 824 etiam
674 788 773 823 sicca
793 788 903 824 miles
924 799 1104 824 romanus
1124 799 1242 824 arena

363 841 459 886 Ossa
475 841 601 877 virum
618 842 844 889 lacerosque
859 842 963 889 prius
981 841 1213 888 superastitit
1230 843 1352 884 artus;

364 895 650 942 Imperiumque
670 895 746 930 suis
764 894 932 930 conflixit
947 895 1088 930 viribus
1108 894 1248 941 ipsum,

363 950 512 994 Perque
533 947 652 994 patris
670 950 782 995 pater
797 949 991 994 Augustus
1012 947 1173 994 vestigia
1191 946 1292 982 vicit.

363 1001 530 1037 Necdum
551 1000 637 1036 finis
660 1003 742 1036 erat
763 1012 771 1037 :
793 1000 992 1036 restabant
1007 1000 1114 1035 Actia
1134 999 1235 1035 bella

361 1054 488 1091 Dotali
508 1053 715 1090 commissa
734 1054 831 1098 acie,
851 1054 1091 1100 repetitaque
1111 1063 1242 1088 rerum

361 1107 455 1143 Alea
474 1110 512 1143 et
532 1106 570 1142 in
591 1109 711 1154 ponto
729 1107 915 1154 quaesitus
934 1109 1062 1142 rector
1081 1106 1253 1153 Olympi3

361 1159 585 1196 Femineum
603 1159 739 1195 sortita
757 1160 897 1207 jugum
917 1170 1004 1195 cum
1024 1160 1147 1195 Roma
1166 1158 1350 1206 pependit

360 1215 483 1259 Atque
503 1212 585 1259 ipsa
605 1213 720 1248 Isiaco
742 1215 936 1248 certarunt
953 1212 1116 1248 fulmina
1136 1212 1261 1248 sistro.

361 1265 570 1301 Restabant
591 1265 755 1312 profugo
776 1265 926 1301 servilia
945 1265 1066 1300 milite
1087 1265 1199 1307 bella,

361 1320 457 1355 Cum
477 1317 619 1364 patrios
639 1317 754 1353 armis
771 1317 942 1353 imitatus
967 1318 1067 1353 filius
1086 1318 1216 1353 hostes

361 1371 529 1417 AEquora
550 1370 755 1416 Pompeius
782 1370 881 1417 cepit
901 1369 1055 1405 defensa
1076 1369 1238 1416 pacenti.

361 1423 437 1459 Sed
457 1423 547 1458 satis
565 1423 639 1459 hoc
657 1423 746 1458 fatis
768 1423 893 1459 fuerit.
915 1423 999 1458 Jam
1015 1422 1115 1458 bella
1140 1422 1348 1468 quiescant,

362 1477 488 1522 Atque
509 1476 752 1511 adamanteis
773 1475 961 1511 discordia
981 1475 1104 1510 vincta
1124 1475 1268 1511 catenis

362 1530 538 1565 AEternos
557 1529 698 1565 habeat
716 1529 846 1564 frenos
867 1529 906 1563 in
927 1539 1079 1564 carcere
1102 1529 1244 1564 clausa.

362 1581 418 1619 Sit
435 1584 546 1628 pater
564 1581 726 1617 invictus
745 1581 892 1627 patriae,
915 1581 963 1616 sit
980 1583 1104 1617 Roma
1123 1581 1191 1616 sub
1212 1581 1291 1625 illo,

359 1636 531 1681 Cumque
553 1635 668 1670 deum
689 1635 781 1670 caelo
803 1634 966 1678 dederit,
988 1645 1065 1670 non
1088 1636 1236 1681 quaerat
1254 1633 1293 1668 in
1316 1633 1406 1670 orbe
1428 1635 1455 1669 ¹.

169 1759 315 1798 Nonne
332 1770 382 1798 ea
398 1757 629 1810 perlegenti
647 1770 791 1798 sensus
809 1760 950 1810 patet?
966 1760 1070 1798 Nam
1092 1762 1225 1798 totam
1246 1756 1551 1797 discordiarum
1572 1756 1669 1796 civi-

169 1821 272 1863 lium
293 1823 442 1862 seriem
469 1822 651 1875 explicat
670 1827 796 1874 poeta
813 1827 855 1862 et
874 1824 999 1863 finem
1021 1822 1171 1874 aperit,
1195 1826 1395 1875 optatque
1424 1826 1467 1861 ut
1490 1834 1572 1873 pax
1599 1821 1671 1861 illa

170 1891 251 1927 stet
269 1887 312 1926 in
333 1892 546 1940 posterum
570 1899 579 1926 :
600 1887 769 1935 scilicet,
791 1892 1017 1940 postquam
1039 1887 1323 1927 Pharsalicam
1346 1890 1386 1926 et
1406 1886 1669 1938 Philippcam

170 1963 372 2004 pugnam,
408 1952 648 2004 Virgilianae
681 1964 854 2003 poeseos
887 1953 1062 1992 forsitan
1097 1952 1209 1991 haud
1240 1952 1476 2001 immemor,
1514 1950 1668 2001 attigit,

170 2020 395 2068 postquam
427 2017 596 2056 Actiaca
633 2028 727 2056 cum
760 2017 964 2064 Antonio,
993 2016 1161 2056 servilia
1195 2029 1290 2056 cum
1323 2016 1524 2068 Pompeio
1557 2014 1670 2054 bella

171 2081 530 2129 commemoravit,
554 2085 642 2120 tum
670 2093 767 2120 vero
794 2085 996 2133 tanquam
1023 2081 1056 2119 si
1083 2082 1133 2120 de
1165 2081 1400 2121 recentibus
1426 2079 1548 2119 malis
1572 2091 1668 2119 nec-

170 2145 270 2184 dum
299 2145 400 2184 satis
426 2145 674 2185 confirmata
704 2146 817 2198 pacis
844 2145 1116 2185 diuturnitate
1147 2146 1359 2197 loquatur,
1395 2149 1591 2197 precatur
1622 2148 1668 2183 ut

169 2209 269 2249 satis
291 2209 372 2249 hoc
390 2210 485 2249 fatis
509 2210 648 2258 fuerit,
671 2211 866 2262 vivatque
885 2211 1023 2250 Caesar
1043 2210 1303 2262 imperetque
1325 2211 1468 2248 Romae
1489 2208 1667 2248 invictus

167 2274 595 2327 imperturbatusque,
619 2275 848 2314 discordias
879 2288 1025 2314 omnes
1051 2279 1091 2314 et
1119 2274 1232 2314 bella
1262 2285 1544 2326 compescens.
1568 2273 1666 2320 Quis

168 2350 267 2378 vero
295 2339 433 2378 Caesar
464 2338 750 2391 intelligatur?
770 2341 821 2379 At
854 2353 978 2392 quem
1009 2340 1137 2379 alium
1172 2338 1508 2392 patrempatriae
1540 2341 1664 2389 poeta

168 2402 303 2443 dicere
330 2402 398 2443 hic
418 2407 571 2456 potest,
594 2417 720 2456 quam
742 2405 880 2456 ipsum
901 2405 1018 2443 illum
1041 2405 1108 2444 cui
1134 2404 1188 2444 ob
1217 2404 1422 2444 exstincta
1444 2406 1507 2442 tot
1528 2402 1665 2442 civilia

167 2466 291 2515 bella,
314 2467 675 2521 instauratamque
704 2469 1006 2522 rempublicam
1029 2474 1068 2509 et
1088 2473 1287 2522 pacatum
1315 2467 1476 2519 orbem,
1509 2480 1663 2507 nomen

165 2531 247 2572 hoc
263 2531 464 2573 universae
480 2533 658 2573 civitatis
673 2547 767 2574 cum
786 2534 950 2586 privato
969 2539 1057 2573 tum
1074 2534 1243 2587 publico
1257 2545 1459 2573 consensu
1477 2532 1661 2572 delatum

166 2596 318 2637 fuerit?
355 2598 461 2636 Num
498 2598 626 2638 etiam
665 2611 715 2639 ea
752 2611 1026 2639 romanarum
1060 2599 1363 2639 discordiarum
1402 2602 1442 2637 et
1480 2597 1661 2636 cladium

164 2663 510 2702 commemoratio
537 2663 580 2702 in
607 2663 715 2703 alius
740 2664 863 2704 laude
891 2664 1108 2704 terminari
1133 2667 1286 2716 potest,
1310 2674 1436 2714 quam
1464 2661 1662 2713 principis

167 2735 240 2775 per
261 2737 384 2776 quem
401 2737 543 2766 rursus
564 2727 802 2768 florere-res
823 2730 1021 2769 Romanae
1043 2729 1283 2781 coeperunt?
1301 2725 1660 2775 Quemadmodum

210 2829 241 2860 1.
259 2828 392 2871 Manil.,
412 2831 564 2870 Astron„
585 2832 612 2873 1,
633 2834 707 2866 907.
