1936 3392
820 267 1035 309 -15—

172 361 255 400 Nec
286 358 421 398 ullum
445 356 647 397 indicium
675 356 773 396 inde
805 357 914 396 sumi
937 358 1033 410 jure
1067 357 1265 405 arbitror,
1295 357 1408 410 quod
1437 362 1563 411 poeta
1591 371 1679 400 non

173 424 402 478 alloquitur
420 423 671 474 Augustum,
694 422 764 461 sed
786 421 836 461 de
858 434 907 461 eo
927 421 1043 462 velut
1071 423 1195 462 tertia
1221 435 1403 475 persona
1428 423 1626 476 loquatur
1648 426 1677 464 ¹.

171 491 276 530 Nam
297 489 495 542 primum,
518 487 596 527 etsi
614 488 828 538 Augustus
851 491 1043 527 mortuus
1063 492 1186 536 esset,
1209 500 1306 527 eum
1328 488 1487 541 alloqui
1515 489 1678 542 potuis-

171 559 234 595 set
256 565 266 595 :
288 553 381 607 quis
401 553 512 593 enim
533 557 660 605 poeta
678 552 743 591 vel
759 556 950 592 mortuos
967 552 1033 592 vel
1055 553 1250 592 absentes
1268 553 1331 592 vel
1357 554 1456 594 deos
1474 558 1677 607 tanquam

169 623 399 672 praesentes
419 630 503 658 non
524 622 586 658 est
606 617 841 657 allocutus?
860 618 1071 658 Praeterea
1091 618 1325 658 notandum
1344 622 1406 658 est
1423 622 1464 659 et
1482 621 1678 672 quaedam

170 684 335 724 Tiberio
355 687 544 736 anostro
571 683 712 723 Freier
741 683 874 731 reddi,
896 683 940 722 in
967 683 1118 736 quihus
1143 684 1365 732 Caesarem,
1389 684 1576 736 quisquis
1597 690 1676 736 est,

169 748 364 790 Manilius
384 748 615 800 alloquitur
634 749 663 797 ²,
687 761 782 801 quae
809 748 842 788 si
860 748 911 788 de
929 749 1117 800 Augusto
1137 747 1413 803 accipiantur,
1433 753 1479 788 ut
1501 761 1526 788 a
1548 750 1675 789 Bent-

170 814 252 855 leio
278 819 319 854 et
346 814 558 866 Scaligero
583 818 680 853 sunt
703 818 890 866 accepta,
910 814 1000 866 jam
1029 813 1219 852 Manilius
1243 813 1483 865 alloquetur
1506 815 1674 865 Augus-

169 884 282 929 tum3
301 884 342 920 et
363 880 447 919 alia
467 879 663 932 quaedam
682 879 734 918 ab
756 879 904 918 eodem
926 879 969 918 in
986 878 1196 918 Tiberium
1219 878 1333 917 dicta
1353 878 1478 918 fuisse
1500 880 1673 929 censeri,

169 945 212 984 in
233 945 385 998 quibus
406 948 531 997 poeta
551 957 637 984 non
666 957 760 984 eum
788 944 865 983 etsi
891 944 1033 983 vivum
1060 943 1355 995 videntemque
1383 943 1612 996 alloquitur
1641 947 1672 986 ³.

224 1010 436 1050 Tiberium
451 1022 548 1049 vero
564 1009 803 1060 astrologiae
818 1008 1027 1048 curiosum
1045 1009 1312 1060 peritumque
1327 1008 1369 1047 in
1384 1009 1530 1061 primis
1551 1010 1675 1050 fuisse

169 1075 353 1115 concedo
377 1089 386 1113 ε
410 1087 504 1114 cum
523 1078 664 1114 autem
685 1086 761 1113 nec
783 1074 919 1126 ipsum
938 1074 1172 1124 Augustum
1197 1073 1286 1125 ejus
1316 1073 1442 1114 fuisse
1459 1075 1678 1126 negligen-

168 1143 253 1180 tem
279 1140 420 1179 Freier
446 1140 641 1187 fateatur,
663 1139 803 1178 neutri
829 1138 963 1178 ullum
987 1139 1084 1178 inde
1109 1142 1407 1190 argumentum
1428 1140 1575 1192 surgit,
1601 1153 1677 1181 nec

168 1205 302 1257 magis
321 1217 371 1245 ea
390 1217 456 1244 res
476 1204 688 1244 Tiberium
707 1217 835 1256 quam
856 1205 1088 1255 Augustum
1110 1205 1379 1244 commendat
1400 1205 1429 1244 ⁴.

220 1271 314 1310 Jam
335 1269 466 1322 igitur
485 1282 622 1322 pauca
636 1269 911 1321 disputationi
931 1273 1085 1309 nostra}
1109 1269 1251 1309 relicta
1270 1274 1381 1319 sunt,
1399 1282 1494 1322 quae
1511 1270 1676 1322 Jamdiu

168 1347 195 1375 a
227 1334 440 1386 Scaligero
468 1338 509 1374 et
539 1334 728 1374 Bentleio
765 1338 806 1374 et
837 1334 1012 1381 Jacobo,
1045 1334 1269 1374 novissime
1300 1347 1325 1374 a
1355 1335 1601 1375 Lachmann
1637 1340 1679 1376 et

167 1400 308 1439 Freier
333 1403 515 1440 tractata
538 1403 636 1438 sunt
660 1411 668 1438 :
690 1399 730 1438 in
753 1399 904 1451 quibus
921 1402 961 1438 et
989 1399 1090 1438 olim
1119 1402 1160 1438 et
1187 1411 1296 1438 nunc
1324 1403 1365 1438 et
1390 1399 1434 1438 in
1460 1404 1674 1452 posterum

169 1476 336 1518 quoque
371 1477 537 1504 summa
568 1468 652 1503 stat
677 1463 935 1516 quaestionis.
967 1464 1066 1511 Quae
1101 1463 1331 1503 seeundum
1362 1464 1552 1505 ordinem
1581 1479 1675 1506 ver-

168 1542 290 1570 suum
312 1542 360 1569 ac
380 1529 586 1569 librorum
607 1529 877 1581 percensebo.

221 1594 430 1643 Manilius,
453 1594 496 1633 in
515 1593 722 1647 principio
743 1594 838 1633 libri
860 1593 999 1646 primi,
1023 1606 1129 1646 opus
1149 1594 1303 1634 Caesari
1322 1594 1487 1635 dedicat
1510 1608 1518 1635 :

356 1722 464 1757 Hunc
483 1719 579 1756 mihi
598 1722 653 1764 tu,
675 1721 813 1764 Caesar,
836 1719 973 1766 patriae
995 1719 1248 1766 princepsque
1266 1722 1463 1767 paterque,

356 1773 430 1817 Qui
449 1773 551 1821 regis
571 1773 742 1820 augustis
762 1775 967 1820 parentem
989 1772 1139 1819 legibus
1157 1773 1305 1818 orbem,

357 1828 668 1874 concessumque
684 1827 786 1873 patri
806 1826 996 1862 mundum
1017 1826 1110 1862 deus
1130 1826 1209 1873 ipse
1230 1826 1404 1871 mereris,

357 1882 430 1918 Das
452 1880 640 1926 animum,
663 1881 837 1926 viresque
854 1879 946 1916 facis
966 1880 1015 1916 ad
1036 1882 1146 1916 tanta
1166 1880 1342 1916 canenda
1347 1907 1420 1918 .....

357 1935 435 1970 Hoc
455 1933 525 1969 sub
545 1944 637 1979 pace
656 1936 784 1977 voeat3
807 1935 959 1969 tantum
977 1933 1086 1980 juvat
1108 1945 1116 1970 ε
1140 1933 1195 1969 ire
1217 1945 1285 1981 per
1305 1934 1427 1970 altum

357 1989 469 2032 Aera,
491 1990 530 2022 et
550 1987 738 2023 immenso
760 1986 989 2033 spatiantem
1007 1986 1134 2023 vivero
1156 1987 1251 2023 coelo
1275 1988 1300 2023 ⁵.

166 2112 227 2152 Ea
253 2125 398 2153 omnes
425 2117 627 2166 tanquam
657 2114 708 2153 de
740 2114 927 2165 Augusto
955 2113 1066 2153 dicta
1092 2117 1357 2166 acceperunt,
1380 2113 1512 2154 donee
1542 2114 1673 2153 Lach-

168 2189 297 2217 mann
317 2177 483 2219 Tiberio
505 2192 593 2219 rem
615 2191 783 2219 omnem
805 2178 968 2228 detulit,
987 2191 1112 2231 quem
1124 2179 1266 2218 Freier
1286 2183 1451 2219 secutus
1472 2183 1546 2219 est.
1564 2180 1668 2217 Nam

166 2241 278 2283 hunc
317 2244 524 2284 Gaesarem
562 2257 687 2297 quem
722 2247 848 2297 poeta
883 2243 1085 2297 appellat,
1121 2244 1334 2284 Tiberium
1365 2257 1452 2283 esse
1485 2243 1529 2283 hi
1566 2255 1668 2283 con-

165 2307 358 2360 tendunt,
390 2321 487 2349 cum
522 2322 667 2350 omnes
702 2309 912 2362 principes
945 2309 998 2348 ad
1030 2309 1291 2349 Hadrianum
1328 2322 1460 2361 usque
1496 2308 1671 2349 Caesaris

166 2373 335 2414 nomine
355 2374 511 2414 fuerint
533 2375 755 2426 designati,
781 2378 876 2428 post
902 2374 1161 2414 Hadrianum
1188 2387 1286 2414 vero
1314 2374 1552 2427 principum
1583 2378 1670 2413 tan-

167 2439 386 2479 tummodo
407 2439 482 2479 filii
501 2452 550 2480 ac
570 2440 746 2480 heredes
775 2453 783 2480 :
812 2453 947 2493 neque
977 2440 1207 2493 quidquam
1235 2439 1417 2492 obstare,
1442 2439 1543 2492 quin
1569 2439 1670 2478 deus

168 2506 209 2544 et
233 2504 421 2545 Tiberius
441 2505 618 2556 dicatur,
647 2510 850 2559 paterque
875 2506 911 2545 is
939 2506 1007 2546 cui
1023 2506 1116 2558 jam
1143 2518 1364 2546 concessus
1393 2506 1445 2545 sit
1472 2505 1670 2552 mundus,

212 2644 241 2676 1.
262 2644 392 2686 Freier‚
409 2655 464 2688 op.
484 2646 521 2684 l.‚
542 2657 577 2688 p.
596 2648 649 2680 22.

209 2691 239 2722 2.
261 2691 394 2732 ManiL,
415 2694 565 2732 Astron„
590 2694 615 2734 1,
640 2695 671 2726 Ἴ.

210 2737 241 2769 3.
263 2737 330 2778 Id.,
349 2738 445 2776 ibid„
468 2741 494 2780 I,
513 2741 586 2773 384.

209 2785 240 2816 4.
261 2784 394 2826 Freier,
415 2796 468 2828 op.
491 2787 526 2824 l„
547 2797 581 2828 p.
604 2789 654 2820 15.

211 2833 241 2864 5.
261 2831 396 2873 ManiL,
415 2835 567 2872 Astron„
589 2835 616 2875 Ι,
636 2836 722 2876 Ἳ-10,
744 2836 855 2868 13-14.
