1936 3392
834 289 1046 331 -23-

186 379 336 432 voluit,
359 391 453 432 quae
481 377 628 416 melior
655 377 832 416 inveniri
861 377 1170 417 commendatio
1199 381 1239 417 et
1269 377 1481 419 efficacior
1505 382 1689 431 poterat,

189 458 316 498 quam
336 442 512 495 Augusti
531 441 659 493 ipsius
679 441 839 491 laudes,
859 445 1044 494 votaque
1065 455 1142 495 pro
1170 443 1259 494 ejus
1283 447 1486 496 perpetua
1507 443 1695 484 domina-

187 511 316 550 tione.

241 577 364 615 Recte
393 574 522 626 igitur
546 572 620 612 illa
645 572 695 612 de
715 573 902 623 Augusto
924 572 1005 612 dici
1024 572 1206 613 Jacobus
1226 573 1421 621 obtinuit,
1442 586 1528 613 non
1549 578 1691 614 autem

185 642 298 680 recte
326 638 485 678 ultimis
514 637 650 677 verbis
683 637 865 688 maligne
894 637 1040 688 stringi
1069 638 1280 677 Tiberium
1310 638 1543 689 suspicatus
1572 644 1634 679 est
1657 642 1689 680 ¹.

183 705 288 744 Nam
322 704 517 756 equidem
545 715 627 756 non
661 702 737 741 has
766 714 889 742 voces
924 717 944 738 «
983 715 1165 754 cumque
1186 702 1319 741 vdeum
1352 702 1454 742 caelo
1481 703 1642 743 dederit
1669 720 1691 740 »

182 769 236 810 ad
255 769 360 809 illud
386 769 573 808 futurum
603 772 767 819 tempus
797 780 884 807 esse
912 767 1154 806 referendas
1180 779 1465 823 censeo,flcum
1497 771 1692 808 mortuus

180 835 392 887 Augustus
431 834 693 874 divinitatem
731 832 901 882 induet,
942 832 1015 871 sed
1053 832 1107 871 ad
1145 844 1332 883 praesens
1369 835 1556 884 tempus,
1594 845 1690 872 cum

183 899 303 939 vivus
332 899 526 951 princeps
551 898 641 950 jam
674 909 850 936 numero
884 896 1060 936 deorum
1089 895 1366 935 adscribatur.
1393 895 1467 935 Cui
1493 896 1695 948 interpre-

184 964 334 1004 tationi
360 976 455 1003 cum
482 962 617 1002 multa
646 966 687 1001 et
713 961 844 1014 ipsius
874 961 1033 1000 Manilii
1064 965 1105 999 et
1134 960 1296 1012 Virgilii
1321 965 1363 1000 et
1391 961 1552 1000 Horatii
1579 961 1688 1010 loca,

182 1032 270 1068 tum
296 1028 452 1068 Valerii
481 1027 654 1067 Maximi
679 1027 730 1066 de
758 1026 937 1074 Tiberio,
962 1029 1002 1064 et
1028 1025 1149 1065 Statii
1176 1025 1227 1064 de
1254 1025 1495 1065 Domitiano
1528 1026 1688 1066 favent.

183 1093 358 1134 Videtur
380 1105 479 1143 ergo
504 1091 694 1130 Manilius
723 1091 782 1130 ita
810 1090 984 1130 sensisse
1016 1102 1024 1128 :
1051 1105 1071 1126 «
1096 1091 1154 1129 Ne
1181 1091 1329 1138 Roma,
1350 1090 1447 1130 licet
1467 1091 1558 1142 jam
1586 1091 1692 1131 caelo

183 1158 308 1198 deum
326 1156 488 1197 dederit
507 1157 756 1207 Augustum,
776 1156 894 1194 illum
917 1159 1060 1194 tamen
1082 1159 1285 1206 tanquam
1307 1155 1505 1194 amissum
1527 1160 1692 1208 quaerat

180 1222 225 1263 in
242 1222 356 1262 orbe.
377 1223 481 1261 Nam
500 1221 624 1261 deum
648 1220 834 1272 quidem,
857 1220 928 1259 sed
944 1220 988 1259 in
1004 1220 1124 1259 terris
1138 1223 1385 1272 praesentem
1409 1221 1534 1260 deum
1555 1221 1691 1261 Caesa-

179 1300 268 1327 rem
297 1287 442 1335 habet,
471 1286 720 1338 utinamque
748 1285 818 1324 diu
846 1284 1015 1324 habeat.
1043 1300 1062 1321 »
1092 1285 1194 1324 Cum
1225 1288 1366 1324 autem
1394 1285 1456 1324 vis
1481 1289 1572 1325 tota
1596 1299 1688 1326 sen-

180 1352 322 1392 tentiae
348 1351 390 1390 in
418 1351 499 1390 hoc
519 1350 645 1390 verbo
674 1355 830 1402 quaerat
849 1349 929 1388 sita
949 1348 1016 1397 sit,
1040 1361 1126 1388 non
1146 1349 1297 1388 desunt
1318 1349 1511 1402 exempla
1535 1350 1689 1403 quibus

182 1416 448 1456 manifestum
480 1415 533 1453 sit
564 1414 737 1453 Latinos
769 1413 992 1465 scriptores
1024 1413 1103 1452 hoe
1136 1413 1265 1452 verbo
1299 1426 1408 1466 saepe
1442 1427 1492 1454 ea
1523 1415 1687 1455 indica-

181 1480 302 1530 visse,
335 1492 428 1531 quae
462 1478 616 1518 amissa
649 1482 690 1517 et
722 1477 960 1517 deficientia
996 1477 1347 1517 desiderarentur.
1383 1478 1504 1518 Velut
1542 1479 1687 1519 Cicero

181 1549 330 1586 contra
355 1545 526 1584 Verrem
556 1557 564 1581 :
598 1558 616 1579 «
642 1542 848 1582 AEtnensis
881 1554 982 1592 ager
1016 1541 1214 1582 deformis
1246 1547 1372 1594 atque
1404 1543 1615 1593 horridus,
1638 1548 1687 1583 ut

179 1610 222 1650 in
240 1609 453 1650 uberrima
475 1607 623 1648 Siciliae
645 1611 765 1659 parte
786 1606 970 1647 Siciliam
992 1619 1276 1658 quaereremus
1296 1607 1326 1647 ².
1348 1624 1367 1644 »
1386 1608 1438 1647 Et
1458 1608 1648 1648 Tibullus
1671 1623 1680 1647 :

369 1736 546 1784 Quisquis
566 1736 868 1783 inornatumque
883 1737 997 1782 caput
1014 1735 1210 1782 crinesque
1232 1737 1375 1772 solutos

460 1789 697 1837 Adspiceret,
718 1788 851 1824 Phoebi
870 1791 1062 1835 quaereret
1081 1788 1144 1824 ille
1165 1799 1315 1824 comam
1331 1789 1357 1824 ³.

177 1921 310 1968 Quam
330 1919 678 1971 significationem
700 1919 884 1959 crebrius
904 1931 1005 1958 voce
1028 1919 1240 1971 requirere
1257 1923 1566 1971 expresserunt.
1589 1920 1678 1958 Au·-

177 1988 322 2036 gustus
338 1984 479 2035 igitur,
501 1989 547 2024 ut
561 1984 706 2024 scribit
722 1983 926 2034 Manilius,
941 1984 1133 2036 quamvis
1147 1983 1264 2032 deus,
1277 1984 1454 2036 ideoque
1469 1984 1511 2022 in
1529 1984 1679 2024 caelum

177 2052 383 2101 receptus,
405 2061 490 2088 non
512 2049 554 2087 in
582 2049 702 2088 terris
723 2048 973 2100 requiretur,
998 2061 1092 2088 cum
1114 2048 1243 2097 vivat,
1266 2049 1473 2101 simulque
1494 2052 1535 2089 et
1555 2049 1622 2089 dei
1638 2054 1682 2089 et

175 2113 376 2166 principis
395 2113 553 2153 vicibus
575 2113 789 2164 fungetur.

228 2177 354 2218 Libro
390 2178 573 2218 secundo
609 2177 892 2230 horoscopum
925 2178 1102 2230 Augusti
1137 2178 1328 2220 Manilius
1360 2178 1530 2226 indicat,
1563 2190 1676 2226 cum,

174 2255 268 2295 quae
290 2242 410 2295 signa
430 2243 482 2282 ad
504 2255 598 2295 quae
620 2246 823 2296 spectent,
847 2243 1019 2296 exponit
1042 2256 1051 2284 :

538 2372 680 2408 Contra
701 2372 951 2418 Capricornus
970 2372 1009 2408 in
1028 2372 1154 2419 ipsum

458 2423 651 2460 Convertit
669 2424 769 2460 visus
790 2436 798 2460 z
822 2425 915 2472 quid
935 2424 1262 2472 enimqmirabitur
1282 2424 1344 2460 ille

457 2476 589 2524 Majus,
610 2477 650 2514 in
669 2478 834 2525 Augusti
851 2478 939 2515 felix
958 2489 1047 2514 cum
1064 2477 1216 2514 fulserit
1236 2479 1362 2514 ortum
1381 2476 1398 2501 ⁴
1413 2477 1432 2512 ‘2

213 2603 244 2634 1.
264 2603 399 2644 Jacob„
421 2604 538 2646 Praefl,
559 2615 592 2646 p.
615 2615 677 2638 xvt
702 2615 795 2648 sqq„
820 2607 937 2639 locum
966 2606 1016 2638 ita
1041 2604 1209 2647 intelligit
1230 2615 1238 2637 :
1262 2617 1278 2634 «
1301 2603 1428 2642 Quand
1448 2604 1559 2635 Rome
1585 2610 1674 2634 aura

173 2647 292 2682 donne
313 2660 360 2683 un
387 2652 475 2684 Dieu
496 2662 541 2685 au
571 2652 650 2692 ciel,
671 2653 798 2694 qu'elle
820 2663 864 2686 ne
884 2654 916 2686 le
937 2654 1088 2686 cherche
1109 2653 1189 2694 plus
1217 2661 1279 2684 sur
1302 2653 1335 2684 la
1362 2654 1455 2684 terre
1483 2662 1513 2691 »‚
1529 2648 1567 2682 id
1586 2650 1640 2681 est
1662 2657 1672 2678 :

174 2706 191 2724 «
211 2695 335 2728 Tibere
355 2699 546 2731 succedere
568 2700 590 2731 a
604 2700 776 2742 Auguste,
799 2701 888 2734 mais
910 2710 955 2733 ne
974 2700 1007 2733 le
1028 2700 1249 2741 remplacera
1267 2708 1342 2740 pas.
1363 2710 1378 2726 n

213 2741 245 2774 2.
264 2742 350 2784 Cic.‚
374 2746 482 2783 Vei-r„
503 2746 547 2786 II,
566 2747 598 2787 3,
620 2748 670 2780 18.

214 2787 244 2820 3.
262 2789 354 2828 Tib..
374 2790 419 2830 II,
438 2792 467 2830 3,
491 2792 542 2823 25.

212 2835 244 2866 4.
265 2834 397 2874 Manil„
416 2837 566 2876 Astron„
586 2839 629 2879 11,
647 2840 796 2872 507-509.
