1942 3308
935 257 1208 301 ...56-

331 388 480 427 certam
510 396 752 438 cognoscere
783 381 994 438 nequimus
1023 387 1144 438 atque
1168 380 1328 423 dubiam
1361 381 1458 424 mihi
1484 382 1643 427 videtur
1664 383 1814 428 habere

329 451 648 508 probabilitatem
699 450 859 502 Freier‚
907 465 995 490 oum
1042 450 1336 492 astronomicon
1379 452 1497 507 primi
1541 452 1630 494 libri
1675 469 1814 496 versus

330 520 469 560 finales
500 533 521 560 e
549 518 658 560 Fast.
691 518 709 558 Ι
741 519 834 569 701,
859 517 940 559 702
965 517 1129 557 fluxisse
1158 518 1270 558 nobis
1296 520 1538 574 persuadere
1567 520 1653 562 vult
1679 523 1738 575 (p.
1761 521 1816 562 64

331 593 371 627 et
400 586 491 638 65):
524 600 656 640 neque
679 584 787 625 enim
809 583 942 625 Fastis
966 584 1048 625 ullo
1078 585 1197 626 modo
1220 585 1430 628 similiores
1453 594 1546 627 sunt
1571 602 1693 643 quam
1715 587 1815 629 Ver-

329 653 415 706 gilii
455 652 636 694 versibus
667 652 777 694 Aen.
815 651 835 692 I
866 651 966 702 293,
1005 651 1055 691 ad
1089 666 1189 707 quos
1230 667 1310 694 non
1341 653 1496 694 minore
1537 654 1816 710 probabilitate

330 719 537 761 Maniliani
581 718 723 760 referri
771 724 950 774 possunt.
1023 718 1081 758 At
1124 718 1156 758 si
1202 719 1290 774 quis
1326 719 1449 764 Trist.
1489 721 1507 760 I
1544 721 1592 772 4,
1637 722 1656 762 l
1700 723 1739 772 (Ι
1777 722 1815 774 3,

334 789 436 840 103)
455 787 483 840 ¹)
528 786 692 827 Manilio
728 799 888 826 versum
921 785 938 825 I
971 786 1052 827 419
1084 786 1277 841 pangenti
1313 793 1450 828 notum
1490 788 1609 830 fuisse
1641 789 1817 844 colligat,

332 855 430 896 haee
444 868 606 909 quoque
622 854 798 893 earmina
815 867 906 894 eum
924 853 1000 894 iarn
1022 853 1241 909 inspexisse
1257 854 1444 907 concedo,
1463 855 1531 896 sed
1549 856 1701 911 primus
1716 856 1819 898 liber

332 923 439 964 solus
470 921 606 976 aliquo
639 934 807 961 numero
837 920 901 962 sit.
960 920 1066 961 Nam
1104 920 1136 960 si
1168 935 1247 976 qua
1282 936 1345 962 res
1376 922 1416 962 in
1447 922 1590 964 ceteris
1614 923 1729 973 =libris
1759 923 1817 964 in-

333 990 504 1039 venitur,
533 1002 636 1044 quae
663 994 900 1029 concentum
931 987 1105 1043 aliquem
1138 989 1314 1042 praebet,
1347 996 1416 1030 aut
1442 990 1521 1030 iam
1549 989 1589 1030 in
1619 976 1818 1060 pi‘ipribus

333 1056 467 1100 Ovidii
499 1055 686 1111 operibus
725 1054 867 1095 eadem
898 1054 962 1095 vel
1001 1055 1139 1095 similis
1181 1055 1380 1110 quaedam
1412 1063 1557 1108 exstat,
1596 1056 1820 1112 quae-,Ma-

331 1124 428 1164 nilio
469 1122 656 1178 exemplo
700 1122 822 1163 fuisse
862 1122 998 1177 possit,
1041 1129 1110 1162 aut
1140 1122 1304 1164 minime
1345 1123 1491 1165 efficax
1531 1131 1608 1177 est,
1648 1124 1759 1166 velut
1786 1125 1819 1165 si

333 1191 555 1234 Germania
586 1191 669 1231 fera
690 1189 835 1230 dicitur
855 1205 878 1230 a
909 1189 1118 1230 Maniliol
1147 1191 1229 1232 899
1257 1191 1356 1231 etin
1379 1191 1457 1234 Ov.
1488 1191 1608 1236 Trist.
1638 1192 1699 1233 lV
1731 1192 1768 1244 2,
1797 1195 1815 1235 1

333 1266 373 1302 et
398 1260 437 1300 in
469 1258 546 1314 Ep.
574 1273 626 1299 ex
656 1258 701 1300 P.
737 1257 777 1298 11
809 1258 848 1309 8,
890 1259 955 1309 39,
997 1258 1107 1298 nulla
1139 1264 1198 1299 est
1229 1259 1280 1311 vi,
1321 1259 1414 1314 quia
1451 1260 1529 1300 iam
1559 1266 1677 1302 antea
1712 1259 1820 1301 idem

332 1327 439 1383 apud
470 1326 687 1367 Horatium
718 1325 868 1380 (Epod.
901 1326 963 1377 16,
1004 1327 1049 1376 7)
1083 1325 1244 1380 legitur.
1304 1326 1449 1382 Neque
1477 1334 1678 1383 repugnat
1706 1341 1821 1370 meae

332 1395 553 1436 sententiae
583 1394 650 1435 ille
680 1394 748 1449 qui
779 1400 839 1435 est
869 1393 919 1435 de
950 1393 1117 1449 Orpheo
1149 1394 1259 1434 loeus
1290 1395 1328 1445 (I
1359 1394 1440 1437 325
1470 1397 1574 1450 sq.):

391 1463 513 1517 Lyra
530 1494 539 1503 .
558 1494 567 1503 .
598 1476 681 1518 qua
712 1462 922 1518 quondam
950 1466 1111 1516 ceperat
1144 1461 1330 1516 Orpheus

393 1530 517 1572 Omne
546 1531 655 1586 quod
686 1533 880 1585 attiyeiat
907 1535 1032 1572 cantu
1060 1543 1278 1585 manesque
1300 1544 1381 1585 per
1409 1532 1519 1585 ipsos
1576 1556 1587 1563 κ

389 1599 502 1639 Fecit
531 1601 609 1639 iter
632 1600 867 1654 domuitque
895 1599 1090 1653 infernas
1121 1600 1304 1640 carmine
1334 1599 1447 1652 leqes.

387 1666 502 1708 Hinc
532 1667 712 1707 caelestis
742 1666 869 1707 honos
897 1667 1125 1721 similisque
1148 1668 1338 1720 potentia
1368 1679 1541 1707 causae.-

395 1735 538 1776 Tunc
567 1735 743 1775 silvas
770 1739 813 1775 et
842 1748 979 1775 saxa
1009 1733 1253 1784 trahens,
1274 1747 1413 1775 nnnc
1438 1734 1627 1774 sidera
1657 1733 1821 1774 ducit.

332 1802 521 1857 Namque
558 1801 677 1842 huius
708 1801 934 1842 simillimus
962 1801 1035 1842 etsi
1065 1801 1186 1844 Trist.
1216 1800 1275 1841 IV
1310 1803 1344 1852 1,
1379 1802 1427 1841 17
1460 1807 1591 1842 exstat
1617 1814 1707 1841 cum
1735 1805 1823 1841 tra-

333 1870 442 1911 heret
462 1871 589 1911 sileas
614 1868 802 1924 Orpheus
828 1875 863 1910 et
891 1870 1003 1910 dura
1029 1869 1213 1911 canendo
1239 1882 1358 1919 saxa,
1387 1875 1523 1909 tamen
1546 1868 1626 1909 iam
1655 1867 1695 1908 in
1719 1866 1816 1910 Met.

332 1937 394 1979 XI
429 1939 446 1978 l
481 1951 559 1978 non
600 1937 730 1977 minus
771 1936 911 1977 similis
954 1942 1014 1977 est
1043 1936 1166 1988 loeus,
1214 1936 1276 1976 eui
1306 1935 1496 1976 Manilius
1526 1935 1723 1981 artiusse
1753 1934 1822 1976 ad·

332 2006 500 2060 iungere
531 2004 726 2060 potuerit:

505 2072 699 2114 Carmine
728 2073 826 2113 dnm
855 2073 935 2114 tali
963 2073 1092 2113 sileas
1123 2074 1362 2127 animosque
1378 2072 1582 2125 ferarum

505 2140 718 2182 ffire'icius
746 2146 855 2182 vates
886 2146 921 2182 et
950 2155 1058 2182 saxa
1087 2142 1298 2196 sequentia
1329 2140 1460 2193 ducit,-

335 2208 386 2251 ef.
418 2222 580 2263 quoque
607 2223 644 2250 v.
673 2208 726 2249 41
759 2214 799 2249 et
823 2223 858 2250 a.
891 2223 925 2250 a.
952 2209 989 2260 3,
1019 2208 1122 2250 321:

507 2275 640 2316 Sacra
659 2276 865 2330 ferasque
894 2277 992 2330 lyra
1020 2278 1144 2317 movit
1174 2275 1434 2329 Rhodopeius
1467 2272 1655 2328 Orpheus

507 2343 809 2398 Tartareos-qne
836 2345 953 2385 cacas
982 2346 1324 2398 teryeminmnque
1354 2355 1507 2384 canem.

472 2511 496 2552 ¹)
521 2511 613 2542 Man.
640 2511 656 2542 1
689 2512 755 2543 410
788 2521 851 2543 neo
885 2512 1010 2544 clarius
1035 2515 1163 2544 ast-rum
1193 2509 1199 2553 Ι
1227 2511 1388 2554 Tingitur
1415 2511 1568 2548 Ocean03
1602 2508 1721 2541 eodem
1751 2507 1824 2539 loeo

337 2568 400 2600 Ov.
425 2567 527 2598 Trist.
559 2567 574 2597 I
601 2568 633 2606 4,
662 2569 677 2598 1
707 2567 735 2608 (1
760 2569 791 2606 3,
822 2567 916 2609 103):
965 2568 1121 2610 'Pingitur
1155 2568 1302 2600 Oceano.
1336 2567 1468 2598 Latinis
1499 2565 1658 2606 exemplo
1691 2564 1824 2595 videtur

334 2624 440 2656 fuisse
472 2623 513 2655 Il.
543 2624 624 2655 VIII
649 2625 726 2663 485,
762 2624 819 2666 qui
854 2625 976 2665 incipit
1008 2626 1069 2657 ab:
1110 2625 1142 2656 ἐν
1167 2623 1289 2657 ὃ’ἔπεο’
1313 2623 1471 2667 ’Ξὶκεαιἰ;ῖ.
1520 2622 1617 2662 Quod
1643 2621 1686 2652 ad
1711 2621 1825 2652 elocu-

335 2680 474 2719 tionem,
502 2689 594 2720 quae
619 2682 670 2711 est
694 2679 831 2712 Oceano
856 2679 955 2721 tingi,
981 2680 1116 2721 attinet,
1140 2683 1194 2712 sat
1218 2689 1321 2720 saepe
1346 2679 1538 2710 invenitur:
1576 2678 1674 2719 Vei-g.
1699 2676 1785 2708 Aen.
1809 2676 1824 2707 1

336 2737 400 2768 745
427 2736 564 2768 Oceano
588 2745 625 2767 se
650 2735 781 2777 tingere
807 2736 915 2775 soles3
942 2736 1009 2767 VII
1034 2737 1099 2768 811
1125 2737 1275 2778 tingeret
1299 2745 1448 2777 aequore
1472 2735 1627 2777 plantam
1653 2735 1716 2767 Ov.
1742 2734 1823 2766 Met.

334 2792 369 2823 11
392 2793 456 2824 530
480 2791 660 2834 tinguntur
683 2792 720 2823 in
742 2801 905 2833 aequore3
932 2796 1108 2834 praeterea
1132 2793 1212 2824 Met.
1236 2792 1269 2823 11
1298 2793 1370 2824 172.
1396 2791 1444 2823 XI
1468 2792 1544 2823 455.
1570 2791 1660 2823 Fast.
1688 2790 1735 2823 VI
1761 2790 1824 2822 717

335 2849 461 2891 (radios
487 2849 547 2882 ubi
570 2848 711 2880 tinxerit
736 2847 857 2888 undis).
