1916 3302
0 0 1916 82 ——ssq

911 255 1186 298 ..36-

298 375 512 436 dieatur,1)
561 381 829 423 immortalem
876 381 1036 422 iamiam
1079 397 1164 423 esse
1210 398 1341 440 neque
1382 384 1421 425 in
1465 390 1570 427 terra
1616 385 1802 428 versaris

298 451 474 502 minime,
518 455 560 490 ut
601 449 699 489 mihi
740 448 903 503 quidem
940 448 1111 501 videtur,
1154 451 1282 492 recte!
1342 452 1510 493 Etiamsi
1550 453 1656 494 enim
1698 469 1789 494 nus-

298 533 419 574 quam
450 516 594 557 similia
623 523 744 571 atque
786 530 832 556 eo
873 516 972 568 loeo,
1011 516 1060 557 de
1091 532 1170 572 quo
1208 518 1478 573 disputamuS,
1520 521 1570 562 de
1601 521 1790 575 Augusto

297 585 443 626 tradita
473 591 617 637 essent,
651 591 783 624 tamen
814 598 866 625 ex
896 584 972 625 hoe
993 585 1233 626 concludere
1263 586 1401 628 liceret
1421 602 1511 628 eum
1533 588 1631 629 Iove
1652 587 1788 629 vivum

296 653 530 707 Augustum
575 652 765 693 collatum
808 651 1061 707 similemque
1106 652 1140 693 ei
1185 655 1405 708 potentiam
1452 655 1642 696 tributam
1688 669 1786 708 esse,

295 721 508 776 ipsumque
540 721 736 775 optimum
770 719 829 760 sui
859 719 1119 775 interpretem
1146 721 1346 763 hominem
1379 723 1691 764 astronomicum
1717 722 1789 764 du-

296 803 387 830 eere
417 788 668 830 deberemus.
730 787 969 827 Aceuratius
1000 794 1133 828 autem
1167 787 1350 843 inspicias
1379 789 1525 833 loeum.
1585 789 1787 840 Quoniam

297 857 509 910 Augustus
539 879 591 887 —
623 855 663 895 id
703 854 813 910 quod
854 855 957 895 infra
990 855 1225 908 probabitur
1259 878 1304 884 —
1339 856 1404 898 dei
1433 857 1521 899 loeo
1552 858 1733 898 habetur·
1749 863 1789 898 et

297 924 546 975 honestatur,
577 930 684 964 terra
715 922 829 978 quasi
857 929 916 964 est
946 923 1163 978 Olympus,
1203 923 1269 964 ubi
1304 924 1477 976 habitat3
1518 924 1616 966 deus
1644 924 1788 978 Augu-

295 998 379 1032 stus
403 991 610 1033 deseendit
632 991 671 1031 in
703 997 852 1043 terras;
883 991 1006 1045 igitur
1035 991 1190 1032 eaelum
1219 1007 1348 1047 paene
1378 992 1419 1033 in
1450 993 1567 1034 terris
1596 998 1667 1036 est.
1706 992 1788 1035 Ne-

295 1074 374 1115 que
406 1074 500 1100 vero
529 1059 742 1114 Augustus
764 1073 837 1113 per
857 1058 973 1114 signa
994 1066 1148 1113 regnat,
1178 1059 1248 1100 sed
1278 1060 1382 1114 regit
1410 1060 1565 1101 eaelum
1586 1075 1637 1102 ex
1659 1066 1787 1112 terra3

294 1127 395 1167 vivit
425 1127 568 1179 adhue,
603 1126 673 1167 sed
703 1126 840 1167 divina
862 1126 897 1167 ei
928 1132 988 1167 est
1012 1127 1203 1182 potentia.
1237 1127 1371 1169 Habet
1390 1138 1524 1169 autem
1546 1128 1584 1168 in
1607 1127 1787 1182 regendo

293 1195 448 1236 mundo
488 1194 651 1246 socium,
694 1194 760 1249 qui
803 1194 843 1233 in
885 1193 970 1249 ipso
1011 1194 1122 1235 eaelo
1160 1202 1365 1236 versatur:
1409 1195 1474 1236 hie
1504 1202 1564 1236 est
1592 1195 1786 1251 Iuppiter,

293 1263 424 1305 socius
452 1276 524 1317 per
544 1262 660 1316 signa
689 1268 846 1304 tonans.
909 1262 1012 1302 Arte
1042 1262 1165 1316 igitur
1186 1262 1289 1303 inter
1309 1278 1352 1303 se
1373 1275 1527 1304 conexa
1547 1268 1641 1303 sunt
1661 1263 1784 1304 verba

293 1333 400 1372 socio
424 1344 505 1385 per
533 1331 656 1384 sissna
688 1330 872 1370 Tonante
904 1329 1025 1382 („der
1054 1329 1244 1381 llimmel‚
1277 1330 1355 1371 den
1379 1331 1591 1385 Augustus
1621 1330 1785 1385 regiert,

293 1399 429 1440 indem
461 1398 578 1438 dabei
607 1397 661 1438 im
683 1397 854 1439 Bereieh
883 1397 955 1438 der
977 1396 1123 1440 Sterne
1153 1398 1339 1453 Iuppiter
1369 1399 1454 1440 sein
1477 1397 1635 1440 Genoss
1659 1397 1782 1450 ist“);

294 1481 419 1523 quare
455 1480 623 1517 comma,
662 1465 770 1520 quod
810 1465 990 1518 dicimus,
1035 1472 1209 1520 ponatur
1250 1466 1290 1506 in
1328 1481 1364 1506 v.
1403 1466 1487 1508 800
1527 1479 1624 1521 prae
1662 1465 1787 1506 verbo

292 1538 413 1586 socio,
444 1548 493 1575 ne
525 1533 613 1588 quis
642 1533 773 1588 ipsum
797 1532 1030 1588 Augustum
1060 1547 1132 1588 per
1152 1539 1258 1573 astra
1280 1540 1418 1574 tonare
1449 1532 1527 1573 diei
1556 1532 1784 1576 arbitretur.

296 1602 536 1645 simillimus
575 1608 636 1643 est
666 1601 775 1643 loeus
807 1601 970 1657 quidam
1002 1601 1226 1643 Ovidianus
1257 1601 1295 1641 in
1329 1601 1427 1645 Met,
1458 1600 1554 1644 XV.
1585 1601 1676 1642 libri
1705 1600 1787 1642 fine

295 1670 392 1723 (858
411 1670 511 1725 sq.);
534 1668 598 1709 hie
619 1683 780 1725 quoque
805 1668 899 1709 socii
921 1675 1015 1708 sunt
1034 1668 1216 1724 Iuppiter
1237 1674 1277 1709 et
1297 1669 1530 1723 Augustus:
1563 1682 1656 1709 nam
1681 1675 1785 1709 uter-

295 1753 374 1794 que
414 1744 473 1779 est
513 1743 628 1792 pater
666 1742 707 1777 et
746 1742 888 1788 reetor,
929 1742 972 1776 ut
1000 1736 1055 1776 ait
1085 1742 1216 1791 poeta,
1247 1735 1317 1776 sed
1360 1735 1573 1790 Augustus
1609 1735 1708 1776 vivit
1745 1741 1786 1776 et

294 1812 354 1848 est
384 1806 424 1846 in
458 1805 586 1857 terris,
618 1804 802 1860 Iuppiter
829 1810 1029 1858 temperat
1050 1818 1160 1844 arces
1188 1803 1399 1846 aetherias.
1460 1802 1614 1845 Cernes
1636 1809 1783 1856 autem,

293 1880 338 1915 ut
367 1872 557 1914 Manilius
587 1886 671 1913 rem
699 1872 774 1912 sibi
801 1871 1057 1926 cogitaverit:
1098 1886 1219 1927 supra
1249 1871 1289 1911 in
1318 1887 1355 1914 v,
1387 1871 1408 1911 Ι
1439 1871 1521 1912 384
1550 1885 1610 1926 sq.
1641 1871 1698 1912 ita
1727 1870 1784 1912 lo-

293 1942 441 1998 quitur,
474 1940 586 1996 quasi
616 1940 695 1981 iam
726 1946 877 1980 astrum
909 1940 1120 1994 Augustus
1150 1940 1222 1991 sit3
1263 1954 1309 1981 eo
1338 1939 1438 1992 loeo,
1469 1939 1519 1980 de
1549 1953 1629 1995 quo
1659 1938 1781 1980 modo

293 2010 390 2062 dixi,
436 2023 515 2050 non
549 2008 674 2049 multo
718 2008 849 2048 minor
886 2008 956 2048 illa
995 2007 1157 2062 quidem
1199 2015 1342 2063 poetae
1381 2007 1548 2048 audacia
1577 2012 1648 2058 est,
1691 2021 1783 2047 cum

292 2077 390 2119 caeli
420 2091 590 2131 regnum
622 2075 672 2116 ad
694 2075 969 2117 Romanorum
1001 2076 1285 2131 imperatorem
1315 2075 1498 2116 deferens
1521 2074 1675 2115 caelum
1704 2079 1781 2115 ter·

291 2159 459 2200 ramque
495 2158 623 2200 paene
661 2143 921 2199 permiseeat3
964 2142 1035 2184 sed
1069 2149 1202 2183 tamen
1244 2143 1298 2183 ita
1335 2142 1404 2183 ille
1444 2142 1598 2183 eaelum
1635 2155 1782 2196 regens

291 2213 471 2268 fingitur,
505 2218 548 2252 ut
577 2211 750 2252 dilucide
781 2211 885 2252 inter
916 2211 1027 2252 vivos
1057 2211 1209 2251 versari
1240 2225 1330 2252 eum
1354 2224 1654 2265 cognoscamus,
1685 2223 1782 2263 quo-

293 2281 399 2322 niam
422 2281 461 2321 in
489 2279 599 2321 caelo
627 2294 705 2320 non
730 2279 836 2320 solus
864 2285 1008 2333 regnat
1029 2279 1251 2333 Augustus,
1283 2277 1353 2319 sed
1384 2279 1478 2319 Iove
1508 2277 1633 2318 utitur
1661 2274 1780 2319 socio.

435 2405 459 2446 ¹)
484 2405 516 2436 J.
542 2404 710 2444 Woltjero
736 2403 777 2445 (l.
802 2404 823 2434 1.
847 2414 882 2445 p.
908 2403 970 2444 22]
1003 2413 1117 2435 versus
1144 2403 1207 2435 798
1232 2413 1280 2444 sq.
1313 2402 1391 2435 libri
1421 2402 1522 2444 primi
1554 2401 1596 2433 de
1626 2401 1780 2443 Augusto

300 2464 431 2493 mortuo
457 2470 603 2500 vereque
620 2463 815 2491 consecrato
834 2463 968 2490 tantum
983 2459 1138 2500 intellegi
1165 2469 1262 2500 posse
1280 2462 1313 2490 et
1331 2461 1509 2490 contextus
1526 2462 1560 2490 et
1585 2458 1660 2500 ipsa
1678 2458 1781 2490 verba

296 2519 387 2550 clare
411 2518 532 2549 docere
550 2518 624 2548 visa
648 2519 746 2555 sunt;
771 2516 830 2548 sed
857 2526 930 2547 eum
957 2517 990 2547 in
1017 2515 1083 2546 fine
1102 2514 1205 2546 huius
1229 2514 1307 2547 libri
1333 2518 1366 2546 et
1384 2514 1499 2556 quarti
1525 2513 1649 2546 diserte
1670 2523 1779 2546 sermo

291 2578 380 2606 esset
405 2574 445 2605 de
470 2574 547 2605 vivo
565 2573 730 2614 Augusto,
757 2575 817 2603 aut
841 2571 875 2602 hi
903 2581 1016 2602 versus
1042 2571 1077 2602 in
1102 2571 1211 2613 primo
1237 2571 1322 2602 libro
1340 2574 1457 2613 postea
1481 2570 1643 2612 adscripti
1668 2573 1780 2602 essent

295 2641 316 2662 a
341 2634 444 2673 poeta
469 2632 598 2661 mutata
622 2632 693 2660 tota
718 2632 872 2660 extrema
896 2631 992 2669 parte
1016 2627 1114 2658 liuius
1138 2626 1214 2667 loci,
1242 2630 1299 2658 aut
1325 2627 1494 2669 legeretur
1517 2630 1661 2668 reget,
1687 2635 1779 2658 oer-

292 2692 370 2719 net
394 2696 532 2719 necesse
564 2694 636 2717 esse
661 2684 758 2716 dixit.
807 2683 905 2723 Quod
931 2694 1038 2726 nego3
1073 2683 1214 2724 negavit
1242 2683 1308 2714 iam
1333 2683 1489 2716 Huetius.
1537 2682 1679 2716 Nullum
1705 2682 1779 2714 vitii

292 2745 430 2785 signum
465 2743 499 2774 in
537 2741 711 2774 codicibus
736 2741 906 2782 reperitur
937 2750 1048 2781 neque
1070 2739 1147 2787 9¹¹³
1180 2749 1321 2780 usquam
1354 2739 1534 2772 manifesta
1567 2739 1692 2771 adsunt
1721 2749 1777 2771 ve·

289 2801 402 2844 stigia,
429 2810 448 2832 e
472 2799 597 2842 quibus
624 2797 808 2840 quidquam
832 2797 866 2828 in
893 2797 941 2829 eis
965 2797 1132 2839 partibus,
1167 2796 1224 2828 ubi
1257 2795 1298 2827 de
1323 2797 1527 2837 imperatore
1549 2795 1656 2828 verba
1679 2795 1777 2839 fiunt,

289 2861 409 2903 postea
434 2859 602 2890 mutatum
628 2864 700 2894 esee
723 2857 962 2899 consequatur.
1012 2853 1202 2886 Teneamus
1227 2853 1329 2898 igitur
1353 2852 1496 2898 regit,
1523 2852 1678 2887 cernit.
