1936 3392
1086 299 1139 338 52

417 441 600 483 comicos,
628 442 654 495 ¹)
716 440 974 482 Theocritum
1022 439 1207 482 celebrat.
1230 440 1262 495 ²)
1324 441 1500 482 Thaletis
1518 473 1528 490 ‚
1577 441 1805 490 Heracliti,

416 517 660 569 Democriti,
709 517 990 574 Xenophani8‚
1024 518 1308 573 Anaxagorae,
1341 518 1503 574 Epicuri
1539 518 1689 574 placita
1720 517 1806 559 red·

417 596 573 650 arguit,
622 594 693 636 ubi
736 595 844 636 canit
890 595 938 635 de
985 595 1126 636 mundi
1158 595 1335 650 origine,
1369 595 1417 636 de
1450 595 1576 636 lacteo
1608 594 1723 646 orbe,
1757 595 1806 636 de

415 672 593 713 cometis.
1031 668 1039 680 ⁸

476 749 510 789 E
541 748 811 790 Romanorum
835 748 993 803 scriptis
1015 763 1142 804 pauca
1162 748 1379 790 admodum
1401 764 1472 790 nec
1496 754 1603 790 certa
1625 749 1667 789 in
1690 763 1805 789 suum

414 840 533 867 usum
579 826 744 866 vertisse
791 825 950 866 videtur
995 824 1210 876 Manilius,
1254 826 1286 866 si
1319 839 1443 866 unum
1477 824 1709 866 Lucretium
1742 839 1805 865 ex-

419 903 557 957 cipias.
622 901 850 943 Catulliana
861 916 880 952 ,'
908 916 1009 956 quae
1040 902 1140 944 mihi
1171 903 1256 944 visa
1286 906 1402 952 sunt,
1437 902 1572 943 notavi
1606 902 1725 943 haec:
1759 902 1804 952 I,

419 980 525 1020 178:
590 978 823 1034 „Hesperus
870 979 1061 1020 immenso
1105 980 1268 1021 dederat
1307 980 1378 1033 qui
1410 979 1544 1020 lumen
1578 977 1806 1034 Olymp0'',

415 1055 464 1097 cf.
499 1055 646 1097 Catuli.
681 1055 825 1106 LXII,
867 1058 910 1098 l:
966 1056 1148 1111 „Vesper
1179 1056 1354 1112 Olympo
1387 1059 1615 1111 exspectata
1646 1055 1716 1097 diu
1739 1056 1805 1096 vix

414 1133 576 1174 tandem
618 1133 770 1174 lumina
801 1132 957 1183 tollit”;
1002 1133 1062 1184 V,
1099 1135 1208 1175 549:
1243 1134 1429 1188 „rapitur
1459 1133 1545 1174 siue
1577 1131 1714 1174 funere
1746 1133 1808 1174 fu-

417 1210 531 1260 nus’',
565 1211 614 1251 cl.
649 1210 797 1251 Catull.
831 1209 991 1261 LXIV,
1028 1213 1106 1253 83:
1146 1211 1314 1262 „funera
1348 1241 1357 1251 .
1382 1243 1391 1252 .
1420 1243 1426 1248 .
1463 1225 1535 1251 nec
1556 1209 1695 1251 funera
1718 1224 1809 1265 por-

415 1287 635 1330 tarentur.”
698 1288 943 1329 Sallustiana
983 1292 1082 1343 puto
1126 1287 1171 1338 Ι,
1214 1288 1291 1329 78:
1326 1288 1374 1329 de
1407 1287 1545 1342 primis
1578 1285 1807 1335 homiuibus

416 1362 583 1404 dicitur:
620 1377 689 1412 „se
722 1364 892 1416 quisque
925 1363 1021 1404 satis
1053 1363 1210 1404 novisse
1236 1361 1478 1418 putabant'',
1501 1361 1596 1403 Sall.
1620 1362 1668 1402 de
1691 1360 1806 1403 Coni.

415 1438 534 1481 Catil.
583 1454 669 1494 cap.
722 1443 771 1487 2,
820 1442 841 1495 ᾧ
875 1442 923 1490 1,
956 1440 1004 1481 (16
1036 1440 1201 1482 iisdem:
1245 1453 1342 1492 nsua
1374 1441 1521 1493 cuique
1553 1439 1649 1480 satis
1682 1438 1807 1494 place-

416 1516 555 1567 bant’';
589 1515 671 1569 IV,
710 1520 819 1560 897:
859 1518 1064 1573 „proiecta
1094 1518 1226 1559 iacent
1257 1516 1445 1558 animalia
1478 1521 1590 1558 muta
1625 1517 1664 1557 iu
1703 1519 1809 1557 terra

416 1625 427 1636 .
462 1626 471 1635 .
505 1594 690 1636 omnibus
723 1610 803 1636 una
833 1595 968 1648 quies,
1018 1595 1183 1636 venter'’
1202 1626 1213 1646 ,
1264 1595 1358 1636 Sall.
1394 1595 1442 1635 de
1475 1594 1519 1635 C.
1555 1593 1599 1636 C.
1633 1609 1720 1649 cap.
1759 1596 1806 1644 1,

413 1673 435 1726 ᾧ
471 1674 517 1713 1:
553 1686 745 1728 ‚,pecora‚
780 1686 881 1725 quae
913 1676 1056 1713 natura
1087 1687 1212 1727 prona
1243 1676 1364 1726 atque
1395 1672 1525 1713 ventri
1553 1671 1806 1712 oboedientia

415 1747 574 1790 finxit.''
607 1774 663 1780 —-
696 1748 930 1804 Vergiliana
962 1748 1005 1799 Ι,
1045 1751 1091 1789 l:
1141 1749 1330 1799 „conscia
1361 1749 1434 1790 fati
1466 1747 1624 1789 sidera'’
1641 1780 1653 1798 ,
1701 1750 1804 1789 Aen.

413 1826 500 1877 IV,
535 1829 643 1867 519:
678 1826 864 1877 „conscia
896 1826 971 1868 fati
1001 1825 1156 1867 sidera”
1190 1826 1284 1881 (alio
1311 1833 1446 1868 tamen
1468 1827 1627 1880 6611611),
1651 1825 1696 1876 Ι,
1725 1826 1804 1866 79:

411 1918 533 1955 „cum
580 1904 702 1958 longa
749 1903 832 1945 dies
875 1903 984 1944 acuit
1014 1903 1199 1945 mortalia
1232 1902 1398 1953 corda,”
1433 1903 1579 1958 Georg.
1613 1902 1658 1953 Ι,
1696 1903 1803 1944 123:

414 1976 550 2026 „curis
581 1990 726 2016 acuens
758 1975 940 2017 mortalia
972 1975 1143 2026 corda’';
1166 1975 1211 2026 Ι,
1243 1977 1321 2016 98:
1352 1975 1490 2029 „quod
1513 1989 1682 2028 usquam
1704 1972 1805 2016 est.”

413 2055 516 2096 Aen.
539 2051 649 2103 VII,
674 2054 781 2094 311:
808 2053 945 2106 „quod
968 2067 1137 2107 usquam
1160 2057 1242 2103 est3
1265 2052 1329 2103 II,
1358 2054 1464 2094 134:
1490 2052 1627 2106 „quod
1647 2052 1807 2094 fortuna

413 2133 545 2171 ratum
576 2129 719 2180 faciat,
754 2130 843 2184 quis
877 2130 1007 2171 dicere
1039 2130 1182 2171 falsum
1215 2129 1420 2172 audeat”?
1453 2130 1598 2185 Georg.
1622 2129 1804 2182 I,'463:

419 2207 569 2260 „solem
617 2207 707 2261 quis
756 2207 885 2248 dicere
933 2207 1077 2249 falsum
1115 2207 1318 2249 audeat?’'
1350 2232 1411 2239 -—
1446 2207 1510 2259 II,
1547 2209 1650 2249 202:
1685 2221 1804 2258 „cum

416 2285 474 2326 601
520 2285 683 2326 adversa
728 2299 799 2339 per
845 2287 950 2326 astra
996 2284 1206 2326 Aestivum
1250 2285 1376 2326 tardis
1411 2285 1573 2327 attollat
1603 2285 1806 2327 mensibus

416 2360 619 2412 annum,”
669 2361 815 2416 Georg.
863 2360 909 2412 I,
961 2362 1063 2409 522,
1088 2376 1222 2413 „anne
1268 2376 1417 2403 novum
1465 2361 1590 2404 tardis
1622 2362 1733 2404 sidus
1764 2367 1806 2404 te

415 2438 617 2481 mensibus
663 2438 786 2479 addas
797 2437 839 2488 ;'’
885 2436 959 2488 IV,
1011 2440 1120 2480 509:
1170 2438 1310 2489 „dabit
1356 2439 1395 2480 in
1445 2439 1610 2494 praedas
1651 2440 1806 2482 animos

414 2516 621 2570 solvetque
651 2514 895 2571 pudorem,'’
928 2516 1030 2557 Aen.
1063 2514 1138 2567 IV,
1173 2518 1252 2558 55:
1287 2530 1507 2572 „spemque
1530 2516 1640 2558 dedit
1662 2516 1806 2558 dubiae

416 2594 540 2634 menti
562 2592 761 2646 solvitque
782 2591 1019 2648 pudorem.”
1040 2616 1097 2623 —
1115 2592 1340 2635 Multorum
1359 2597 1589 2649 poematum
1605 2599 1808 2650 praeterea

464 2786 484 2823 ¹)
536 2788 576 2818 V,
601 2787 680 2816 476:
718 2786 924 2821 ‚,Menaude1·‚
950 2787 999 2822 qui
1029 2787 1114 2816 vitae
1138 2787 1282 2816 ostendit
1308 2787 1403 2817 vitam
1428 2788 1611 2825 chartisque
1635 2789 1804 2819 sacravit.”

463 2845 488 2881 2)
536 2848 586 2881 ll,
622 2847 660 2875 39
696 2853 783 2882 seqq.
830 2846 876 2875 Cf.
901 2847 935 2879 1,
971 2847 1029 2875 So:
1078 2847 1138 2882 „Et
1162 2847 1250 2875 labor
1274 2847 1432 2882 ingenium
1456 2849 1581 2878 miseris
1604 2849 1713 2878 dedit’'
1739 2859 1804 2879 cum

417 2902 562 2932 'rhem-n:
609 2890 635 2928 ἁ
671 2890 796 2929 πενία
829 2891 1042 2941 Διόφαντε
1073 2893 1184 2941 μόνα
1206 2892 1280 2936 τὰς
1303 2888 1454 2944 τέχνας
1473 2892 1645 2944 ἐγείρει,
1668 2903 1758 2940 XXI,
1779 2905 1806 2934 1.
