1930 3320
829 257 1108 296 -51-

332 382 592 437 Capellae
620 382 762 423 sidus
783 384 1030 438 appellatur
1055 382 1249 424 Olenia:
1282 382 1323 423 V
1342 384 1420 423 130
1444 382 1516 437 (ssf-
1533 381 1726 423 Olenium

211 465 354 505 pecus:
388 451 512 494 Ovid.
534 451 626 493 her.
653 453 717 504 17,
743 453 834 494 188.
887 451 1037 493 Olenia
1057 451 1236 504 capella:
1269 451 1394 494 Ovid.
1417 455 1518 494 met.
1541 450 1611 492 III
1628 452 1724 492 594.

215 521 314 563 fast.
346 519 388 561 V
422 518 535 575 113).

328 589 437 631 Leo
481 588 677 645 (sidus)
730 594 910 631 vocatur
949 588 1249 631 Nemeaeus:
1298 589 1344 630 ΙΙ
1377 591 1474 631 623.
1527 589 1596 630 ΙΙΙ
1627 591 1724 631 404.

217 663 313 704 409.
346 662 442 702 571.
502 658 567 700 IV
599 660 695 701 336.
729 661 826 702 464.
860 660 955 701 706.
991 661 1085 702 759.
1146 659 1188 701 V
1220 660 1316 701 206.

250 802 253 807 '
330 797 424 838 Iam
455 796 510 838 ad
541 810 616 838 eos
647 809 800 837 versus
832 795 1156 851 percensendos
1186 799 1376 847 transeo,
1408 795 1563 850 quibus
1585 794 1726 836 Mani-

216 867 300 909 lius
341 867 449 908 alios
488 870 642 923 poetas
683 865 874 906 imitatus
918 870 997 914 est,
1039 866 1099 906 ita
1141 869 1189 907 ut
1232 865 1418 921 primum
1450 878 1502 906 ea
1533 865 1726 917 afferam,

217 949 328 992 quae
371 949 396 976 a
425 934 602 976 Manilio
635 934 784 976 deberi
829 933 1050 985 Lucretio,
1082 934 1291 990 Vergilio,
1336 932 1504 984 Ovidio,
1549 934 1726 989 reliquis

217 1005 337 1047 nulla
359 1009 426 1047 est
447 1004 673 1055 dubitatio,
705 1003 863 1046 deinde
887 1018 938 1045 ea
961 1004 1175 1059 colligam,
1209 1018 1319 1060 quae
1343 1017 1448 1044 casu
1480 1004 1727 1045 consentire

220 1074 409 1130 suspicio
442 1073 735 1124 subnascitur,
773 1073 960 1128 denique
1000 1073 1195 1128 epitheta
1227 1073 1425 1114 ornantia
1462 1086 1726 1126 enumerem,

217 1157 327 1198 quae
358 1142 534 1184 Manilio
567 1156 665 1183 cum
695 1143 789 1184 aliis
819 1142 961 1198 poetis
995 1143 1238 1184 communia
1269 1146 1381 1185 sunt.

328 1269 402 1311 Ex
416 1268 452 1309 L
463 1268 636 1310 UCRE
648 1268 684 1310 T
694 1268 745 1310 II
772 1269 961 1311 carmine
986 1269 1079 1311 sine
1102 1268 1233 1311 dubio
1256 1269 1450 1312 derivata
1475 1274 1575 1311 sunt
1596 1269 1726 1311 haec:

331 1350 447 1392 Man.
483 1348 505 1390 I
545 1351 627 1390 236
678 1348 807 1390 Hauc
851 1348 1004 1390 circum
1047 1349 1222 1391 variae
1265 1353 1432 1403 yeutes
1477 1349 1728 1391 homiuum

216 1421 340 1473 atque
382 1418 632 1471 ferarum.
710 1418 838 1460 Lucr.
887 1417 932 1459 II
978 1421 1086 1460 1076
1131 1418 1190 1460 Et
1232 1420 1422 1461 varias
1465 1419 1729 1460 homiuum

214 1491 398 1544 yentes
427 1491 465 1530 et
494 1488 628 1530 saecla
654 1487 914 1544 ferarum.
938 1488 952 1540 ΙΙ
983 1488 1041 1530 Μ.
1072 1488 1095 1528 Ι
1126 1490 1208 1530 448
1243 1489 1348 1542 Quis
1375 1488 1532 1530 innioea
1560 1491 1730 1530 manent

218 1558 355 1601 caeli
377 1558 643 1614 fulqeutia
675 1558 878 1610 templa.
938 1558 979 1599 V
1013 1559 1094 1598 727
1129 1558 1234 1599 Tum
1264 1557 1451 1614 conferta
1482 1559 1575 1600 licet
1602 1558 1730 1600 caeli

212 1627 490 1684 fulyeutiu
521 1627 721 1680 templa.
781 1627 831 1670 L.
862 1627 904 1668 V
925 1629 1008 1668 490
1031 1642 1093 1683 sq.
1117 1627 1286 1680 altaque
1315 1628 1459 1669 caeli
1488 1627 1731 1670 Densebant

215 1697 407 1750 procula
428 1698 552 1739 terris
577 1696 850 1753 fulyeutia
879 1697 1090 1749 templa3
1122 1697 1321 1739 similiter
1339 1697 1466 1740 Lucr.
1484 1697 1549 1738 VI
1568 1699 1649 1739 387
1665 1711 1728 1752 sq.

219 1766 337 1820 Quod
375 1766 413 1808 si
447 1765 640 1818 Iuppiter
677 1768 799 1818 atque
836 1766 916 1807 alu·
953 1765 1219 1819 fulyeutiu
1261 1765 1350 1807 divi
1392 1765 1588 1819 Terrifico
1627 1780 1730 1819 qua-

218 1834 330 1876 tiunt
358 1834 498 1876 sonitu
527 1834 770 1876 caelestia
799 1835 1005 1887 templcz3
1042 1835 1174 1876 caeli
1203 1834 1375 1877 lucida
1405 1835 1588 1888 templa
1618 1836 1728 1891 legi-

217 1918 338 1945 mus:
386 1902 513 1946 Lucr.
545 1903 567 1944 I
617 1906 738 1946 1014.
799 1903 844 1945 ΙΙ
894 1906 1015 1946 1039.
1086 1904 1223 1946 caeli
1270 1905 1486 1957 templa:
1527 1904 1573 1946 ΙΙ
1607 1907 1730 1947 1001.

218 1972 261 2014 V
292 1974 389 2014 521.
459 1973 525 2015 VI
569 1974 664 2016 286.
710 1975 804 2015 644.
854 1975 976 2016 1228.
1006 1974 1020 2027 ΙΙ
1055 1973 1113 2016 Μ.
1145 1973 1166 2014 Ι
1204 1975 1286 2016 529
1328 1973 1429 2015 Nec
1467 1974 1641 2016 cadere
1678 1975 1732 2015 iu

219 2044 364 2084 terra
392 2042 623 2094 pendentia
662 2042 833 2083 sidera
871 2043 992 2084 caelo.
1054 2042 1104 2085 L.
1135 2043 1180 2083 ΙΙ
1214 2045 1296 2084 209
1328 2042 1429 2084 Nec
1464 2043 1647 2085 eadere
1677 2044 1732 2084 iu

210 2112 411 2152 terram
439 2109 583 2152 stellas
613 2112 650 2152 et
678 2110 858 2152 sidera
890 2111 1037 2152 cernis.
1099 2110 1183 2159 Qui
1213 2125 1365 2153 versus
1398 2112 1526 2153 simul
1549 2111 1728 2153 demon-

220 2183 328 2222 strat
392 2179 507 2235 apud
558 2179 784 2221 Manilium
843 2181 1042 2221 terram
1104 2194 1202 2221 cum
1263 2179 1484 2222 codicibus
1537 2179 1731 2222 GOLM

219 2249 496 2292 scribendum
543 2264 655 2292 esse.
691 2250 705 2302 ΙΙ
748 2249 806 2292 Μ.
850 2249 872 2291 Ι
919 2251 1000 2291 553
1056 2250 1166 2303 Qua
1205 2264 1300 2303 per
1346 2251 1509 2292 inane
1553 2252 1733 2292 meant

218 2319 326 2361 oculi
356 2343 425 2361 -.
470 2317 521 2360 L.
551 2317 595 2358 Π
631 2320 709 2360 158
754 2318 870 2361 Cum
906 2332 996 2370 per
1032 2319 1184 2360 iuaue
1220 2322 1384 2361 meant
1418 2333 1593 2361 vacuum
1624 2344 1690 2360 —-.
1718 2318 1732 2375 ΙΙ

217 2387 277 2431 Μ.
307 2387 331 2429 Ι
362 2390 444 2429 575
479 2388 699 2430 Tertius
741 2388 799 2429 iu
842 2387 1008 2429 media
1051 2388 1224 2429 muudi
1267 2389 1469 2443 reyioue
1517 2389 1729 2432 locatus.

216 2456 268 2500 L.
298 2456 340 2499 V
371 2458 453 2499 534
487 2457 697 2510 Terraque
726 2460 772 2498 ut
802 2457 855 2498 iu
885 2457 1052 2499 media
1083 2458 1268 2500 mzmdi
1297 2459 1496 2512 reyioue
1526 2459 1728 2511 quiescam

220 2525 382 2569 ateio.
403 2527 526 2568 Arat.
551 2527 631 2568 193
652 2525 789 2567 Aram
811 2526 886 2568 sub
915 2526 1084 2568 media
1116 2528 1221 2569 caeli
1249 2528 1466 2582 reyioue
1497 2528 1728 2570 locatam.

217 2594 321 2638 ibid.
351 2595 434 2636 472
466 2593 550 2637 Sed
587 2607 677 2635 cum
714 2607 762 2635 se
799 2595 1016 2637 medium
1052 2595 1181 2637 caeli
1209 2596 1266 2637 iu
1296 2596 1514 2650 reyioue
1544 2595 1731 2638 locavit

221 2663 297 2720 (sc.
337 2662 592 2719 Aquarius).
653 2662 778 2706 Ovid.
814 2664 916 2707 fast.
948 2664 1013 2706 VI
1046 2667 1127 2706 273
1181 2665 1362 2719 Cumque
1402 2665 1458 2706 sit
1485 2666 1539 2706 <iu
1569 2664 1730 2705 media

218 2746 358 2775 rerum
393 2732 600 2786 reyioue
630 2733 825 2776 locata.
887 2733 1034 2777 Germ.
1066 2734 1187 2776 Arat.
1221 2737 1303 2777 384
1345 2736 1541 2788 Quaque
1581 2735 1731 2786 caput

215 2801 345 2854 piscis
375 2801 543 2843 media
571 2801 781 2855 4νεςμόνιθ
811 2803 1022 2846 locatae.
1046 2804 1060 2857 Η
1083 2803 1142 2844 Μ.
1164 2804 1186 2844 Ι
1220 2806 1300 2846 795
1331 2804 1544 2846 Emeritus
1574 2803 1731 2844 caelum

220 2872 268 2914 et
315 2869 507 2917 Claudi
551 2883 727 2926 mayua
769 2872 1003 2927 prospayo.
1084 2872 1134 2918 L.
1173 2872 1194 2914 I
1231 2875 1285 2916 42
1331 2871 1558 2917 Possumus
1601 2886 1731 2928 aequo
