1930 3320
750 383 960 424 -53—

99 475 438 515 Christianorum
464 472 635 512 illorum
662 473 814 512 severis
841 471 1126 523 dogmatibus,
1149 470 1220 523 qui
1236 471 1368 511 Deum
1390 476 1607 510 censerent

100 553 130 580 a
161 539 367 593 principio
398 537 591 578 homines
622 550 671 577 ex
706 536 892 585 libidine,
916 536 1033 576 nulla
1065 535 1292 576 secundum
1326 536 1491 584 merita,
1519 536 1604 575 dis-

104 604 405 652 criminavisse,
438 602 516 642 hos
550 602 769 655 pauciores
803 602 1034 654 sejunxisse
1068 601 1120 641 ad
1154 601 1371 641 colendam
1409 601 1605 640 virtutem

103 669 429 720 felicitatemque
451 667 494 706 in
515 673 719 707 aeternum
738 667 976 714 fruendam,
995 671 1177 706 ceteram
1198 665 1507 705 multitudinem
1527 670 1606 705 ter-

103 733 228 774 restri
246 733 443 786 nequitiae
471 732 688 784 poenisque
711 731 959 781 caelestibus,
979 731 1086 771 dura
1105 730 1260 770 scilicet
1280 743 1415 782 neque
1435 730 1607 770 omnino

102 803 282 852 paterna
301 798 408 850 lege,
431 797 716 837 destinavisse.
1264 843 1267 846 Α

157 863 253 903 Fuit
272 863 460 916 profecto
489 875 556 902 ars
581 862 834 913 astrologica
861 861 1005 900 multis
1029 861 1070 900 in
1087 860 1277 912 partibus
1302 860 1479 899 Zenonis
1504 860 1607 899 doc-

105 929 227 969 trinae
249 927 582 974 accommodata,
600 927 642 966 in
664 927 742 967 hoc
765 931 905 966 autem
925 925 1151 972 contraria,
1170 924 1282 976 quod
1303 925 1390 963 fato
1411 924 1608 963 virtutem

108 994 234 1034 etiam
261 992 525 1044 subjiciebat,
555 992 738 1044 vitiaque
766 995 806 1031 et
832 991 1081 1044 sapientiam
1109 989 1292 1029 siderum
1318 988 1609 1040 largitionibus

107 1057 391 1111 permittebat.
411 1058 511 1096 Erat
530 1057 658 1109 igitur
681 1057 800 1096 stoici
827 1055 1152 1108 discrepantiam
1177 1058 1263 1093 tam
1282 1058 1472 1105 apertam
1495 1053 1544 1093 de
1566 1066 1608 1092 re

107 1127 194 1163 tam
218 1122 336 1174 gravi
362 1126 518 1161 attente
546 1121 826 1168 considerare,
850 1121 1044 1172 viamque
1071 1131 1260 1171 quaerere
1287 1131 1372 1171 qua
1398 1118 1611 1158 contraria

106 1187 216 1227 inter
246 1199 289 1226 se
322 1186 696 1226 reconciliarentur
724 1200 732 1224 ε
760 1198 854 1238 quae
883 1189 1044 1224 essetne
1071 1184 1337 1235 invenienda,
1357 1196 1501 1232 necne,
1525 1195 1611 1222 non

107 1263 249 1291 meum
277 1255 340 1291 est
371 1251 661 1303 pronuntiare,
691 1250 761 1290 sed
790 1249 960 1289 Manilio
994 1253 1104 1289 certe
1133 1253 1223 1288 erat
1255 1248 1606 1299 investigandum.

106 1316 189 1358 Sed
207 1329 292 1356 non
318 1316 377 1355 ita
397 1316 494 1356 huic
515 1315 650 1355 visum
672 1319 733 1355 est
754 1327 762 1355 :
787 1327 926 1355 rerum
950 1314 1272 1367 repugnantiam
1300 1317 1372 1352 aut
1393 1325 1476 1352 non
1496 1312 1612 1351 intel-

106 1381 209 1421 lexit
242 1385 315 1421 aut
341 1380 539 1431 neglexit,
569 1380 710 1432 sicque
744 1380 886 1419 omnia
915 1379 1166 1431 composuit,
1197 1382 1242 1417 ut
1273 1378 1443 1416 minime
1471 1377 1611 1417 stoicis

108 1446 281 1499 placuit.
304 1446 403 1485 Jure
426 1445 555 1496 igitur
580 1445 678 1484 hinc
699 1444 818 1483 illum
840 1443 1078 1495 colligimus
1098 1455 1183 1482 non
1204 1455 1300 1481 vere
1321 1443 1498 1482 stoicum
1517 1441 1611 1494 phi-

108 1509 335 1563 losophum
354 1509 492 1549 fuisse.

165 1576 276 1622 Quos
301 1574 430 1626 igitur
455 1575 670 1626 sapientia}
700 1574 892 1614 doctores
922 1578 1086 1613 secutus
1117 1574 1207 1612 est?
1232 1574 1324 1612 Non
1352 1571 1613 1611 academicos

110 1640 245 1691 magis
278 1643 350 1679 aut
379 1639 668 1692 Pythagoreos
701 1652 827 1691 quam
861 1639 1014 1678 stoicos
1044 1651 1053 1679 t
1089 1637 1291 1689 epicureis
1322 1636 1497 1684 obstitit,
1527 1649 1614 1676 non

109 1704 210 1758 quia
246 1704 289 1743 in
327 1703 598 1756 philosophia
635 1704 850 1751 errabant,
879 1704 952 1743 sed
990 1703 1089 1755 quia
1131 1701 1404 1753 astrologiam
1444 1713 1613 1740 omnem

109 1768 451 1822 philosophando
482 1768 700 1808 tollebant.
726 1770 783 1807 Eo
814 1768 941 1819 igitur
969 1767 1222 1807 veniendum
1250 1770 1326 1815 est,
1353 1765 1613 1817 astrologum

111 1838 152 1874 et
181 1837 350 1886 poetam
377 1833 502 1872 fuisse
528 1833 758 1881 Manilium,
785 1845 921 1885 neque
949 1831 1229 1885 philosophiae
1264 1830 1358 1884 plus
1390 1829 1610 1878 studuisse,

113 1911 238 1952 quam
261 1898 513 1949 astrologica
533 1902 574 1937 et
594 1899 760 1950 poetica
784 1911 852 1938 ars
879 1898 1131 1950 requirebat.
1157 1898 1206 1936 Et
1232 1896 1364 1935 stoica
1383 1907 1482 1934 sane
1500 1894 1613 1934 locu-

111 1967 177 2002 tus
217 1966 293 2011 est,
332 1962 403 2001 sed
442 1962 534 2001 aliis
571 1963 782 2011 admixtis,
821 1976 914 2015 quae
956 1966 1102 2002 contra
1141 1961 1294 2001 stoicos
1335 1964 1469 2000 erant.
1508 1960 1614 1998 Nam

113 2039 263 2080 parum
302 2027 490 2074 curabat,
532 2027 685 2067 Zenoni
727 2027 940 2079 placerent
981 2039 1035 2066 an
1072 2026 1252 2074 Platoni,
1295 2038 1348 2064 an
1386 2023 1613 2071 Aristoteli,

114 2104 207 2144 quae
234 2090 443 2131 scribebat
470 2104 479 2130 ;
506 2092 688 2143 satisque
719 2092 897 2131 ducebat
924 2104 1028 2139 esse,
1059 2092 1094 2130 si
1123 2103 1217 2130 cum
1246 2102 1290 2129 re
1319 2092 1613 2140 congruerent,

115 2168 340 2208 versusque
373 2160 586 2196 ornarent.
617 2157 674 2196 Ac
709 2156 850 2195 multae
884 2156 1111 2195 multorum
1141 2154 1491 2207 philosophorum
1524 2152 1615 2204 opi-

115 2220 261 2260 niones
292 2220 447 2272 passim
478 2221 522 2260 in
554 2221 643 2273 ejus
677 2221 860 2260 carmine
893 2220 1178 2267 inveniuntur,
1210 2218 1308 2270 quia
1339 2230 1424 2257 non
1457 2216 1615 2256 eaedem

110 2297 280 2337 semper
310 2284 369 2324 rei
406 2284 626 2337 multiplici
659 2298 706 2325 ac
742 2286 869 2326 variae
904 2284 1228 2325 conveniebant.
1262 2284 1310 2322 In
1345 2293 1615 2334 quascunque

114 2349 243 2400 igitur
267 2361 444 2401 quaeque
475 2362 572 2402 pars
599 2356 768 2402 poetam
802 2350 916 2390 velut
946 2362 1044 2390 casu
1071 2348 1214 2401 aliquo
1240 2346 1444 2397 immittit,
1468 2345 1518 2385 iis
1546 2345 1615 2384 ille

115 2413 240 2461 favet,
258 2426 392 2466 neque
413 2427 542 2466 quam
564 2427 671 2455 verae
693 2415 790 2464 sint,
808 2414 1011 2467 exposcit,
1029 2414 1101 2454 sed
1121 2417 1325 2466 quantum
1340 2424 1461 2451 versu
1482 2410 1619 2463 splen-

109 2477 282 2518 descere
301 2478 485 2519 valeant.
515 2504 521 2508 -
