1910 3250
734 284 788 291 ..
847 263 902 304 4¹7
962 282 1016 289 ,-

1291 385 1300 392 .
1643 325 1910 388 osvwss‘tr*

137 389 253 440 regni
295 388 447 429 heroici
488 387 758 426 remotissima
798 386 962 437 penitus
1004 386 1083 425 iam
1123 388 1464 436 pervestigavere,
1505 385 1617 424 velut
1675 399 1774 453 stw
1807 398 1910 459 [mhi

138 460 195 509 11,
225 462 291 499 16:
320 456 526 496 Hesiodus
558 460 754 495 memorat
1817 484 1831 520 ³
1859 482 1878 520 K

367 526 440 571 „Et
463 526 531 561 sub
558 526 671 560 fratre
695 526 761 560 viri
785 536 928 569 nomen,
953 524 1032 560 sine
1058 524 1170 559 fratre
1195 523 1399 570 parentis;“
1662 488 1824 544 m
1873 554 1879 558 ‚
1903 525 1910 548 1

137 599 223 636 tum
250 597 329 646 ΙΙΙ,
360 596 496 644 1-25,
526 595 602 644 IV,
629 596 794 643 36—68,
823 585 1109 644 V,'460—469
1136 596 1300 643 poetam
1329 593 1470 632 eodem
1496 592 1616 631 modo
1724 574 1910 621 731⁷⁹2¹⁴⁴

137 665 295 704 fabulas
323 665 388 703 vel
415 664 622 712 historias,
651 667 696 701 ut
724 661 782 700 ait
810 662 1056 700 clarissimus
1085 660 1154 699 ille
1182 660 1322 699 Ovidii
1350 661 1618 709 existimator,

137 734 432 785 praelibantem
460 737 500 771 et
527 732 844 782 persalutantem
862 731 1000 780 habes,
1030 731 1145 780 quasi
1163 742 1281 771 canes
1301 743 1322 769 e
1338 729 1440 768 Nilo
1460 730 1619 769 bibunt.

138 803 259 842 Unde
287 815 337 841 ex
364 802 613 852 argumentis
641 801 943 851 tragoediarum
971 801 1186 839 multarum
1215 812 1333 838 unam
1361 799 1403 838 in
1429 801 1620 850 paginam

139 872 356 911 coarctatis
393 876 439 910 ut
474 870 702 921 exemplum
738 870 990 919 depromam:
1032 868 1320 918 „Gaudebunt,
1362 869 1509 918 inquit,
1542 882 1619 908 me-

139 953 295 980 morare

346 1015 669 1061 „Ructantemque
695 1017 838 1060 patrem
866 1016 974 1049 natos
999 1008 1189 1074 solpmqne
1214 1024 1396 1049 reversum
1598 1008 1635 1072 ε]

345 1073 396 1109 Et
420 1083 571 1108 caecum
597 1073 675 1108 sine
701 1072 778 1107 sole
804 1072 900 1106 diem
927 1098 936 1107 .
962 1072 994 1107 .“

139 1150 206 1189 Ita
240 1148 485 1199 constipatis
520 1147 749 1186 fabularum
783 1146 1024 1195 aenigmatis
1058 1157 1176 1195 aegre
1211 1158 1232 1184 e
1267 1146 1370 1185 miro
1407 1147 1621 1186 verborum

140 1219 353 1257 involucro
391 1216 653 1256 enucleandis
684 1228 758 1254 nos
785 1215 938 1266 passim
967 1218 1138 1254 exercet.
1194 1213 1263 1253 Sic
1291 1215 1438 1255 factum
1468 1221 1542 1267 est,
1578 1221 1623 1255 ut

141 1300 165 1327 a
185 1288 297 1326 nullo
318 1287 504 1326 Romano
524 1286 702 1325 carmina
723 1285 786 1322 vel
805 1284 856 1322 ad
876 1284 1030 1322 aditum
1059 1283 1292 1334 spinosiora
1319 1284 1383 1323 vel
1404 1285 1455 1323 ad
1474 1287 1622 1324 tracta-

141 1357 294 1396 tionem
329 1357 510 1394 aridiora
545 1354 781 1406 posteritati
813 1353 1152 1402 relinquerentur.
1210 1353 1318 1402 Quin
1348 1355 1521 1404 caligine
1551 1367 1622 1406 op-

142 1426 275 1476 pressi
302 1425 515 1476 permultis
543 1425 586 1462 in
615 1422 870 1462 illustrandis
890 1422 1210 1461 Astronomicon
1240 1422 1341 1461 locis
1365 1423 1477 1463 docti
1496 1424 1623 1463 homi·

142 1506 212 1533 nes
240 1494 392 1532 frustra
420 1493 551 1532 adhuc
578 1493 840 1541 desudavere,
870 1491 977 1539 quod
1007 1491 1085 1529 iam
1105 1504 1240 1542 supra,
1261 1504 1349 1531 cum
1368 1493 1418 1532 de
1437 1493 1623 1544 principe

142 1568 289 1613 poetae
317 1567 492 1613 patrono
522 1564 610 1600 erat
638 1561 836 1610 quaestio,
864 1559 981 1598 facile
1006 1561 1334 1610 intellegebatur,
1361 1568 1482 1611 atque
1503 1563 1623 1601 etiam

142 1631 322 1670 ludibrio
359 1631 388 1668 ii
416 1631 510 1669 aliis
540 1631 649 1668 suere
677 1634 869 1678 tanquam
898 1629 932 1667 si
962 1629 1132 1678 quadam
1160 1634 1329 1669 naturae
1358 1632 1623 1681 perversitate

142 1701 184 1739 in
218 1700 394 1751 hispidis
432 1711 550 1749 quam
586 1700 627 1737 in
661 1698 783 1736 cultis
818 1698 1001 1736 habitare
1029 1699 1209 1738 mallent.
1265 1699 1343 1739 Est
1368 1705 1503 1740 autem
1530 1713 1623 1740 con-

142 1772 374 1808 sentaneum
407 1769 472 1808 vel
500 1770 639 1819 potins
672 1772 850 1818 oportet,
887 1767 920 1804 si
959 1768 1048 1816 quis
1078 1769 1195 1807 libris
1225 1770 1307 1807 suis
1336 1770 1506 1808 alicuius
1534 1782 1624 1820 gra-

142 1839 242 1878 tiam
270 1839 411 1889 cupiat
437 1838 671 1885 conciliare,
698 1849 787 1875 eum
816 1835 918 1873 nihil
946 1836 1093 1875 habere
1122 1838 1332 1887 antiquius
1362 1850 1479 1887 quam
1499 1844 1545 1877 ut
1564 1851 1623 1877 sa-

144 1920 284 1960 porem
305 1908 405 1951 eius,
434 1908 468 1946 si
489 1908 548 1946 ita
566 1908 700 1946 dicere
721 1907 828 1955 licet,
858 1906 1084 1944 literarium
1103 1906 1415 1956 diligentissime
1436 1909 1625 1947 observet

143 1989 272 2027 neque
306 1977 357 2017 im
383 1976 597 2015 scribendo
635 1975 710 2014 ulli
745 1975 805 2014 rei
840 1975 1026 2024 studeat,
1059 1976 1136 2013 nisi
1172 1987 1250 2025 qua
1286 1976 1401 2015 illum
1435 1977 1624 2016 delectet.

149 2046 308 2094 Quodsi
342 2048 459 2095 patet
490 2045 808 2083 Astronomicon
845 2050 1051 2083 auctorem
1088 2045 1202 2094 sequi
1238 2045 1395 2084 Tiberii
1431 2047 1624 2086 iudicium

145 2115 264 2153 nobis
313 2114 412 2152 satis
461 2119 620 2163 notum,
669 2125 803 2152 nonne
845 2114 940 2152 hinc
980 2113 1113 2152 denuo
1158 2115 1370 2164 probabile
1411 2116 1623 2155 reddemus

144 2183 271 2222 hune
298 2183 523 2234 principem
551 2183 687 2231 fuisse,
715 2182 828 2220 cuius
857 2183 1183 2221 benevolentiam
1212 2183 1281 2222 ille
1309 2184 1565 2234 captaverit?

249 2252 335 2291 Iam
363 2264 458 2291 vero
488 2264 604 2301 quem
632 2252 683 2290 ad
710 2252 871 2290 modum
891 2263 1017 2302 genus
1037 2252 1198 2290 dicendi
1218 2253 1508 2303 progrediente
1528 2258 1624 2293 tem-

144 2334 245 2372 pore
269 2321 554 2360 obsoletum
582 2321 922 2370 redintegraverit
942 2321 1152 2370 Manilius,
1181 2322 1239 2360 ita
1260 2322 1378 2360 facile
1401 2322 1623 2373 ostendam,

145 2394 192 2430 ut
208 2395 279 2430 aut
298 2392 502 2430 nominum
522 2396 592 2429 aut
611 2391 825 2428 verborum
846 2390 995 2429 formas
1023 2402 1099 2440 pro
1129 2391 1374 2430 auctoritate
1392 2391 1519 2430 Ennii
1540 2392 1623 2430 sive

145 2459 328 2499 Lucretii
364 2460 415 2498 ab
451 2459 524 2497 illo
561 2459 762 2497 sublectas
798 2459 839 2496 in
867 2460 1101 2510 adspectum
1129 2459 1301 2499 afferam.
1356 2459 1468 2510 Lege
1497 2461 1624 2511 igitur

146 2529 182 2567 si
215 2529 367 2580 placet:
410 2528 442 2574 Ι,
478 2530 526 2567 27
562 2528 720 2580 clepere
764 2550 811 2555 —-
854 2529 887 2578 I,
922 2531 1010 2578 274,
1046 2531 1119 2568 305
1156 2529 1317 2567 cludere
1351 2551 1402 2557 —
1435 2530 1514 2578 III,
1551 2532 1623 2569 146

146 2597 274 2648 apisci
304 2619 350 2624 —
388 2597 467 2646 III,
494 2599 568 2636 423
595 2597 734 2636 didere
763 2619 811 2624 —
839 2595 869 2647 I,
898 2600 947 2637 88
962 2598 1098 2654 Q
1125 2620 1175 2626 —
1203 2599 1236 2647 I,
1264 2600 1339 2638 427
1367 2599 1461 2637 ollis
1490 2621 1537 2627 —
1566 2599 1623 2648 II,

147 2667 222 2706 726
238 2667 365 2718 ..D-&111
402 2665 625 2704 ablativum
654 2677 801 2714 casum,
838 2678 954 2715 quem
982 2668 1023 2705 in
1052 2668 1065 2705 i
1094 2667 1252 2705 literam
1279 2667 1529 2707 desinentem
1557 2668 1623 2706 de·
1738 2715 1755 2725 f,
1812 2709 1892 2723 ΜΛ,

147 2733 228 2773 cies
248 2735 430 2785 repperit
450 2734 630 2772 Jacobus
658 2756 706 2761 —
735 2735 789 2784 II,
817 2737 890 2774 831
911 2736 1024 2785 vitai,
1045 2735 1097 2785 V,
1126 2737 1199 2775 339
1219 2735 1367 2789 Q
1392 2737 1622 2786 genetivum
1667 2723 1813 2773 m's'W‘
1838 2720 1910 2755 ἷζε

148 2805 313 2842 auctore
332 2803 522 2841 Bentleio
552 2807 697 2852 poetae
726 2803 958 2844 restitutum
985 2827 1034 2833 —
1062 2806 1119 2854 II,
1146 2808 1222 2845 884
1248 2806 1352 2855 finis,
1379 2806 1539 2855 generis
1569 2806 1621 2844 fe-
