1930 3320
764 248 1046 287 -21—

267 373 371 414 Pes
419 372 606 428 denique
652 373 972 415 hexametri
1017 373 1141 428 quin
1158 376 1244 414 tus
1293 372 1479 415 efficitur
1527 371 1661 414 verbo

154 442 454 499 pyrrhichiaco
487 441 783 497 praecedente
814 442 948 484 verbo
980 441 1216 498 spondiaco
1247 456 1333 485 uno
1365 443 1480 484 loco:

265 511 287 552 I
317 514 395 553 521
430 510 548 553 Idem
576 523 734 564 semper
764 511 855 562 erit,
887 511 1084 564 quoniam
1114 524 1253 564 semp
1263 502 1314 553 ar
1337 510 1429 567 fui
1440 513 1457 552 t
1484 510 1604 552 idem.

151 575 349 623 Eandem
395 581 639 623 hexametri
691 580 839 623 sedem
888 585 1143 638 occupatam
1188 580 1322 623 verbo
1361 579 1662 637 pyrrhichiaco

150 649 442 706 praecedente
461 650 593 692 verbo
610 650 891 707 anapaestico
915 650 1030 707 apud
1046 650 1272 692 Manilium
1288 649 1448 691 frustra
1466 662 1662 705 quaeras.

730 925 979 968 CAPUT
1024 925 1086 968 II.

451 1013 516 1050 De
546 1013 742 1049 flexione
773 1015 819 1049 et
849 1013 905 1049 de
936 1012 1069 1057 eopia
1098 1013 1354 1050 verborum.

150 1098 454 1142 Declinatio
477 1100 731 1142 nominum
755 1099 1191 1142 substantivorum
1210 1105 1260 1143 et
1277 1099 1660 1143 adiectivorum.

262 1180 331 1224 De
369 1183 579 1239 primae
617 1182 1026 1224 declinationis
1062 1182 1212 1224 formis
1251 1182 1359 1224 nihil
1398 1181 1661 1224 monendum

151 1254 244 1304 est‚·
286 1251 371 1293 nisi
417 1252 646 1309 probatum
692 1266 922 1308 perperam
968 1266 1066 1294 esse
1105 1252 1268 1294 Iacobo
1315 1252 1451 1294 semel
1495 1265 1659 1307 gene-

151 1320 325 1362 tivum
383 1321 681 1377 singularis
740 1321 910 1363 numeri
959 1321 1004 1362 in
1064 1322 1146 1362 -ai
1197 1325 1433 1364 exeuntem
1484 1320 1526 1362 V
1579 1322 1660 1362 340

151 1388 318 1442 Nepai
347 1390 421 1442 ita,
453 1395 502 1432 ut
531 1391 790 1433 vocabulum
821 1390 1086 1446 bisyllabum
1119 1391 1194 1432 sit:
1233 1394 1277 1432 at
1310 1394 1353 1432 et
1386 1390 1463 1431 -ai
1493 1389 1662 1446 geneti-

152 1472 302 1501 vorum
340 1460 507 1502 exitum
546 1464 793 1502 constanter
833 1459 1098 1515 bisyllabum
1136 1460 1472 1517 pronuntiarunt
1501 1463 1660 1515 poetae

154 1527 341 1585 Augusti
372 1531 579 1586 aequales
611 1534 654 1572 et
685 1530 728 1571 in
761 1529 982 1572 codicibus
1013 1543 1100 1572 non
1113 1529 1253 1582 Nepai
1282 1529 1456 1585 legitur,
1490 1529 1567 1571 sed
1589 1533 1662 1571 aut

145 1598 250 1650 pari
277 1599 350 1640 vix
380 1598 486 1656 (GC
517 1599 598 1654 V1)
646 1603 720 1641 aut
745 1599 894 1652 parvis
926 1597 1000 1655 (L)
1033 1603 1108 1641 aut
1134 1598 1237 1652 puri
1267 1598 1349 1654 (M)
1389 1603 1463 1640 aut
1500 1599 1663 1653 reqione

142 1667 277 1719 panis
307 1667 423 1725 (V2)‚
456 1684 479 1711 e
528 1683 612 1726 qua
660 1669 847 1712 lectione
894 1669 979 1710 iam
1011 1668 1205 1724 Scaliger
1234 1667 1378 1720 Nepae
1410 1669 1599 1711 restituit
1614 1668 1662 1725 1).

151 1734 472 1780 Genetivum
513 1739 736 1796 pluralis
776 1738 822 1780 in
860 1751 964 1780 -um
999 1752 1077 1795 pro
1117 1751 1266 1780 -arum
1297 1737 1499 1780 formavit
1528 1742 1662 1795 poeta

149 1805 215 1847 IV
248 1808 330 1848 762
359 1806 680 1864 Macetum).

173 1929 180 1934 ι
262 1875 331 1918 De
365 1877 627 1919 secundae
659 1891 769 1932 quae
792 1876 950 1918 dicitur
977 1875 1363 1918 declinationis
1396 1877 1660 1932 genetivis

151 1945 522 1988 substantivorum
568 1947 613 1988 in
654 1947 762 1988 -ius
800 1947 871 1988 vel
908 1946 952 1987 in
983 1945 1109 1987 -ium
1149 1946 1402 1988 exeuntium
1433 1946 1477 1987 in
1507 1946 1552 1987 -z‘
1582 1960 1660 2002 pro

149 2014 218 2056 -ii
247 2015 443 2057 formatis
477 2030 607 2072 supra
637 2029 736 2072 pag.
771 2017 821 2057 61
857 2029 920 2071 sq.
951 2015 1085 2057 verba
1114 2015 1213 2057 feci.
1273 2015 1324 2056 In
1356 2029 1480 2057 casu
1517 2020 1659 2058 recto

149 2085 377 2141 pluralis
408 2086 619 2127 numeri*
640 2085 705 2127 -ii
736 2085 856 2128 exitu
886 2099 993 2127 usus
1027 2089 1096 2128 est
1122 2088 1273 2142 poeta:
1305 2084 1518 2126 habemus
1544 2085 1658 2126 enim

148 2153 171 2195 I
203 2155 284 2196 787
321 2153 443 2197 Uarii
481 2153 626 2212 (codd.
655 2154 869 2211 praebent
904 2153 1078 2210 Curius)
1125 2158 1170 2206 et
1213 2155 1418 2196 unanimo
1461 2153 1659 2196 codicum

148 2236 367 2266 consensu
396 2223 418 2264 I
451 2226 532 2266 789
562 2223 696 2276 Decii,
726 2228 774 2266 ut
803 2223 1040 2280 legendum
1072 2224 1150 2265 sit:
1205 2240 1211 2248 *

303 2292 518 2336 Certantes
546 2292 669 2335 Decii
698 2293 802 2335 votis
831 2308 908 2350 pro
945 2292 1237 2346 Oertantesque
1266 2291 1373 2335 Deci
1401 2293 1518 2334 votis.

145 2360 347 2405 Eundem
393 2377 540 2406 casum
582 2378 607 2406 a
652 2363 772 2406 deus
827 2363 1039 2406 vocabulo
1087 2362 1300 2405 derivavit
1351 2366 1484 2419 poeta
1522 2361 1544 2403 I
1575 2364 1658 2403 422

145 2431 191 2474 di
213 2430 356 2488 (codd.
388 2434 540 2476 tumidi
568 2448 646 2490 pro
677 2436 764 2475 tum
794 2432 856 2490 di)
888 2433 1080 2489 itemque
1112 2432 1423 2474 ablativum
1454 2431 1521 2474 dis
1545 2431 1567 2473 Ι
1590 2434 1656 2473 29.

148 2500 414 2544 Genetivi
445 2503 609 2546 formae
641 2503 686 2545 in
716 2516 816 2544 -um
859 2516 936 2559 pro
980 2515 1127 2543 -orum
1159 2501 1317 2543 cadunt
1358 2501 1403 2542 in
1433 2501 1658 2544 vocabulis

146 2570 238 2614 his:
270 2571 476 2626 Aryivum
505 2573 528 2614 I
559 2575 655 2615 694.
713 2571 918 2614 Danaum
947 2571 970 2613 I
1003 2573 1098 2625 765,
1130 2571 1250 2613 deum
1271 2571 1294 2612 I
1316 2573 1398 2613 803
1421 2570 1475 2627 (O
1497 2571 1656 2623 diuum,

147 2639 188 2681 G
217 2639 365 2683 diuum
396 2655 453 2683 ex
480 2641 596 2683 dium
627 2640 903 2697 correctum).
964 2641 1010 2682 II
1041 2644 1137 2683 441.
1186 2641 1327 2683 divum
1367 2640 1388 2681 I
1429 2642 1524 2681 752.
1558 2642 1654 2682 803.

145 2710 282 2751 virum
311 2710 334 2751 I
357 2712 452 2752 911.
484 2710 789 2765 squamiyerum
818 2711 982 2762 V6783
1015 2715 1164 2753 contra
1195 2711 1431 2754 eorundem
1463 2711 1655 2752 vocabu-

241 2837 267 2881 1)
294 2836 337 2872 cf.
363 2836 519 2871 Bechert
553 2837 578 2873 l.
608 2837 631 2873 l.
664 2849 699 2883 p.
725 2838 780 2873 59.
826 2839 840 2883 Η
888 2840 918 2884 ²)
943 2838 984 2874 ef.
1011 2839 1153 2881 Neue,
1191 2838 1450 2874 Formenlehre
1486 2837 1551 2872 der
1588 2836 1653 2872 lat.

146 2894 307 2941 Sprache
331 2895 370 2929 Ι2
407 2908 442 2940 p.
471 2896 526 2931 21.
