1910 3250
982 202 1257 247 ...12-

376 342 479 385 quae
519 334 677 384 tempus
717 326 917 382 significat
956 327 998 368 in
1041 327 1172 372 Plaut.
1230 327 1302 372 As.
1334 327 1385 382 V,
1417 328 1456 382 2,
1488 329 1540 371 77
1581 329 1700 373 modo
1741 343 1862 387 quom

376 398 488 438 dicta
518 398 560 437 in
581 409 642 436 me
666 395 887 450 inyerebas‘,
909 396 1059 447 odium,
1083 410 1167 438 non
1188 411 1297 438 nator
1318 410 1432 439 eram
1447 397 1467 438 ,9
1523 397 1708 439 Praestat
1727 403 1862 441 autem

375 470 444 504 aut
473 464 618 504 rectius
643 470 686 504 ut
710 464 838 505 dicam
861 478 1023 505 necesse
1045 471 1104 505 est
1130 464 1316 506 lineolam
1339 465 1447 506 illam
1477 467 1553 517 (—-
1574 465 1636 507 vel
1652 468 1696 518 ;),
1719 480 1799 522 qua
1820 465 1862 507 in

376 547 411 573 v.
440 531 520 573 898
543 546 648 587 pone
666 538 802 586 qentes
825 532 950 573 verba
970 532 1236 587 distinguunt,
1266 532 1390 574 deleri
1422 534 1700 590 artissimcque
1729 534 1863 575 omnia

375 599 478 640 inter
505 613 548 639 se
579 600 746 651 conecti,
788 599 828 640 id
869 599 977 655 quod
1018 600 1137 641 etiam
1177 600 1216 640 in
1248 600 1471 642 Basileensi
1508 601 1686 643 editione
1714 601 1863 642 factum

374 681 459 708 esse
498 667 627 708 video.
700 666 891 708 Ceterum
932 667 1146 708 lectionem
1197 673 1409 721 externas,
1447 669 1630 724 quamvis
1672 684 1726 710 ex
1763 669 1864 725 opti·

374 734 461 786 mis,
514 741 557 774 ut
603 734 772 787 videtur,
824 735 935 776 libris
974 735 1171 788 haustam,
1223 736 1279 777 eis
1320 737 1414 792 ipsis
1460 736 1597 778 deberi
1636 737 1705 792 qui
1745 737 1862 778 modo

374 800 474 841 falsa
515 815 561 841 ca
599 801 756 843 ratione
796 802 1037 857 acceperint,
1083 817 1204 858 quam
1244 803 1456 859 explicavi,
1503 803 1682 859 proclive
1720 818 1863 860 propc-

373 867 536 909 modum
577 875 636 909 est
675 869 725 909 ad
766 869 1024 912 credendum.
1101 869 1252 926 Utique
1297 871 1331 911 si
1372 876 1575 912 extremas
1617 870 1813 926 legemus,
1829 870 1862 925 1)

374 950 453 976 non
484 936 590 977 mala
633 937 709 978 erit
748 937 945 978 sententia
985 937 1106 979 haee:
1140 945 1183 979 ut
1212 938 1332 980 modo
1374 953 1446 994 per
1475 945 1677 980 extremas
1706 944 1862 994 gentes,

373 1017 464 1044 cum
500 1003 653 1044 Varum
695 1004 918 1046 Germania
956 1005 1100 1061 rapuit,
1144 1012 1226 1048 toto
1267 1007 1417 1048 mundo
1458 1006 1613 1047 lumina
1639 1005 1865 1047 minitantia

372 1077 558 1112 arserunt
586 1102 766 1115 .....
835 1072 966 1113 Varus
1015 1079 1148 1114 autem
1189 1074 1265 1130 ipsi
1312 1080 1478 1116 naturae
1522 1074 1716 1130 caeloque
1759 1072 1866 1114 mala

373 1139 619 1180 minantibus
661 1139 826 1181 credere
858 1140 1039 1181 nesciens
1081 1157 1153 1183 sua
1190 1142 1309 1198 culpa
1348 1141 1536 1183 occubuit
1574 1141 1768 1196 gravibus
1798 1154 1865 1182 ne-

372 1206 605 1260 glegentiae
634 1207 773 1262 poenis
795 1207 897 1248 datis
923 1208 994 1259 (cf.
1018 1207 1132 1253 Suet.
1155 1210 1246 1254 Tib.
1279 1225 1311 1250 c.
1349 1209 1433 1262 18).
1494 1209 1628 1260 Quam
1651 1209 1864 1250 lectionem

374 1285 413 1320 et
444 1280 815 1335 interpretationem
849 1281 881 1321 si
910 1281 973 1320 cui
1004 1279 1229 1321 adsciscere
1255 1277 1408 1328 libebit,
1441 1292 1520 1319 non
1549 1291 1640 1318 curn
1668 1275 1866 1320 Stoebero

373 1347 424 1389 de
450 1355 632 1389 extremo
663 1348 781 1401 bello,
810 1347 917 1404 quod
948 1347 1135 1399 Romani,
1167 1353 1385 1401 antequam
1413 1345 1513 1387 haec
1533 1344 1691 1401 scripsit
1713 1350 1864 1397 auctor,

372 1416 583 1470 gesserint,
617 1417 850 1472 accipienda
882 1416 968 1469 crit,
1000 1415 1071 1456 sed
1102 1414 1236 1456 locum
1259 1413 1426 1454 indicari
1457 1412 1559 1454 duco
1585 1411 1866 1454 necessarium.

376 1483 635 1540 Quamquam
667 1484 1003 1540 qualemcumque
1024 1497 1188 1525 versum
1215 1481 1298 1524 898
1319 1481 1495 1522 scribere
1518 1479 1734 1536 praeferas,
1765 1478 1867 1520 illud

371 1553 491 1593 modo
522 1567 600 1592 una
634 1552 802 1605 ratione,
844 1552 877 1592 si
915 1552 1012 1608 quid
1047 1551 1232 1602 sentiam,
1265 1547 1550 1604 explicandum
1582 1553 1654 1592 est,
1695 1545 1864 1590 Scribae

372 1619 536 1674 quidem
581 1634 719 1660 eorum
759 1619 955 1673 codicum,
1000 1634 1074 1676 per
1113 1633 1216 1674 quos
1259 1622 1464 1658 extremas
1503 1615 1686 1668 traditur,
1723 1629 1863 1657 versus

372 1686 456 1728 898
494 1686 731 1728 adverbium
770 1687 992 1743 temporale
1041 1702 1122 1728 non
1162 1700 1252 1727 cum
1290 1684 1516 1740 insequenti
1558 1685 1682 1725 etiam
1725 1689 1863 1725 contu—

370 1754 517 1807 lerunt,
554 1769 694 1796 verum
733 1755 902 1798 eandem
944 1770 1066 1811 quam
1106 1754 1229 1794 habet
1263 1766 1399 1807 nuper
1435 1751 1638 1793 notionem
1667 1750 1703 1792 ei
1732 1749 1863 1791 subie-

371 1828 525 1865 cerunt.
583 1822 677 1863 Non
709 1822 961 1864 dissimulare
986 1829 1121 1863 autem
1151 1821 1244 1862 licet
1271 1826 1383 1862 tanto
1406 1819 1458 1861 ad
1481 1826 1640 1875 tempus
1670 1818 1862 1860 definien-

372 1889 468 1930 dum
509 1905 582 1930 usu
612 1906 693 1931 non
726 1906 812 1933 esse
843 1891 1082 1947 particulam
1111 1890 1244 1941 modo,
1283 1894 1434 1943 quanto
1464 1887 1639 1946 primum
1669 1885 1863 1943 spectanti

371 1957 499 1999 videri
531 1958 675 2013 possit3
717 1974 809 1999 nam
844 1964 1006 2000 exstant
1033 1958 1153 1999 etiam
1191 1957 1230 1998 in
1262 1956 1499 1997 Latinorum
1528 1955 1638 1996 libris
1669 1954 1757 2007 loci,
1795 1953 1862 1994 ubi

370 2027 488 2067 modo
531 2025 581 2066 de
619 2032 802 2082 tempore
847 2026 1053 2082 aliquanto
1094 2025 1310 2067 remotiore
1345 2022 1665 2079 intellegendum
1705 2022 1767 2074 sit,
1811 2021 1862 2063 de

371 2108 450 2149 qua
479 2108 522 2134 re
554 2108 603 2135 ne
633 2094 796 2149 longius
821 2094 965 2135 abeam
995 2094 1131 2135 videas
1161 2090 1311 2134 Handii
1335 2091 1506 2132 Tursell.
1532 2090 1608 2132 vol.
1633 2089 1698 2130 ΙΙΙ
1719 2104 1760 2145 p.
1780 2089 1861 2130 645

371 2176 481 2204 num.
514 2162 552 2204 4.
612 2161 695 2204 Sed
728 2169 861 2204 tamen
900 2163 973 2204 hos
1011 2176 1097 2204 esse
1135 2160 1307 2202 rariores
1349 2172 1399 2200 ne
1425 2157 1711 2200 obliviscamur
1739 2162 1863 2212 atque

372 2229 622 2284 plerumque,
663 2236 705 2270 ut
735 2230 831 2282 dixi,
879 2229 929 2270 ad
970 2229 1203 2284 proximum
1246 2235 1402 2284 tempus
1441 2242 1513 2282 per
1542 2227 1661 2282 modo
1701 2224 1862 2280 regredi

371 2297 551 2338 assolitos
589 2311 675 2338 esse
715 2297 941 2352 scriptores
1002 2299 1142 2352 Itaque
1180 2296 1325 2337 certius
1365 2294 1467 2336 duco
1499 2293 1708 2348 vulgatum
1739 2307 1860 2348 quam

371 2364 674 2419 exquisitiorem
702 2381 816 2406 usum
845 2366 970 2421 sequi.

505 2443 585 2484 Per
613 2443 711 2484 haec
739 2444 816 2484 iam
848 2444 896 2484 ad
919 2444 1107 2498 graviora
1130 2449 1367 2499 perventum
1397 2448 1468 2483 est.
1528 2441 1647 2483 Nunc
1674 2440 1781 2482 enim
1809 2440 1861 2482 ad

370 2510 550 2563 singulos
580 2511 700 2563 locos,
734 2512 802 2566 qui
833 2511 1027 2566 imprimis
1050 2512 1089 2551 in
1121 2511 1336 2566 prooemiis
1364 2510 1634 2565 clausulisque
1664 2509 1859 2550 librorum

371 2584 545 2631 exstant,
588 2593 658 2619 nos
689 2585 983 2631 convertamus,
1027 2579 1132 2619 unde
1163 2579 1261 2618 lucis
1301 2578 1453 2634 aliquid
1492 2577 1543 2618 ad
1584 2577 1860 2633 quaestionem

371 2653 548 2688 nostram
580 2647 876 2688 diiudicandam
900 2646 1128 2687 redundare
1151 2647 1286 2702 possit.
1331 2645 1423 2696 Qua
1441 2646 1478 2686 in
1502 2660 1546 2687 re
1566 2660 1656 2686 cum
1678 2645 1858 2698 Freiero,

510 2805 534 2848 ¹)
559 2807 599 2839 cf.
626 2817 700 2848 per
725 2810 949 2839 extremas
975 2809 1135 2848 gentes
1160 2806 1260 2848 Prop.
1285 2806 1312 2847 1,
1342 2808 1368 2847 l,
1393 2806 1446 2839 29.
