1936 3392
1587 370 1643 410 29

151 495 247 537 673.
283 494 403 549 virga
444 491 647 547 variante]
689 491 856 547 proprie
894 491 1083 532 variante
1127 515 1183 520 —-
1229 490 1326 531 674.
1367 488 1642 544 quamquam]

150 578 393 622 quanquam
425 590 481 594 —
517 565 563 605 in
595 564 724 619 partis
757 562 902 618 divisi]
935 563 983 604 in
1012 566 1150 618 partes
1182 561 1329 603 divisit
1361 587 1416 590 —
1451 561 1547 602 675.
1581 559 1644 602 Si-

149 636 262 692 dera]
283 635 443 690 Sydera
475 661 530 666 ——
565 635 661 677 680.
683 633 915 689 haerentia]
941 634 1132 675 herentia
1159 659 1214 663 —
1244 633 1340 675 681.
1368 647 1393 674 a
1417 632 1560 687 longo]
1589 645 1644 673 ex

146 709 273 764 longo
306 733 360 738 —
394 706 604 762 submota]
634 710 846 748 summota
877 731 932 736 ——
967 706 1063 747 684.
1089 704 1253 759 foedus]
1274 704 1422 746 faedus
1455 729 1510 734 —
1545 704 1642 745 692.

146 779 300 822 Pacata
324 779 488 821 infestis
514 812 521 820 .
550 812 557 820 .
586 812 593 819 .
619 779 756 833 possis
780 778 894 819 inest
925 803 981 807 ——
1015 777 1111 818 695.
1137 775 1500 830 Dodecatemoria]
1527 774 1644 817 Duo-

147 851 290 894 decate
319 851 456 893 moria
487 876 542 880 ——-
575 851 622 891 in
653 848 792 904 titulo]
824 851 871 890 in
902 848 1048 890 titulos
1081 874 1134 878 —
1176 848 1272 889 696.
1305 847 1459 902 sidera]
1492 847 1645 901 sydera

147 949 202 954 —
245 922 290 965 V.
319 924 411 965 699
439 936 519 964 om.
554 947 609 951 -
647 922 742 963 700.
774 920 1156 963 Dodecatemorion
1188 919 1365 974 constat]
1398 918 1644 961 Duodecate

145 995 330 1037 morium
360 997 552 1036 constant
598 1019 644 1023 —
686 994 782 1035 702.
813 991 1010 1047 numero]
1042 992 1233 1033 numeris
1267 1015 1324 1021 --
1360 992 1455 1033 703.
1488 991 1548 1033 Ut
1578 1004 1644 1033 so-

146 1065 268 1122 ciata]
299 1064 355 1108 Et
385 1066 540 1108 sociata
571 1090 626 1096 —
665 1064 820 1120 sidera]
853 1064 1007 1118 sydera
1045 1088 1100 1092 —
1141 1064 1236 1104 707.
1269 1062 1452 1118 Idcirco]
1484 1064 1643 1104 Iccirco

146 1163 202 1168 —
235 1137 511 1194 quamquam]
545 1149 788 1192 quanquam
820 1161 875 1167 —-
915 1136 1010 1178 709.
1043 1134 1183 1190 saepe]
1216 1147 1315 1190 sepe
1347 1161 1402 1164 —
1438 1135 1534 1176 710.
1567 1135 1643 1176 Fe-

144 1210 264 1251 mina
292 1223 343 1252 επ
371 1209 533 1264 Femia,
570 1222 779 1264 supersm:
811 1222 858 1262 n,
894 1207 997 1262 feeit
1024 1221 1094 1262 pr.
1125 1221 1182 1248 m.
1216 1232 1271 1236 ——
1305 1206 1458 1261 sidere]
1491 1207 1644 1260 sydera

147 1306 203 1312 ——
244 1282 340 1322 712.
371 1279 748 1335 Dodecatemoriis]
780 1279 1025 1322 Duodecate
1055 1280 1204 1320 moriis
1237 1304 1292 1309 ——
1328 1279 1424 1321 713.
1456 1278 1556 1334 sint]
1590 1280 1644 1320 sit

147 1377 203 1383 -—
235 1352 440 1408 constent]
474 1356 636 1394 constet
670 1378 726 1382 —
763 1352 857 1392 714.
889 1351 954 1393 Ne
985 1350 1134 1406 vagus]
1166 1349 1257 1392 Nec
1287 1364 1422 1406 vagus
1454 1376 1510 1381 ——
1546 1351 1641 1393 715.

145 1423 239 1479 suo]
270 1437 350 1466 sua
380 1449 435 1454 —-
471 1425 567 1466 716.
597 1423 756 1478 Sidera]
785 1422 944 1477 Sydera
975 1449 1031 1453 —
1063 1422 1244 1478 vicinae]
1270 1423 1422 1464 vicinis
1454 1448 1509 1453 —
1546 1423 1642 1464 717.

147 1494 310 1551 Cetera]
343 1495 516 1538 Caetera
547 1522 602 1526 ——
638 1497 732 1538 719.
766 1497 812 1537 in
842 1494 994 1550 sidere]
1027 1495 1074 1536 111
1105 1494 1259 1548 sydera
1290 1520 1345 1524 —
1382 1496 1477 1536 721.
1504 1494 1643 1537 sidere

147 1567 298 1621 sydere
341 1593 396 1597 —
443 1568 538 1609 722.
575 1567 667 1609 Nec
702 1561 845 1625 gefiuffl
882 1581 975 1609 una
1012 1566 1092 1608 litt.
1128 1580 1233 1608 eras.
1266 1570 1305 1608 et
1334 1581 1545 1622 superser.
1571 1581 1641 1622 pr.

144 1653 200 1680 m.
232 1652 262 1680 n
293 1638 415 1694 (fuit,
447 1642 500 1680 ut
528 1639 716 1693 videtur,
749 1640 901 1695 gemis)
933 1665 989 1668 —
1025 1639 1120 1680 726.
1158 1637 1423 1694 Quacunque
1447 1640 1494 1680 in
1518 1639 1640 1695 parti]

146 1708 411 1766 Quocunque
434 1711 482 1752 in
505 1714 628 1766 partu
657 1736 711 1740 -—
738 1710 942 1766 tempore]
971 1714 1162 1766 tempora
1183 1711 1281 1766 (ῷο)
1315 1736 1370 1740 —
1406 1712 1502 1752 728.
1527 1711 1640 1766 quia]

145 1794 254 1837 quae
285 1807 340 1813 —
373 1781 525 1838 sidera]
555 1782 710 1836 sydera
740 1808 796 1812 —
832 1783 927 1824 730.
962 1781 1164 1838 Quaeque
1188 1781 1305 1837 hinc]
1334 1781 1451 1832 Quae
1477 1786 1518 1824 et
1542 1783 1643 1824 hinc

145 1877 200 1883 ——
236 1853 332 1896 731.
363 1854 604 1910 pariterque
635 1855 857 1910 sequentia
889 1853 1066 1910 ducunt]
1104 1855 1263 1910 pariter
1294 1855 1387 1907 (om.
1422 1856 1517 1909 que)
1549 1868 1642 1897 sen-

143 1925 274 1967 tentia
304 1925 422 1968 ducit
454 1951 508 1956 —
543 1927 639 1968 732.
666 1925 757 1981 ubi]
783 1926 845 1968 ibi
878 1952 934 1956 -—
969 1927 1064 1968 734.
1091 1925 1295 1982 Dimidia]
1322 1925 1558 1968 Dimidiam
1585 1951 1639 1957 -

143 1996 368 2052 tribuatur]
406 1997 647 2040 tribuantur
685 2024 740 2028 —-
781 1999 877 2039 735.
909 1998 962 2040 In
1000 2012 1084 2053 quo
1123 1998 1370 2053 destituent,
1408 1999 1500 2041 eius
1531 1999 1639 2054 tum]

142 2067 195 2110 In
230 2082 315 2124 qua
344 2069 570 2112 destituent
599 2074 640 2111 te
670 2071 834 2112 iustum
872 2095 927 2100 -—-
970 2070 1066 2111 736.
1098 2069 1478 2112 Dodecatemorion
1510 2071 1639 2126 signi]

141 2137 416 2183 Duodecathe
445 2142 593 2183 moriis
621 2142 733 2198 signi
768 2167 822 2171 —
856 2141 1009 2197 cetera]
1037 2146 1202 2184 caetera
1233 2168 1289 2172 —
1325 2143 1420 2184 737.
1448 2156 1641 2198 quaeque

143 2223 238 2267 suo,
275 2211 400 2268 sicut]
440 2226 611 2269 quoque
649 2214 805 2269 (quoq.)
844 2214 960 2255 velut
997 2219 1092 2268 (om.
1132 2215 1224 2268 suo)
1264 2239 1319 2244 —
1367 2215 1462 2256 740.
1501 2213 1640 2257 Dode-

142 2283 375 2340 catemorii]
394 2283 816 2327 Duodecathemoriis
842 2311 895 2316 —
925 2285 1028 2341 quid
1053 2287 1124 2341 sit,
1152 2286 1282 2342 quod]
1311 2286 1425 2341 quod
1451 2288 1505 2328 sit
1525 2287 1640 2342 quod

142 2353 215 2411 (qd
233 2356 289 2398 sit
307 2355 377 2411 qd)
407 2381 463 2387 -—
492 2357 587 2398 741.
609 2356 1003 2413 Dodecatemorion]
1023 2357 1481 2415 Duodecathemorium
1508 2358 1639 2412 (Duo-

141 2425 471 2482 decathemorifi)
516 2454 572 2459 ——
619 2430 714 2470 742.
759 2429 897 2471 Partis
939 2430 1054 2471 inest
1098 2455 1151 2460 —-
1197 2429 1350 2485 sidera]
1391 2430 1544 2484 sydera
1582 2457 1637 2461 -

144 2497 240 2544 744.
271 2497 501 2554 Dimidias,
537 2501 736 2556 viresque
770 2501 819 2542 in
850 2502 912 2543 eis
943 2506 984 2543 et
1014 2501 1122 2557 iura]
1154 2501 1364 2544 Dimidias
1397 2504 1470 2557 qui
1501 2503 1546 2543 in
1579 2505 1639 2544 eis

143 2571 186 2612 et
207 2582 309 2613 cura
340 2596 392 2601 —
429 2572 525 2613 746.
551 2570 917 2629 Dodecatemorio]
943 2572 1353 2615 Duodecathemorio
1387 2599 1442 2604 —
1477 2575 1573 2614 747.
1593 2576 1638 2616 in

140 2639 246 2684 fines
274 2643 322 2684 in
351 2642 502 2698 sidere]
533 2644 580 2685 in
609 2643 696 2686 fine
726 2645 811 2686 sint
834 2645 986 2698 sydere
1019 2671 1074 2676 —
1109 2646 1204 2687 748.
1231 2645 1447 2701 Inciderit]
1474 2645 1638 2688 Incide-

87 2716 89 2718 ’
141 2711 228 2755 rint
267 2738 323 2744 —
370 2715 464 2756 752.
502 2715 718 2771 membris]
756 2717 947 2758 menbris
990 2743 1047 2748 —
1094 2718 1191 2759 754.
1222 2730 1298 2773 per
1329 2717 1512 2773 singula]
1544 2722 1639 2773 post

144 2782 308 2839 singula
337 2811 393 2816 -—
428 2787 524 2828 755.
554 2786 692 2843 litera]
724 2788 863 2830 littera
894 2814 949 2819 --
986 2790 1081 2830 756.
1108 2788 1192 2831 Per
1215 2788 1381 2844 faciem]
1408 2789 1463 2831 Et
1488 2789 1637 2831 faciem

145 2877 201 2884 —
238 2867 336 2898 oum
367 2857 553 2914 ponitur]
586 2861 855 2914 componitur
892 2886 948 2891 —
990 2861 1086 2902 758.
1118 2860 1234 2902 Hinc
1264 2861 1398 2917 verbi]
1430 2861 1515 2903 Hic
1545 2874 1637 2903 ver-

143 2922 211 2966 bis
241 2950 297 2956 —
326 2940 401 2982 per
429 2930 635 2985 membra]
667 2943 743 2986 per
771 2932 901 2974 verba
935 2958 992 2962 —
1027 2933 1123 2974 764.
1155 2932 1328 2988 Effluat]
1360 2933 1415 2975 Et
1445 2933 1548 2975 fluat
1580 2959 1635 2964 ——

146 2995 446 3055 767.ῆο01101111]
472 3001 650 3044 canendi
682 3027 738 3034 —
773 3004 869 3045 768.
896 3017 1054 3046 numen
1079 3006 1215 3059 (1111111)
1244 3030 1298 3035 -——
1329 3006 1425 3046 771.
1451 3006 1497 3046 in
1516 3005 1634 3061 usus]
