1936 3392
962 295 1171 335 —40-

334 402 425 430 cum
457 391 589 427 totum
614 386 722 424 inter
747 395 787 422 se
815 382 957 421 mundi
991 395 1138 434 eorpus
1171 388 1390 435 cognatum
1424 397 1510 424 esse
1541 388 1594 434 et,
1614 385 1662 425 ut
1691 386 1801 425 Graii

333 453 509 497 aiebant,
542 446 717 500 συμπαθὲς
745 449 857 499 ἐαυτῷ
891 447 1033 497 refert,
1065 447 1274 486 hominem
1308 448 1476 488 minime
1509 449 1804 489 convenienter

333 518 586 568 praepostero
612 512 767 551 honore
787 514 950 562 separat
971 514 1093 562 atque
1117 510 1294 563 sejungit
1316 523 1326 551 ε

750 642 864 679 quem
885 631 1045 678 denique
1065 635 1102 668 in
1122 643 1231 668 unum

519 684 714 721 Descendit
734 684 824 720 deus
845 687 956 730 atque
977 684 1122 720 habitat
1141 686 1166 720 ¹.

384 813 473 851 Non
495 816 631 851 autem
656 811 927 851 admiscendae
949 815 1045 850 sunt
1064 811 1130 850 hic
1151 811 1242 851 duae
1264 812 1486 852 stoicorum
1516 813 1802 853 diversissimae

333 876 559 927 opiniones.
596 878 697 915 Nam
737 888 819 915 non
848 876 890 914 in
922 876 1130 914 hominem
1172 888 1298 914 unum
1329 876 1538 915 descendit
1579 877 1693 925 deus,
1729 877 1798 916 sed

331 952 414 979 non
445 940 479 979 is
511 940 642 990 magis
670 939 807 978 divino
841 940 985 991 spiritu
1020 940 1207 986 afflatur,
1243 939 1364 991 vique
1397 940 1568 979 rationis
1600 940 1802 979 universae

331 1003 495 1051 fruitur,
510 1016 634 1055 quam
655 1007 789 1043 cetera
809 1004 1020 1051 animalia,
1035 1015 1159 1054 quam
1182 1015 1293 1054 apes,
1312 1003 1360 1043 de
1381 1003 1530 1055 quibus
1546 1016 1595 1044 ea
1613 1003 1802 1056 pulcher-

329 1067 434 1106 rima
454 1067 646 1118 Virgilius
669 1080 678 1106 z
1777 1067 1779 1069 ’

514 1177 602 1210 Esse
620 1175 753 1221 apibus
773 1178 922 1222 partem
944 1175 1077 1211 divinae
1094 1176 1231 1211 mentis
1252 1178 1288 1211 et
1306 1176 1463 1212 haustus

515 1227 699 1263 AEtherios
720 1228 844 1262 dixere
861 1240 868 1272 ;
886 1228 998 1263 deum
1018 1238 1182 1274 namque
1203 1227 1257 1263 ire
1276 1238 1343 1274 per
1363 1239 1494 1264 omnes

515 1280 721 1325 Terrasque
740 1281 956 1324 tractusque
976 1279 1090 1314 maris
1109 1279 1317 1325 caelumque
1335 1279 1564 1326 profundum
1587 1291 1595 1315 :

518 1331 609 1365 Hinc
626 1330 799 1376 pecudes,
822 1332 1007 1372 armenta,
1028 1330 1140 1374 viros,
1163 1341 1280 1377 genus
1301 1341 1411 1365 omne
1432 1331 1598 1366 ferarum

517 1382 711 1427 Quemque
729 1382 798 1417 sibi
816 1384 950 1418 tenues
968 1383 1182 1417 nascentem
1199 1393 1388 1417 arcessere
1407 1382 1503 1418 vitas
1515 1383 1542 1416 2.

383 1510 497 1548 Nune
517 1522 628 1558 vero,
646 1523 739 1550 cum
761 1511 867 1549 Deus
888 1511 929 1549 in
950 1510 1240 1562 quodcumque
1258 1510 1412 1549 animal
1433 1522 1474 1549 se
1494 1510 1699 1559 infundat,
1721 1510 1803 1550 sin-

331 1573 465 1622 gulari
482 1574 663 1624 quadam
679 1578 719 1613 et
735 1574 885 1614 eximia
903 1574 1146 1625 cognatione
1167 1587 1259 1613 cum
1281 1573 1525 1625 quibusdam
1546 1574 1799 1622 hominibus,

331 1637 450 1676 bonis
482 1638 634 1677 scilieet
665 1650 712 1676 ac
744 1634 1017 1689 sapientibus,
1046 1638 1153 1677 idem
1182 1639 1290 1676 Deus
1311 1638 1478 1688 junctus
1507 1642 1581 1677 est.
1609 1653 1628 1674 «
1647 1639 1694 1677 In
1718 1651 1800 1678 uno

331 1713 495 1753 quoque
514 1701 722 1740 bonorum
739 1702 937 1749 virorum,
955 1702 1012 1741 ait
1030 1703 1196 1748 Seneca,
1216 1701 1323 1753 (quis
1342 1702 1462 1749 Deus,
1482 1702 1694 1740 incertum*
1707 1702 1798 1754 est),

330 1765 491 1804 habitat
509 1765 630 1805 Deus.
656 1781 675 1802 »
696 1766 878 1816 Apparet
897 1777 995 1816 ergo
1020 1778 1102 1804 non
1130 1765 1341 1804 hominem
1368 1765 1419 1803 ab
1448 1764 1709 1813 animalibus,
1732 1766 1802 1805 sed

332 1829 601 1879 paucissimos
630 1829 819 1868 homines
840 1841 864 1868 a
893 1829 1037 1868 ceteris
1058 1842 1148 1868 cum
1176 1828 1424 1867 animalibus
1451 1832 1538 1867 tum
1566 1828 1803 1868 hominibus

331 1893 583 1932 sevocandos
601 1894 767 1944 Deoque
789 1893 942 1932 arctius
958 1893 1206 1944 jungendos.
1227 1892 1343 1938 Quod
1365 1904 1447 1931 non
1474 1892 1599 1931 sensit
1615 1891 1804 1932 Manilius

332 1956 575 2008 miscuitque
597 1956 786 2008 pessime,
804 1969 894 2008 quae
917 1955 1033 1994 stoici
1055 1956 1205 2003 ferunt,
1223 1955 1361 1994 omnia
1377 1955 1420 1993 in
1441 1955 1594 1994 mundo
1615 1967 1700 1995 esse
1720 1957 1803 1995 Deo

333 2024 525 2071 cognata,
546 2033 718 2072 quaeque
744 2019 908 2071 vulgus,
933 2032 1136 2059 summam
1163 2019 1322 2058 homini
1345 2031 1470 2070 supra
1496 2019 1693 2059 animalia
1718 2031 1803 2059 esse

333 2084 618 2124 excellentiam
632 2114 642 2124 .

385 2148 556 2197 Deinde,
585 2153 806 2200 postquam
833 2148 974 2198 stoice,
995 2160 1086 2199 quae
1114 2146 1268 2198 rettuli,
1290 2147 1338 2186 de
1369 2148 1451 2186 Deo
1473 2159 1546 2198 per
1571 2149 1703 2185 totum
1729 2159 1801 2185 na-

336 2216 439 2251 turae
468 2213 610 2251 orbem
636 2212 771 2252 infuso
799 2216 922 2264 atque
950 2211 1130 2263 spirante
1157 2211 1319 2250 locutus
1339 2213 1413 2258 est,
1437 2209 1519 2248 alia
1544 2209 1684 2260 adjicit
1709 2222 1801 2260 quae

335 2276 594 2315 Aristotelico
633 2276 697 2315 vel
734 2276 957 2315 christiano
993 2275 1117 2314 modo
1147 2274 1327 2313 divinam
1364 2273 1543 2324 aliquam
1584 2285 1802 2324 personam

334 2351 461 2391 supra
480 2340 680 2379 mundum
703 2339 908 2379 collocant
926 2343 1235 2390 creatoremque
1253 2350 1278 2376 a
1298 2341 1434 2377 creato
1457 2337 1691 2388 sejungunt.

521 2461 629 2503 Quod
649 2461 718 2497 nisi
739 2460 908 2508 cognatis
924 2461 1102 2496 membris
1122 2462 1297 2496 contexta
1316 2461 1487 2495 maneret

521 2513 703 2559 Machina,
723 2515 760 2549 et
775 2514 942 2559 imposito
962 2515 1110 2560 pareret
1128 2515 1208 2548 tota
1224 2514 1409 2557 maqistro,

521 2569 573 2602 Ac
592 2568 742 2602 tantum
757 2566 889 2601 mundi
909 2567 1057 2612 regeret
1075 2565 1273 2612 prudentia
1292 2575 1454 2608 sensum,

522 2619 601 2655 Non
621 2621 718 2654 esset
739 2619 850 2654 statio
871 2618 994 2661 terris,
1014 2629 1090 2654 non
1111 2617 1272 2653 ambitus
1292 2616 1401 2652 astris
1407 2643 1476 2652 .....

376 2759 406 2790 1.
429 2757 579 2794 Astron„
600 2756 643 2796 11,
664 2757 734 2788 107.
755 2774 794 2780 —
811 2757 949 2796 Ferraz,
969 2765 1000 2796 p.
1023 2757 1076 2787 52.

376 2805 407 2836 2.
423 2804 530 2846 Virg„
553 2803 683 2845 Geor9.‚
707 2803 761 2842 IV,
783 2804 854 2835 220.
