1942 3308
725 214 1010 267 -45..

286 353 417 412 thue
447 352 624 397 trahunt
658 354 797 396 oculos
828 353 1057 395 radiantia
1089 352 1255 394 lamma
1288 350 1410 402 Solis,

281 418 531 460 Traxissent
561 419 752 458 animam
783 417 842 457 sic
873 421 945 457 tua
963 415 1093 470 sacta
1122 428 1270 456 meam.

101 479 156 521 Et
185 479 296 536 quod
329 479 380 521 de
411 477 589 521 Romulo
632 478 739 519 inter
770 478 868 519 deos
900 484 1066 533 recepto
1108 477 1159 518 ab
1188 475 1340 519 Ovidio
1372 474 1494 527 (Met.
1526 471 1631 515 XIV

101 548 207 601 827)
249 548 522 604 praedicatur,
562 547 750 603 pulchra
788 547 898 589 subit
931 548 1080 602 facies
1120 552 1155 588 et
1187 544 1495 601 palcina-ribus
1526 544 1629 585 altis

103 618 288 674 diquior,
330 617 409 659 hoc
440 617 492 658 de
522 617 705 672 spirante
738 617 931 672 Augusto
965 631 1046 657 non
1089 615 1216 657 semel
1248 614 1416 656 dicitur:
1460 613 1525 654 hic
1557 613 1631 653 cit·-

102 687 314 728 eumfusus
358 692 419 729 est
457 685 763 743 quodammodo
797 685 887 727 luce
918 699 965 726 ae
994 684 1180 739 fulgore3
1219 684 1370 726 etenim
1396 696 1631 740 purpuram,

104 763 149 798 ut
191 756 248 798 ait
299 755 498 798 Horatius
541 757 594 808 (e.
632 755 698 796 111
736 755 774 808 3,
819 755 911 807 12),
955 754 1054 796 bibit
1089 768 1160 796 ore
1204 759 1361 806 nectar,
1409 752 1461 794 ad
1508 767 1632 808 quem

103 824 239 867 locum
280 830 390 866 recte
429 823 708 879 Kiesslingius
754 830 947 865 annotat:
999 838 1233 880 „purpureo
1270 837 1343 865 ore
1379 822 1482 878 geht
1521 822 1633 862 nicht

104 894 180 936 auf
219 893 286 936 die
335 893 485 947 Farbe,
539 893 718 936 sondern
768 893 843 934 auf
880 892 960 934 den
1006 892 1338 935 sehimmernden
1382 891 1517 934 Glanz
1561 890 1633 932 des

104 963 312 1020 Purpurs:
360 977 403 1005 es
442 963 543 1004 malt
584 963 670 1004 also
713 962 794 1004 den
833 961 1068 1004 verkl’arten
1110 960 1246 1005 Glanz
1294 961 1367 1003 der
1409 960 1632 1016 Go'tterge-

104 1032 216 1086 stult,
258 1031 330 1074 das
371 1031 510 1074 lumen
553 1032 747 1074 inventae
789 1045 1043 1088 purpureum
1085 1030 1238 1087 (Verg.
1282 1031 1391 1074 Aen.
1434 1030 1631 1082 1590)“.

105 1100 293 1145 Suetonii
326 1100 441 1153 (Oct.
481 1101 557 1153 95)
601 1116 766 1157 quoque
803 1101 938 1142 locum
971 1115 1188 1157 apponam,
1231 1100 1301 1156 qui
1340 1100 1416 1141 hoc
1444 1099 1632 1140 tradidit:

105 1171 208 1213 Post
245 1184 382 1213 necem
426 1170 622 1212 Caesaris
662 1185 827 1212 reverso
869 1170 920 1212 ab
950 1171 1185 1226 Apollonia
1223 1175 1259 1212 et
1295 1170 1556 1225 inyrediente
1590 1183 1633 1210 eo

105 1239 258 1292 urbm,
295 1244 462 1295 repente
493 1240 657 1296 liquido
700 1254 749 1281 ac
787 1254 900 1295 puro
937 1253 1092 1291 sereno,
1139 1240 1327 1280 circulus
1366 1239 1424 1280 ad
1459 1240 1635 1294 speciem

107 1310 293 1352 caelestis
335 1322 462 1350 arcus
493 1308 630 1351 orbem
650 1310 751 1351 solis
785 1308 931 1350 ambiit
954 1315 1043 1360 otc.,
1077 1308 1224 1364 quibus
1259 1307 1510 1362 respondent
1542 1307 1632 1348 Vel-

105 1378 173 1433 leii
202 1379 304 1420 haec
335 1378 391 1432 (ΙΙ
417 1378 513 1432 59):
548 1392 638 1420 cam
670 1380 855 1420 intraret
887 1377 1042 1429 urbem,
1075 1378 1188 1419 Solis
1212 1377 1323 1419 orbis
1350 1392 1478 1433 super
1508 1381 1636 1432 caput

107 1449 196 1490 eius
227 1453 428 1490 curvatus
460 1449 698 1504 aequaliter
728 1448 1017 1503 rotundaeque
1054 1449 1098 1489 in
1127 1447 1304 1489 colorem
1336 1460 1474 1499 arcas,
1509 1447 1637 1488 veluti

109 1531 310 1565 coronam
340 1519 452 1560 tanti
478 1531 575 1559 mox
599 1519 685 1559 viri
715 1519 848 1573 capiti
876 1519 1094 1572 imponens
1118 1521 1358 1572 conspectus
1385 1521 1453 1558 est.
1484 1516 1535 1560 cf.
1555 1516 1635 1558 Dio

106 1587 176 1641 45,
209 1587 250 1630 4.
312 1586 431 1628 Talia
458 1586 567 1627 fama
598 1593 639 1628 et
669 1586 814 1628 litteris
847 1585 898 1628 de
930 1587 1124 1641 Augusto
1157 1585 1437 1628 tradebantur.
1457 1584 1489 1637 ¹)

246 1655 313 1698 Ex
355 1655 413 1698 eis
456 1670 562 1712 quae
604 1655 691 1696 dixi
728 1655 825 1696 satis
866 1655 1123 1711 intellegitur
1159 1654 1400 1710 Augustum
1434 1654 1638 1710 (aliosque

107 1725 396 1783 imperatores)
438 1739 519 1767 non
569 1739 662 1766 cum
702 1723 800 1768 Sole
842 1731 1125 1781 comparatum
1168 1730 1349 1777 tantum,
1397 1724 1470 1765 sed
1514 1724 1636 1765 etiam

109 1795 262 1838 dictum
294 1809 383 1836 esse
415 1793 572 1838 Solem.

248 1863 295 1908 Si
324 1870 461 1906 autem
492 1863 553 1905 sol
585 1863 721 1905 vocari
759 1863 950 1906 adsuevit
982 1863 1212 1919 AugustuS‚
1246 1878 1319 1904 eur
1350 1851 1505 1904 astrum
1539 1877 1638 1904 eun—

109 1933 203 1976 dem
235 1933 275 1975 in
304 1933 417 1975 caelo
459 1933 618 1989 fingere
651 1949 732 1975 non
775 1933 1008 1976 debuerunt
1050 1933 1137 1975 sive
1178 1933 1344 1974 omnino
1373 1939 1520 1990 poetae
1551 1933 1638 1974 sive

109 2002 184 2046 soli
225 2002 458 2059 astrologi?
519 2001 657 2053 Quam
707 2003 749 2044 in
789 2017 878 2045 rem
924 2002 1226 2060 inquirentibus
1267 2002 1451 2059 proderit
1496 2002 1637 2044 titulus

110 2071 278 2129 quidam
321 2071 466 2127 Phylis
504 2079 710 2124 servatus,
759 2086 882 2128 quem
925 2072 1036 2129 typis
1079 2087 1321 2128 expressum
1364 2072 1549 2114 invenias
1596 2072 1638 2112 in

109 2140 323 2184 Letronnii
361 2140 513 2182 recueil
556 2140 598 2182 Π
638 2156 678 2198 p.
712 2141 795 2184 343
839 2142 908 2194 (cf.
939 2141 1116 2183 Prelleri
1144 2141 1277 2197 myth.
1309 2141 1430 2185 Rom.
1463 2141 1503 2182 ll
1537 2141 1637 2196 429)

110 2216 152 2253 et
192 2211 233 2252 in
277 2210 424 2267 Epigr.
467 2212 617 2254 Graec.
658 2210 722 2254 ed.
762 2209 815 2254 G.
857 2210 1008 2252 Kaibel
1050 2211 1190 2254 Berol.
1226 2212 1350 2264 1878,
1391 2211 1475 2254 978
1517 2218 1557 2252 et
1597 2211 1637 2251 in

110 2279 285 2323 Anthol.
333 2279 463 2323 Palat.
521 2279 636 2321 Paris
693 2280 1074 2333 (Firmin-Didot)
1127 2281 1250 2324 1890.
1309 2279 1389 2324 vol.
1445 2280 1511 2321 ΙΙΙ
1567 2297 1638 2337 ap·

109 2349 236 2407 pend.
276 2364 309 2393 c.
357 2351 402 2402 l,
443 2349 520 2393 Nr.
565 2350 663 2392 159:
738 2348 932 2406 Καίσαρι
970 2348 1286 2401 ποντομέδοντι
1325 2348 1397 2391 καὶ
1439 2348 1638 2407 (ἕπείρειιν

111 2417 333 2476 κρατέοντι
374 2416 497 2469 Ζανὶ,
538 2419 598 2472 τῷ
639 2414 686 2459 ἐκ
724 2414 868 2468 Ζανός
907 2412 1090 2476 πατρὸς,
1127 2412 1399 2476 Ἐλευθερίῳ,
1445 2417 1638 2474 δεσπότᾳ

105 2482 320 2545 Εὐρώπας
350 2501 397 2530 τε
439 2486 511 2529 καὶ
549 2480 732 2538 Ἀσίδος,
777 2481 962 2544 ἄστρῳ
1007 2480 1231 2536 ἁπάσας
1271 2484 1548 2539 Ἑλλάδος,
1590 2479 1639 2535 ὃς

111 2551 255 2613 σωτὴρ
284 2552 396 2604 Zeus
427 2550 618 2599 ἀνέτειλε
653 2554 789 2612 μέγας
817 2563 893 2601 etc.
955 2556 1038 2608 Qui
1070 2558 1211 2599 titulus
1235 2565 1372 2599 utrum
1402 2558 1454 2600 ad
1484 2573 1638 2599 annum

111 2643 149 2671 a.
182 2625 282 2670 Chr.
324 2641 365 2669 n.
409 2625 462 2668 15
501 2641 551 2667 an
597 2628 651 2668 10
692 2642 744 2668 an
788 2628 810 2668 7
851 2627 1066 2684 pertineat,
1101 2627 1165 2669 hic
1194 2628 1296 2669 nihil
1337 2629 1486 2681 refert3
1529 2636 1639 2670 certe

252 2711 276 2750 ¹)
298 2711 448 2744 Silentio
473 2712 662 2754 praeterire
685 2722 821 2754 nequeo
847 2723 925 2746 cum
951 2714 1022 2747 sole
1039 2724 1108 2747 non
1130 2714 1356 2757 imperatores
1382 2717 1519 2746 tantum
1546 2724 1639 2745 eom·

112 2768 230 2812 parari
255 2770 418 2812 potuisse,
443 2769 504 2802 sed
530 2769 574 2804 cf.
600 2780 628 2802 e.
654 2781 685 2812 g.
712 2770 797 2803 Hor.
823 2774 888 2803 sat.
914 2771 941 2803 Ι.
961 2772 992 2812 7,
1019 2773 1062 2803 23
1083 2776 1116 2804 et
1135 2771 1345 2815 Kiesslingii
1363 2771 1639 2805 adnotationem.

113 2827 235 2870 Neque
259 2827 350 2870 fugit
375 2836 429 2859 me
452 2827 628 2870 propriam
655 2827 750 2860 verbi
775 2828 861 2860 lucis
885 2828 1074 2861 lucendive
1091 2829 1161 2861 vim
1187 2829 1406 2862 obscuratam
1432 2838 1538 2870 saepe
1563 2838 1638 2861 esse

112 2884 201 2920 sicut
227 2883 351 2920 Graeci
377 2883 636 2933 λαμπρότητος,
663 2884 705 2918 cf.
730 2884 797 2920 Dio
815 2885 870 2930 53,
900 2885 942 2919 18
966 2883 1030 2932 τὴν
1054 2889 1119 2924 τοῦ
1144 2884 1337 2933 ἆξιώματος
1363 2886 1603 2935 λαμπρότητα.
