<?xml version="1.0" encoding="UTF-8"?>
<!DOCTYPE html PUBLIC "-//W3C//DTD XHTML 1.0 Transitional//EN"
    "http://www.w3.org/TR/xhtml1/DTD/xhtml1-transitional.dtd">
<html xmlns="http://www.w3.org/1999/xhtml" xml:lang="en" lang="en">
 <head>
  <title>
</title>
<meta http-equiv="Content-Type" content="text/html;charset=utf-8" />
  <meta name='ocr-system' content='tesseract 3.04.00' />
  <meta name='ocr-capabilities' content='ocr_page ocr_carea ocr_par ocr_line ocrx_word'/>
</head>
<body>
  <div class='ocr_page' id='page_1' title='image "./lucubrationesman00thomuoft_0427.png"; bbox 0 0 1910 3250; ppageno 0'>
   <div class='ocr_carea' id='block_1_1' title="bbox 757 257 1038 299">
    <p class='ocr_par' dir='ltr' id='par_1_1' title="bbox 757 257 1038 299">
     <span class='ocr_line' id='line_1_1' title="bbox 757 257 1038 299; baseline -0.004 -10"><span class='ocrx_word' id='word_1_1' title='bbox 757 257 1038 299; x_wconf 78' lang='grc'>-55-</span> 
     </span>
    </p>
   </div>
   <div class='ocr_carea' id='block_1_2' title="bbox 159 380 1641 500">
    <p class='ocr_par' dir='ltr' id='par_1_2' title="bbox 159 380 1641 500">
     <span class='ocr_line' id='line_1_2' title="bbox 159 380 1641 435; baseline -0.003 -11"><span class='ocrx_word' id='word_1_2' title='bbox 159 385 349 424; x_wconf 77' lang='lat' dir='ltr'><strong>carminis</strong></span> <span class='ocrx_word' id='word_1_3' title='bbox 375 385 655 435; x_wconf 80' lang='lat' dir='ltr'>argumentum</span> <span class='ocrx_word' id='word_1_4' title='bbox 681 382 861 422; x_wconf 81' lang='lat' dir='ltr'><strong>breviter</strong></span> <span class='ocrx_word' id='word_1_5' title='bbox 889 381 1084 433; x_wconf 85' lang='lat' dir='ltr'><strong>explicari</strong></span> <span class='ocrx_word' id='word_1_6' title='bbox 1115 384 1156 420; x_wconf 88' lang='lat' dir='ltr'><strong>et</strong></span> <span class='ocrx_word' id='word_1_7' title='bbox 1176 381 1290 431; x_wconf 87' lang='lat' dir='ltr'><strong>quasi</strong></span> <span class='ocrx_word' id='word_1_8' title='bbox 1310 381 1444 420; x_wconf 85' lang='lat' dir='ltr'><strong>thema</strong></span> <span class='ocrx_word' id='word_1_9' title='bbox 1463 380 1641 419; x_wconf 84' lang='lat' dir='ltr'><strong>auctoris</strong></span> 
     </span>
     <span class='ocr_line' id='line_1_3' title="bbox 163 450 1468 500; baseline -0.004 -7"><span class='ocrx_word' id='word_1_10' title='bbox 163 453 395 492; x_wconf 80' lang='lat' dir='ltr'><strong>adumbrari</strong></span> <span class='ocrx_word' id='word_1_11' title='bbox 423 451 580 490; x_wconf 89' lang='lat' dir='ltr'><strong>invenit</strong></span> <span class='ocrx_word' id='word_1_12' title='bbox 607 451 670 490; x_wconf 88' lang='lat' dir='ltr'><strong>his</strong></span> <span class='ocrx_word' id='word_1_13' title='bbox 699 451 884 490; x_wconf 86' lang='lat' dir='ltr'><strong>versibus</strong></span> <span class='ocrx_word' id='word_1_14' title='bbox 912 450 966 500; x_wconf 88' lang='lat' dir='ltr'><strong>V,</strong></span> <span class='ocrx_word' id='word_1_15' title='bbox 996 451 1218 491; x_wconf 80' lang='lat'>197-205:</span> <span class='ocrx_word' id='word_1_16' title='bbox 1463 450 1468 455; x_wconf 87' lang='grc'><strong>”</strong></span> 
     </span>
    </p>
   </div>
   <div class='ocr_carea' id='block_1_3' title="bbox 386 520 1397 912">
    <p class='ocr_par' dir='ltr' id='par_1_3' title="bbox 387 520 1236 623">
     <span class='ocr_line' id='line_1_4' title="bbox 390 520 1201 566; baseline -0.001 -10"><span class='ocrx_word' id='word_1_17' title='bbox 390 521 468 565; x_wconf 92' lang='lat' dir='ltr'><strong>„At</strong></span> <span class='ocrx_word' id='word_1_18' title='bbox 491 521 662 566; x_wconf 83' lang='lat' dir='ltr'><strong>Procyon</strong></span> <span class='ocrx_word' id='word_1_19' title='bbox 687 520 808 555; x_wconf 87' lang='lat' dir='ltr'><strong>oriens</strong></span> <span class='ocrx_word' id='word_1_20' title='bbox 834 548 843 556; x_wconf 88' lang='lat'>.</span> <span class='ocrx_word' id='word_1_21' title='bbox 868 547 877 556; x_wconf 90' lang='lat'><em>.</em></span> <span class='ocrx_word' id='word_1_22' title='bbox 902 547 911 556; x_wconf 87' lang='lat'>.</span> <span class='ocrx_word' id='word_1_23' title='bbox 938 530 1041 555; x_wconf 83' lang='lat' dir='ltr'><strong>arma</strong></span> <span class='ocrx_word' id='word_1_24' title='bbox 1067 520 1201 555; x_wconf 84' lang='lat' dir='ltr'><strong>creatis</strong></span> 
     </span>
     <span class='ocr_line' id='line_1_5' title="bbox 387 577 1236 623; baseline 0 -11"><span class='ocrx_word' id='word_1_25' title='bbox 387 578 563 613; x_wconf 85' lang='lat' dir='ltr'><strong>Venandi</strong></span> <span class='ocrx_word' id='word_1_26' title='bbox 587 577 731 612; x_wconf 79' lang='lat' dir='ltr'><strong>tribuit:</strong></span> <span class='ocrx_word' id='word_1_27' title='bbox 760 577 903 613; x_wconf 85' lang='lat' dir='ltr'><strong>catulos</strong></span> <span class='ocrx_word' id='word_1_28' title='bbox 928 577 1063 612; x_wconf 86' lang='lat' dir='ltr'><strong>nutrire</strong></span> <span class='ocrx_word' id='word_1_29' title='bbox 1089 578 1236 623; x_wconf 83' lang='lat' dir='ltr'><strong>sagacis</strong></span> 
     </span>
    </p>

    <p class='ocr_par' dir='ltr' id='par_1_4' title="bbox 386 635 1397 796">
     <span class='ocr_line' id='line_1_6' title="bbox 386 635 1397 681; baseline -0.002 -9"><span class='ocrx_word' id='word_1_30' title='bbox 386 637 437 672; x_wconf 85' lang='lat' dir='ltr'><strong>Et</strong></span> <span class='ocrx_word' id='word_1_31' title='bbox 461 645 575 680; x_wconf 88' lang='lat' dir='ltr'><strong>genus</strong></span> <span class='ocrx_word' id='word_1_32' title='bbox 602 646 624 669; x_wconf 91' lang='lat' dir='ltr'><strong>a</strong></span> <span class='ocrx_word' id='word_1_33' title='bbox 649 635 811 680; x_wconf 81' lang='lat' dir='ltr'><strong>proavis,</strong></span> <span class='ocrx_word' id='word_1_34' title='bbox 835 646 956 671; x_wconf 81' lang='lat' dir='ltr'><strong>mores</strong></span> <span class='ocrx_word' id='word_1_35' title='bbox 980 646 1174 670; x_wconf 86' lang='lat' dir='ltr'><strong>numerare</strong></span> <span class='ocrx_word' id='word_1_36' title='bbox 1199 646 1266 681; x_wconf 90' lang='lat' dir='ltr'><strong>per</strong></span> <span class='ocrx_word' id='word_1_37' title='bbox 1289 636 1397 671; x_wconf 87' lang='lat' dir='ltr'><strong>urbes</strong></span> 
     </span>
     <span class='ocr_line' id='line_1_7' title="bbox 387 691 1269 739; baseline -0.003 -10"><span class='ocrx_word' id='word_1_38' title='bbox 387 694 571 739; x_wconf 87' lang='lat' dir='ltr'><strong>Retiaque</strong></span> <span class='ocrx_word' id='word_1_39' title='bbox 596 696 635 728; x_wconf 90' lang='lat' dir='ltr'><strong>et</strong></span> <span class='ocrx_word' id='word_1_40' title='bbox 658 691 783 727; x_wconf 85' lang='lat' dir='ltr'><strong>valida</strong></span> <span class='ocrx_word' id='word_1_41' title='bbox 811 692 993 727; x_wconf 79' lang='lat' dir='ltr'><strong>venabula</strong></span> <span class='ocrx_word' id='word_1_42' title='bbox 1017 691 1168 737; x_wconf 80' lang='lat' dir='ltr'>cuspide</span> <span class='ocrx_word' id='word_1_43' title='bbox 1193 691 1269 727; x_wconf 83' lang='lat' dir='ltr'><strong>fixa</strong></span> 
     </span>
     <span class='ocr_line' id='line_1_8' title="bbox 387 748 1290 796; baseline -0.003 -9"><span class='ocrx_word' id='word_1_44' title='bbox 387 751 584 796; x_wconf 82' lang='lat' dir='ltr'><strong>Lentaque</strong></span> <span class='ocrx_word' id='word_1_45' title='bbox 610 750 793 786; x_wconf 78' lang='lat' dir='ltr'>contextis</span> <span class='ocrx_word' id='word_1_46' title='bbox 820 749 976 785; x_wconf 84' lang='lat' dir='ltr'><strong>formare</strong></span> <span class='ocrx_word' id='word_1_47' title='bbox 1000 748 1148 784; x_wconf 84' lang='lat' dir='ltr'><strong>hastilia</strong></span> <span class='ocrx_word' id='word_1_48' title='bbox 1172 749 1290 793; x_wconf 90' lang='lat' dir='ltr'><strong>nodis,</strong></span> 
     </span>
    </p>

    <p class='ocr_par' dir='ltr' id='par_1_5' title="bbox 388 806 1309 855">
     <span class='ocr_line' id='line_1_9' title="bbox 388 806 1309 855; baseline -0.004 -10"><span class='ocrx_word' id='word_1_49' title='bbox 388 810 438 845; x_wconf 76' lang='lat' dir='ltr'><strong>Et</strong></span> <span class='ocrx_word' id='word_1_50' title='bbox 463 809 706 855; x_wconf 83' lang='lat' dir='ltr'><strong>quodcunque</strong></span> <span class='ocrx_word' id='word_1_51' title='bbox 732 807 827 843; x_wconf 86' lang='lat' dir='ltr'><strong>solet</strong></span> <span class='ocrx_word' id='word_1_52' title='bbox 851 806 1008 842; x_wconf 85' lang='lat' dir='ltr'><strong>venandi</strong></span> <span class='ocrx_word' id='word_1_53' title='bbox 1033 816 1186 852; x_wconf 86' lang='lat' dir='ltr'><strong>poscere</strong></span> <span class='ocrx_word' id='word_1_54' title='bbox 1211 817 1309 850; x_wconf 88' lang='lat' dir='ltr'><strong>cura,</strong></span> 
     </span>
    </p>

    <p class='ocr_par' dir='ltr' id='par_1_6' title="bbox 388 865 1372 912">
     <span class='ocr_line' id='line_1_10' title="bbox 388 865 1372 912; baseline -0.001 -10"><span class='ocrx_word' id='word_1_55' title='bbox 388 866 431 902; x_wconf 93' lang='lat' dir='ltr'><strong>In</strong></span> <span class='ocrx_word' id='word_1_56' title='bbox 457 866 624 912; x_wconf 86' lang='lat' dir='ltr'><strong>proprios</strong></span> <span class='ocrx_word' id='word_1_57' title='bbox 650 865 830 900; x_wconf 84' lang='lat' dir='ltr'><strong>fabricare</strong></span> <span class='ocrx_word' id='word_1_58' title='bbox 857 865 964 900; x_wconf 88' lang='lat' dir='ltr'><strong>dabit</strong></span> <span class='ocrx_word' id='word_1_59' title='bbox 987 865 1137 899; x_wconf 83' lang='lat' dir='ltr'><strong>venalia</strong></span> <span class='ocrx_word' id='word_1_60' title='bbox 1161 866 1372 910; x_wconf 83' lang='lat' dir='ltr'><strong>quaestus.“</strong></span> 
     </span>
    </p>
   </div>
   <div class='ocr_carea' id='block_1_4' title="bbox 158 930 1641 1407">
    <p class='ocr_par' dir='ltr' id='par_1_7' title="bbox 158 930 1641 986">
     <span class='ocr_line' id='line_1_11' title="bbox 158 930 1641 986; baseline -0.002 -12"><span class='ocrx_word' id='word_1_61' title='bbox 158 930 378 975; x_wconf 71' lang='lat' dir='ltr'><strong>Praeterea</strong></span> <span class='ocrx_word' id='word_1_62' title='bbox 406 936 599 986; x_wconf 78' lang='lat' dir='ltr'><strong>quasdam</strong></span> <span class='ocrx_word' id='word_1_63' title='bbox 629 935 920 974; x_wconf 83' lang='lat' dir='ltr'><strong>sententiarum</strong></span> <span class='ocrx_word' id='word_1_64' title='bbox 948 934 1243 983; x_wconf 88' lang='lat' dir='ltr'><strong>verborumque</strong></span> <span class='ocrx_word' id='word_1_65' title='bbox 1273 934 1558 974; x_wconf 78' lang='lat' dir='ltr'><strong>similitudines</strong></span> <span class='ocrx_word' id='word_1_66' title='bbox 1582 934 1641 972; x_wconf 92' lang='lat' dir='ltr'><strong>in-</strong></span> 
     </span>
    </p>

    <p class='ocr_par' dir='ltr' id='par_1_8' title="bbox 162 1002 1640 1055">
     <span class='ocr_line' id='line_1_12' title="bbox 162 1002 1640 1055; baseline -0.002 -11"><span class='ocrx_word' id='word_1_67' title='bbox 162 1008 225 1045; x_wconf 87' lang='lat' dir='ltr'><strong>ter</strong></span> <span class='ocrx_word' id='word_1_68' title='bbox 262 1005 437 1044; x_wconf 86' lang='lat' dir='ltr'><strong>venandi</strong></span> <span class='ocrx_word' id='word_1_69' title='bbox 479 1005 715 1055; x_wconf 82' lang='lat' dir='ltr'><strong>magistrum</strong></span> <span class='ocrx_word' id='word_1_70' title='bbox 750 1007 790 1042; x_wconf 88' lang='lat' dir='ltr'><strong>ct</strong></span> <span class='ocrx_word' id='word_1_71' title='bbox 825 1003 1078 1054; x_wconf 79' lang='lat' dir='ltr'><strong>astrologum</strong></span> <span class='ocrx_word' id='word_1_72' title='bbox 1112 1003 1360 1042; x_wconf 82' lang='lat' dir='ltr'><strong>intercedere</strong></span> <span class='ocrx_word' id='word_1_73' title='bbox 1394 1003 1503 1042; x_wconf 80' lang='lat' dir='ltr'><strong>haud</strong></span> <span class='ocrx_word' id='word_1_74' title='bbox 1537 1002 1640 1041; x_wconf 88' lang='lat' dir='ltr'><strong>diffi-</strong></span> 
     </span>
    </p>

    <p class='ocr_par' dir='ltr' id='par_1_9' title="bbox 158 1072 1641 1124">
     <span class='ocr_line' id='line_1_13' title="bbox 158 1072 1641 1124; baseline -0.003 -10"><span class='ocrx_word' id='word_1_75' title='bbox 158 1074 236 1114; x_wconf 80' lang='lat' dir='ltr'><strong>cile</strong></span> <span class='ocrx_word' id='word_1_76' title='bbox 269 1076 334 1114; x_wconf 80' lang='lat' dir='ltr'><strong>est</strong></span> <span class='ocrx_word' id='word_1_77' title='bbox 366 1073 561 1124; x_wconf 85' lang='lat' dir='ltr'><strong>exemplis</strong></span> <span class='ocrx_word' id='word_1_78' title='bbox 597 1073 874 1112; x_wconf 84' lang='lat' dir='ltr'><strong>demonstrare</strong></span> <span class='ocrx_word' id='word_1_79' title='bbox 911 1073 982 1123; x_wconf 87' lang='lat' dir='ltr'><strong>ita,</strong></span> <span class='ocrx_word' id='word_1_80' title='bbox 1016 1075 1063 1112; x_wconf 86' lang='lat' dir='ltr'><strong>ut</strong></span> <span class='ocrx_word' id='word_1_81' title='bbox 1089 1073 1260 1111; x_wconf 85' lang='lat' dir='ltr'><strong>alterum</strong></span> <span class='ocrx_word' id='word_1_82' title='bbox 1287 1072 1408 1111; x_wconf 83' lang='lat' dir='ltr'><strong>alteri</strong></span> <span class='ocrx_word' id='word_1_83' title='bbox 1435 1072 1641 1123; x_wconf 86' lang='lat' dir='ltr'><strong>cognitum</strong></span> 
     </span>
    </p>

    <p class='ocr_par' dir='ltr' id='par_1_10' title="bbox 158 1141 1641 1195">
     <span class='ocr_line' id='line_1_14' title="bbox 158 1141 1641 1195; baseline -0.001 -14"><span class='ocrx_word' id='word_1_84' title='bbox 158 1143 282 1182; x_wconf 87' lang='lat' dir='ltr'><strong>fuisse</strong></span> <span class='ocrx_word' id='word_1_85' title='bbox 310 1146 518 1195; x_wconf 80' lang='lat' dir='ltr'><strong>appareat.</strong></span> <span class='ocrx_word' id='word_1_86' title='bbox 561 1143 647 1181; x_wconf 84' lang='lat' dir='ltr'><strong>Iam</strong></span> <span class='ocrx_word' id='word_1_87' title='bbox 675 1142 846 1190; x_wconf 82' lang='lat' dir='ltr'><strong>accedit,</strong></span> <span class='ocrx_word' id='word_1_88' title='bbox 875 1142 984 1192; x_wconf 89' lang='lat' dir='ltr'><strong>quod</strong></span> <span class='ocrx_word' id='word_1_89' title='bbox 1012 1154 1093 1180; x_wconf 92' lang='lat' dir='ltr'><strong>non</strong></span> <span class='ocrx_word' id='word_1_90' title='bbox 1120 1142 1345 1191; x_wconf 84' lang='lat' dir='ltr'><strong>dubitatur,</strong></span> <span class='ocrx_word' id='word_1_91' title='bbox 1376 1141 1474 1191; x_wconf 89' lang='lat' dir='ltr'><strong>quin</strong></span> <span class='ocrx_word' id='word_1_92' title='bbox 1494 1143 1535 1180; x_wconf 89' lang='lat' dir='ltr'><strong>et</strong></span> <span class='ocrx_word' id='word_1_93' title='bbox 1553 1141 1641 1192; x_wconf 89' lang='lat' dir='ltr'><strong>ipse</strong></span> 
     </span>
    </p>

    <p class='ocr_par' dir='ltr' id='par_1_11' title="bbox 160 1209 1470 1334">
     <span class='ocr_line' id='line_1_15' title="bbox 160 1209 1428 1262; baseline -0.001 -11"><span class='ocrx_word' id='word_1_94' title='bbox 160 1211 334 1252; x_wconf 86' lang='lat' dir='ltr'><strong>Ovidius</strong></span> <span class='ocrx_word' id='word_1_95' title='bbox 363 1224 451 1251; x_wconf 88' lang='lat' dir='ltr'><strong>cum</strong></span> <span class='ocrx_word' id='word_1_96' title='bbox 479 1211 618 1251; x_wconf 86' lang='lat' dir='ltr'><strong>Tomis</strong></span> <span class='ocrx_word' id='word_1_97' title='bbox 649 1212 853 1251; x_wconf 80' lang='lat' dir='ltr'><strong>scribebat</strong></span> <span class='ocrx_word' id='word_1_98' title='bbox 883 1213 950 1262; x_wconf 85' lang='lat' dir='ltr'><strong>(ex</strong></span> <span class='ocrx_word' id='word_1_99' title='bbox 978 1211 1115 1250; x_wconf 91' lang='lat' dir='ltr'><strong>Ponto</strong></span> <span class='ocrx_word' id='word_1_100' title='bbox 1143 1210 1221 1261; x_wconf 90' lang='lat' dir='ltr'><strong>IV,</strong></span> <span class='ocrx_word' id='word_1_101' title='bbox 1251 1213 1311 1261; x_wconf 83' lang='lat'><strong>16,</strong></span> <span class='ocrx_word' id='word_1_102' title='bbox 1340 1209 1428 1261; x_wconf 84' lang='lat'>34):</span> 
     </span>
     <span class='ocr_line' id='line_1_16' title="bbox 485 1281 1470 1334; baseline -0.002 -12"><span class='ocrx_word' id='word_1_103' title='bbox 485 1287 685 1334; x_wconf 80' lang='lat' dir='ltr'><strong>„Aptaque</strong></span> <span class='ocrx_word' id='word_1_104' title='bbox 708 1286 858 1322; x_wconf 80' lang='lat' dir='ltr'><strong>venanti</strong></span> <span class='ocrx_word' id='word_1_105' title='bbox 884 1285 1033 1322; x_wconf 84' lang='lat' dir='ltr'><strong>Gratius</strong></span> <span class='ocrx_word' id='word_1_106' title='bbox 1058 1297 1162 1321; x_wconf 84' lang='lat' dir='ltr'><strong>arma</strong></span> <span class='ocrx_word' id='word_1_107' title='bbox 1187 1286 1313 1321; x_wconf 87' lang='lat' dir='ltr'><strong>daret“</strong></span> <span class='ocrx_word' id='word_1_108' title='bbox 1468 1281 1470 1283; x_wconf 73' lang='grc'><strong>’</strong></span> 
     </span>
    </p>

    <p class='ocr_par' dir='ltr' id='par_1_12' title="bbox 159 1355 1399 1407">
     <span class='ocr_line' id='line_1_17' title="bbox 159 1355 1399 1407; baseline -0.002 -10"><span class='ocrx_word' id='word_1_109' title='bbox 159 1357 240 1397; x_wconf 84' lang='lat' dir='ltr'><strong>iam</strong></span> <span class='ocrx_word' id='word_1_110' title='bbox 266 1361 360 1396; x_wconf 81' lang='lat' dir='ltr'><strong>ante</strong></span> <span class='ocrx_word' id='word_1_111' title='bbox 389 1357 530 1396; x_wconf 89' lang='lat' dir='ltr'><strong>oculos</strong></span> <span class='ocrx_word' id='word_1_112' title='bbox 558 1356 750 1395; x_wconf 87' lang='lat' dir='ltr'><strong>habuerit</strong></span> <span class='ocrx_word' id='word_1_113' title='bbox 779 1355 1117 1407; x_wconf 82' lang='lat' dir='ltr'><strong>Cynegeticorum</strong></span> <span class='ocrx_word' id='word_1_114' title='bbox 1146 1367 1304 1394; x_wconf 88' lang='lat' dir='ltr'><strong>versum</strong></span> <span class='ocrx_word' id='word_1_115' title='bbox 1331 1357 1399 1395; x_wconf 80' lang='lat'><strong>23:</strong></span> 
     </span>
    </p>
   </div>
   <div class='ocr_carea' id='block_1_5' title="bbox 345 1429 1446 1526">
    <p class='ocr_par' dir='ltr' id='par_1_13' title="bbox 345 1429 1446 1526">
     <span class='ocr_line' id='line_1_18' title="bbox 348 1429 1446 1478; baseline -0.001 -11"><span class='ocrx_word' id='word_1_116' title='bbox 348 1429 545 1477; x_wconf 79' lang='lat' dir='ltr'><strong>„Carmina</strong></span> <span class='ocrx_word' id='word_1_117' title='bbox 571 1434 608 1467; x_wconf 86' lang='lat' dir='ltr'><strong>et</strong></span> <span class='ocrx_word' id='word_1_118' title='bbox 634 1441 737 1467; x_wconf 84' lang='lat' dir='ltr'><strong>arma</strong></span> <span class='ocrx_word' id='word_1_119' title='bbox 762 1431 860 1466; x_wconf 78' lang='lat' dir='ltr'><strong>dabo</strong></span> <span class='ocrx_word' id='word_1_120' title='bbox 888 1431 1038 1467; x_wconf 86' lang='lat' dir='ltr'><strong>venanti</strong></span> <span class='ocrx_word' id='word_1_121' title='bbox 1062 1434 1100 1467; x_wconf 88' lang='lat' dir='ltr'><strong>et</strong></span> <span class='ocrx_word' id='word_1_122' title='bbox 1124 1442 1324 1478; x_wconf 85' lang='lat' dir='ltr'><strong>persequar</strong></span> <span class='ocrx_word' id='word_1_123' title='bbox 1347 1433 1446 1467; x_wconf 81' lang='lat' dir='ltr'><strong>artes</strong></span> 
     </span>
     <span class='ocr_line' id='line_1_19' title="bbox 345 1489 645 1526; baseline 0.003 -2"><span class='ocrx_word' id='word_1_124' title='bbox 345 1489 577 1526; x_wconf 88' lang='lat' dir='ltr'><strong>Armorum.“</strong></span> <span class='ocrx_word' id='word_1_125' title='bbox 604 1517 612 1525; x_wconf 90' lang='lat'><strong>.</strong></span> <span class='ocrx_word' id='word_1_126' title='bbox 638 1517 645 1525; x_wconf 91' lang='lat'><strong>.</strong></span> 
     </span>
    </p>
   </div>
   <div class='ocr_carea' id='block_1_6' title="bbox 157 1557 1644 2084">
    <p class='ocr_par' dir='ltr' id='par_1_14' title="bbox 157 1557 1644 2084">
     <span class='ocr_line' id='line_1_20' title="bbox 164 1557 1642 1610; baseline 0.001 -13"><span class='ocrx_word' id='word_1_127' title='bbox 164 1558 320 1608; x_wconf 83' lang='lat' dir='ltr'><strong>Quodsi</strong></span> <span class='ocrx_word' id='word_1_128' title='bbox 343 1571 429 1598; x_wconf 83' lang='lat' dir='ltr'><strong>eam</strong></span> <span class='ocrx_word' id='word_1_129' title='bbox 446 1559 675 1610; x_wconf 80' lang='lat' dir='ltr'><strong>epistolam,</strong></span> <span class='ocrx_word' id='word_1_130' title='bbox 705 1571 784 1609; x_wconf 85' lang='lat' dir='ltr'><strong>qua</strong></span> <span class='ocrx_word' id='word_1_131' title='bbox 801 1559 900 1598; x_wconf 90' lang='lat' dir='ltr'><strong>haec</strong></span> <span class='ocrx_word' id='word_1_132' title='bbox 921 1557 1055 1597; x_wconf 81' lang='lat' dir='ltr'><strong>Gratii</strong></span> <span class='ocrx_word' id='word_1_133' title='bbox 1075 1559 1199 1598; x_wconf 82' lang='lat' dir='ltr'><strong>verba</strong></span> <span class='ocrx_word' id='word_1_134' title='bbox 1218 1561 1454 1609; x_wconf 83' lang='lat' dir='ltr'><strong>tanguntur,</strong></span> <span class='ocrx_word' id='word_1_135' title='bbox 1480 1558 1642 1598; x_wconf 87' lang='lat' dir='ltr'><strong>missam</strong></span> 
     </span>
     <span class='ocr_line' id='line_1_21' title="bbox 158 1627 1642 1679; baseline 0 -13"><span class='ocrx_word' id='word_1_136' title='bbox 158 1639 246 1667; x_wconf 88' lang='lat' dir='ltr'><strong>esse</strong></span> <span class='ocrx_word' id='word_1_137' title='bbox 266 1627 438 1667; x_wconf 85' lang='lat' dir='ltr'><strong>Romam</strong></span> <span class='ocrx_word' id='word_1_138' title='bbox 465 1629 534 1667; x_wconf 79' lang='lat' dir='ltr'><strong>vix</strong></span> <span class='ocrx_word' id='word_1_139' title='bbox 561 1633 655 1668; x_wconf 89' lang='lat' dir='ltr'><strong>ante</strong></span> <span class='ocrx_word' id='word_1_140' title='bbox 684 1641 718 1667; x_wconf 80' lang='lat' dir='ltr'><strong>a.</strong></span> <span class='ocrx_word' id='word_1_141' title='bbox 742 1628 794 1668; x_wconf 88' lang='lat' dir='ltr'><strong>U.</strong></span> <span class='ocrx_word' id='word_1_142' title='bbox 825 1629 898 1668; x_wconf 82' lang='lat'><strong>769</strong></span> <span class='ocrx_word' id='word_1_143' title='bbox 926 1628 1099 1679; x_wconf 90' lang='lat' dir='ltr'><strong>primum</strong></span> <span class='ocrx_word' id='word_1_144' title='bbox 1128 1627 1227 1666; x_wconf 88' lang='lat' dir='ltr'><strong>satis</strong></span> <span class='ocrx_word' id='word_1_145' title='bbox 1258 1627 1364 1667; x_wconf 87' lang='lat' dir='ltr'><strong>inter</strong></span> <span class='ocrx_word' id='word_1_146' title='bbox 1391 1639 1528 1667; x_wconf 87' lang='lat' dir='ltr'><strong>omnes</strong></span> <span class='ocrx_word' id='word_1_147' title='bbox 1548 1640 1642 1667; x_wconf 90' lang='lat' dir='ltr'><strong>con·</strong></span> 
     </span>
     <span class='ocr_line' id='line_1_22' title="bbox 159 1697 1641 1748; baseline 0 -12"><span class='ocrx_word' id='word_1_148' title='bbox 159 1701 255 1748; x_wconf 81' lang='lat' dir='ltr'><strong>stat,</strong></span> <span class='ocrx_word' id='word_1_149' title='bbox 289 1697 435 1736; x_wconf 88' lang='lat' dir='ltr'><strong>deinde</strong></span> <span class='ocrx_word' id='word_1_150' title='bbox 466 1710 548 1736; x_wconf 87' lang='lat' dir='ltr'><strong>non</strong></span> <span class='ocrx_word' id='word_1_151' title='bbox 576 1697 848 1748; x_wconf 88' lang='lat' dir='ltr'><strong>improbabile</strong></span> <span class='ocrx_word' id='word_1_152' title='bbox 876 1701 949 1747; x_wconf 88' lang='lat' dir='ltr'><strong>est,</strong></span> <span class='ocrx_word' id='word_1_153' title='bbox 986 1719 1036 1725; x_wconf 86' lang='grc'>-</span> <span class='ocrx_word' id='word_1_154' title='bbox 1073 1709 1202 1746; x_wconf 88' lang='lat' dir='ltr'><strong>neque</strong></span> <span class='ocrx_word' id='word_1_155' title='bbox 1232 1697 1337 1736; x_wconf 90' lang='lat' dir='ltr'><strong>enim</strong></span> <span class='ocrx_word' id='word_1_156' title='bbox 1364 1697 1497 1747; x_wconf 88' lang='lat' dir='ltr'><strong>video,</strong></span> <span class='ocrx_word' id='word_1_157' title='bbox 1535 1697 1641 1747; x_wconf 89' lang='lat' dir='ltr'><strong>quod</strong></span> 
     </span>
     <span class='ocr_line' id='line_1_23' title="bbox 159 1766 1642 1816; baseline 0 -10"><span class='ocrx_word' id='word_1_158' title='bbox 159 1769 303 1806; x_wconf 85' lang='lat' dir='ltr'><strong>contra</strong></span> <span class='ocrx_word' id='word_1_159' title='bbox 335 1766 498 1806; x_wconf 83' lang='lat' dir='ltr'><strong>afferam</strong></span> <span class='ocrx_word' id='word_1_160' title='bbox 531 1789 581 1796; x_wconf 89' lang='lat'><strong>--</strong></span> <span class='ocrx_word' id='word_1_161' title='bbox 615 1767 659 1804; x_wconf 90' lang='lat' dir='ltr'><strong>in</strong></span> <span class='ocrx_word' id='word_1_162' title='bbox 686 1766 990 1806; x_wconf 88' lang='lat' dir='ltr'><strong>Astronomicis</strong></span> <span class='ocrx_word' id='word_1_163' title='bbox 1025 1767 1082 1815; x_wconf 84' lang='lat' dir='ltr'><strong>II,</strong></span> <span class='ocrx_word' id='word_1_164' title='bbox 1117 1768 1165 1806; x_wconf 88' lang='lat'><strong>43</strong></span> <span class='ocrx_word' id='word_1_165' title='bbox 1201 1767 1336 1816; x_wconf 80' lang='lat' dir='ltr'><strong>„bella</strong></span> <span class='ocrx_word' id='word_1_166' title='bbox 1363 1766 1563 1806; x_wconf 87' lang='lat' dir='ltr'><strong>ferarum“</strong></span> <span class='ocrx_word' id='word_1_167' title='bbox 1590 1767 1642 1806; x_wconf 85' lang='lat' dir='ltr'><strong>ad</strong></span> 
     </span>
     <span class='ocr_line' id='line_1_24' title="bbox 157 1835 1644 1886; baseline 0.001 -12"><span class='ocrx_word' id='word_1_168' title='bbox 157 1835 312 1875; x_wconf 81' lang='lat' dir='ltr'><strong>Falisci</strong></span> <span class='ocrx_word' id='word_1_169' title='bbox 348 1848 506 1875; x_wconf 87' lang='lat' dir='ltr'><strong>carmen</strong></span> <span class='ocrx_word' id='word_1_170' title='bbox 542 1836 769 1875; x_wconf 80' lang='lat' dir='ltr'><strong>venaticum</strong></span> <span class='ocrx_word' id='word_1_171' title='bbox 798 1848 883 1875; x_wconf 89' lang='lat' dir='ltr'><strong>esse</strong></span> <span class='ocrx_word' id='word_1_172' title='bbox 912 1836 1136 1885; x_wconf 83' lang='lat' dir='ltr'><strong>referenda,</strong></span> <span class='ocrx_word' id='word_1_173' title='bbox 1169 1836 1266 1875; x_wconf 89' lang='lat' dir='ltr'><strong>haec</strong></span> <span class='ocrx_word' id='word_1_174' title='bbox 1295 1835 1376 1875; x_wconf 87' lang='lat' dir='ltr'><strong>duo</strong></span> <span class='ocrx_word' id='word_1_175' title='bbox 1404 1840 1644 1886; x_wconf 77' lang='lat' dir='ltr'><strong>argumenta</strong></span> 
     </span>
     <span class='ocr_line' id='line_1_25' title="bbox 158 1905 1642 1956; baseline -0.001 -12"><span class='ocrx_word' id='word_1_176' title='bbox 158 1906 387 1945; x_wconf 85' lang='lat' dir='ltr'><strong>necessario</strong></span> <span class='ocrx_word' id='word_1_177' title='bbox 416 1905 474 1944; x_wconf 90' lang='lat' dir='ltr'><strong>sic</strong></span> <span class='ocrx_word' id='word_1_178' title='bbox 501 1906 818 1946; x_wconf 89' lang='lat' dir='ltr'><strong>concluduntur:</strong></span> <span class='ocrx_word' id='word_1_179' title='bbox 854 1906 994 1945; x_wconf 89' lang='lat' dir='ltr'><strong>eodem</strong></span> <span class='ocrx_word' id='word_1_180' title='bbox 1022 1905 1105 1944; x_wconf 83' lang='lat' dir='ltr'><strong>fere</strong></span> <span class='ocrx_word' id='word_1_181' title='bbox 1133 1907 1329 1956; x_wconf 82' lang='lat' dir='ltr'><strong>tempore,</strong></span> <span class='ocrx_word' id='word_1_182' title='bbox 1358 1917 1436 1954; x_wconf 86' lang='lat' dir='ltr'><strong>quo</strong></span> <span class='ocrx_word' id='word_1_183' title='bbox 1469 1905 1642 1944; x_wconf 84' lang='lat' dir='ltr'><strong>Ovidius</strong></span> 
     </span>
     <span class='ocr_line' id='line_1_26' title="bbox 160 1974 1642 2025; baseline 0.001 -13"><span class='ocrx_word' id='word_1_184' title='bbox 160 1974 307 2013; x_wconf 88' lang='lat' dir='ltr'><strong>incidit</strong></span> <span class='ocrx_word' id='word_1_185' title='bbox 333 1974 376 2012; x_wconf 91' lang='lat' dir='ltr'><strong>in</strong></span> <span class='ocrx_word' id='word_1_186' title='bbox 404 1976 635 2014; x_wconf 83' lang='lat' dir='ltr'><strong>memoriam</strong></span> <span class='ocrx_word' id='word_1_187' title='bbox 663 1976 853 2015; x_wconf 85' lang='lat' dir='ltr'><strong>carminis</strong></span> <span class='ocrx_word' id='word_1_188' title='bbox 884 1974 1032 2023; x_wconf 82' lang='lat' dir='ltr'><strong>Gratii‚</strong></span> <span class='ocrx_word' id='word_1_189' title='bbox 1060 1974 1258 2013; x_wconf 86' lang='lat' dir='ltr'><strong>Manilius</strong></span> <span class='ocrx_word' id='word_1_190' title='bbox 1285 1974 1424 2025; x_wconf 81' lang='lat' dir='ltr'><strong>potuit</strong></span> <span class='ocrx_word' id='word_1_191' title='bbox 1451 1975 1642 2014; x_wconf 85' lang='lat' dir='ltr'><strong>incohare</strong></span> 
     </span>
     <span class='ocr_line' id='line_1_27' title="bbox 160 2029 1644 2084; baseline -0.001 -2"><span class='ocrx_word' id='word_1_192' title='bbox 160 2042 481 2083; x_wconf 86' lang='lat' dir='ltr'><strong>Astronomicon</strong></span> <span class='ocrx_word' id='word_1_193' title='bbox 518 2045 665 2084; x_wconf 89' lang='lat' dir='ltr'><strong>librum</strong></span> <span class='ocrx_word' id='word_1_194' title='bbox 693 2045 748 2083; x_wconf 92' lang='lat' dir='ltr'><strong>II.</strong></span> <span class='ocrx_word' id='word_1_195' title='bbox 804 2045 886 2083; x_wconf 90' lang='lat' dir='ltr'><strong>Hic</strong></span> <span class='ocrx_word' id='word_1_196' title='bbox 916 2049 1049 2083; x_wconf 88' lang='lat' dir='ltr'><strong>autem</strong></span> <span class='ocrx_word' id='word_1_197' title='bbox 1076 2055 1206 2082; x_wconf 86' lang='lat' dir='ltr'><strong>annus</strong></span> <span class='ocrx_word' id='word_1_198' title='bbox 1235 2043 1314 2081; x_wconf 87' lang='lat' dir='ltr'><strong>fuit</strong></span> <span class='ocrx_word' id='word_1_199' title='bbox 1341 2029 1419 2082; x_wconf 84' lang='lat' dir='ltr'><strong>iam</strong></span> <span class='ocrx_word' id='word_1_200' title='bbox 1448 2044 1592 2083; x_wconf 89' lang='lat' dir='ltr'><strong>tertius</strong></span> <span class='ocrx_word' id='word_1_201' title='bbox 1620 2057 1644 2082; x_wconf 83' lang='lat' dir='ltr'><strong>a.</strong></span> 
     </span>
    </p>
   </div>
   <div class='ocr_carea' id='block_1_7' title="bbox 96 2112 1643 2164">
    <p class='ocr_par' dir='ltr' id='par_1_15' title="bbox 96 2112 1643 2164">
     <span class='ocr_line' id='line_1_28' title="bbox 96 2112 1643 2164; baseline -0.001 -12"><span class='ocrx_word' id='word_1_202' title='bbox 96 2131 103 2138; x_wconf 93' lang='lat'>·</span> <span class='ocrx_word' id='word_1_203' title='bbox 161 2113 328 2152; x_wconf 85' lang='lat' dir='ltr'><strong>decessu</strong></span> <span class='ocrx_word' id='word_1_204' title='bbox 359 2112 586 2152; x_wconf 83' lang='lat' dir='ltr'><strong>Octaviani.</strong></span> <span class='ocrx_word' id='word_1_205' title='bbox 629 2114 884 2154; x_wconf 84' lang='lat' dir='ltr'><strong>Revocamur</strong></span> <span class='ocrx_word' id='word_1_206' title='bbox 913 2114 1040 2164; x_wconf 88' lang='lat' dir='ltr'><strong>igitur</strong></span> <span class='ocrx_word' id='word_1_207' title='bbox 1066 2113 1118 2152; x_wconf 87' lang='lat' dir='ltr'><strong>ad</strong></span> <span class='ocrx_word' id='word_1_208' title='bbox 1145 2125 1231 2152; x_wconf 85' lang='lat' dir='ltr'><strong>eam</strong></span> <span class='ocrx_word' id='word_1_209' title='bbox 1259 2116 1447 2162; x_wconf 84' lang='lat' dir='ltr'><strong>aetatem,</strong></span> <span class='ocrx_word' id='word_1_210' title='bbox 1476 2124 1555 2162; x_wconf 85' lang='lat' dir='ltr'><strong>qua</strong></span> <span class='ocrx_word' id='word_1_211' title='bbox 1581 2115 1643 2152; x_wconf 87' lang='lat' dir='ltr'><strong>to·</strong></span> 
     </span>
    </p>
   </div>
   <div class='ocr_carea' id='block_1_8' title="bbox 0 3093 61 3250">
    <p class='ocr_par' dir='ltr' id='par_1_16' title="bbox 0 3093 61 3250">
     <span class='ocr_line' id='line_1_29' title="bbox 0 3093 61 3250; baseline 0 0"><span class='ocrx_word' id='word_1_212' title='bbox 0 3093 61 3250; x_wconf 95' lang='lat' dir='ltr'><strong> </strong></span> 
     </span>
    </p>
   </div>
   <div class='ocr_carea' id='block_1_9' title="bbox 160 2183 1644 2856">
    <p class='ocr_par' dir='ltr' id='par_1_17' title="bbox 160 2183 1644 2856">
     <span class='ocr_line' id='line_1_30' title="bbox 162 2183 1643 2233; baseline -0.001 -12"><span class='ocrx_word' id='word_1_213' title='bbox 162 2187 247 2221; x_wconf 88' lang='lat' dir='ltr'><strong>tum</strong></span> <span class='ocrx_word' id='word_1_214' title='bbox 274 2194 431 2221; x_wconf 86' lang='lat' dir='ltr'><strong>carmen</strong></span> <span class='ocrx_word' id='word_1_215' title='bbox 460 2183 729 2233; x_wconf 86' lang='lat' dir='ltr'><strong>compositum</strong></span> <span class='ocrx_word' id='word_1_216' title='bbox 758 2195 843 2223; x_wconf 85' lang='lat' dir='ltr'><strong>esse</strong></span> <span class='ocrx_word' id='word_1_217' title='bbox 872 2184 1074 2222; x_wconf 83' lang='lat' dir='ltr'><strong>adnuente</strong></span> <span class='ocrx_word' id='word_1_218' title='bbox 1093 2183 1356 2221; x_wconf 85' lang='lat' dir='ltr'><strong>Lachmanno</strong></span> <span class='ocrx_word' id='word_1_219' title='bbox 1380 2183 1554 2232; x_wconf 82' lang='lat' dir='ltr'><strong>probare</strong></span> <span class='ocrx_word' id='word_1_220' title='bbox 1574 2194 1643 2220; x_wconf 88' lang='lat' dir='ltr'><strong>vo·</strong></span> 
     </span>
     <span class='ocr_line' id='line_1_31' title="bbox 161 2251 1643 2292; baseline -0.001 0"><span class='ocrx_word' id='word_1_221' title='bbox 161 2253 304 2292; x_wconf 89' lang='lat' dir='ltr'><strong>lumus.</strong></span> <span class='ocrx_word' id='word_1_222' title='bbox 342 2274 389 2280; x_wconf 89' lang='lat'><strong>-—</strong></span> <span class='ocrx_word' id='word_1_223' title='bbox 424 2251 577 2291; x_wconf 87' lang='lat' dir='ltr'><strong>Verum</strong></span> <span class='ocrx_word' id='word_1_224' title='bbox 612 2256 746 2292; x_wconf 82' lang='lat' dir='ltr'><strong>tamen</strong></span> <span class='ocrx_word' id='word_1_225' title='bbox 780 2253 856 2292; x_wconf 90' lang='lat' dir='ltr'><strong>hoc</strong></span> <span class='ocrx_word' id='word_1_226' title='bbox 893 2253 1101 2291; x_wconf 86' lang='lat' dir='ltr'><strong>inventum</strong></span> <span class='ocrx_word' id='word_1_227' title='bbox 1135 2255 1272 2291; x_wconf 87' lang='lat' dir='ltr'><strong>tenere</strong></span> <span class='ocrx_word' id='word_1_228' title='bbox 1307 2252 1448 2290; x_wconf 69' lang='lat' dir='ltr'><strong>nostra</strong></span> <span class='ocrx_word' id='word_1_229' title='bbox 1482 2252 1643 2291; x_wconf 87' lang='lat' dir='ltr'><strong>minime</strong></span> 
     </span>
     <span class='ocr_line' id='line_1_32' title="bbox 162 2320 1644 2374; baseline -0.001 -14"><span class='ocrx_word' id='word_1_230' title='bbox 162 2321 359 2360; x_wconf 88' lang='lat' dir='ltr'><strong>interesse</strong></span> <span class='ocrx_word' id='word_1_231' title='bbox 390 2321 531 2371; x_wconf 86' lang='lat' dir='ltr'><strong>liquet.</strong></span> <span class='ocrx_word' id='word_1_232' title='bbox 589 2321 690 2361; x_wconf 80' lang='lat' dir='ltr'><strong>Cum</strong></span> <span class='ocrx_word' id='word_1_233' title='bbox 717 2322 823 2361; x_wconf 88' lang='lat' dir='ltr'><strong>enim</strong></span> <span class='ocrx_word' id='word_1_234' title='bbox 853 2321 1020 2361; x_wconf 86' lang='lat' dir='ltr'><strong>Gratius</strong></span> <span class='ocrx_word' id='word_1_235' title='bbox 1058 2321 1270 2374; x_wconf 81' lang='lat' dir='ltr'><strong>(Cyneget.</strong></span> <span class='ocrx_word' id='word_1_236' title='bbox 1299 2333 1336 2358; x_wconf 88' lang='lat' dir='ltr'><strong>v.</strong></span> <span class='ocrx_word' id='word_1_237' title='bbox 1364 2320 1456 2371; x_wconf 88' lang='lat'><strong>313)</strong></span> <span class='ocrx_word' id='word_1_238' title='bbox 1491 2321 1644 2360; x_wconf 90' lang='lat' dir='ltr'><strong>nullam</strong></span> 
     </span>
     <span class='ocr_line' id='line_1_33' title="bbox 160 2390 1643 2442; baseline -0.001 -12"><span class='ocrx_word' id='word_1_239' title='bbox 160 2403 294 2430; x_wconf 88' lang='lat' dir='ltr'><strong>rerum</strong></span> <span class='ocrx_word' id='word_1_240' title='bbox 322 2391 406 2430; x_wconf 89' lang='lat' dir='ltr'><strong>sive</strong></span> <span class='ocrx_word' id='word_1_241' title='bbox 434 2391 484 2429; x_wconf 83' lang='lat' dir='ltr'><strong>ab</strong></span> <span class='ocrx_word' id='word_1_242' title='bbox 514 2391 706 2442; x_wconf 77' lang='lat' dir='ltr'><strong>Augusto</strong></span> <span class='ocrx_word' id='word_1_243' title='bbox 737 2392 820 2430; x_wconf 85' lang='lat' dir='ltr'><strong>sive</strong></span> <span class='ocrx_word' id='word_1_244' title='bbox 849 2404 872 2430; x_wconf 88' lang='lat' dir='ltr'><strong>a</strong></span> <span class='ocrx_word' id='word_1_245' title='bbox 901 2391 1067 2430; x_wconf 89' lang='lat' dir='ltr'><strong>Tiberio</strong></span> <span class='ocrx_word' id='word_1_246' title='bbox 1097 2394 1302 2442; x_wconf 85' lang='lat' dir='ltr'><strong>gestarum</strong></span> <span class='ocrx_word' id='word_1_247' title='bbox 1329 2390 1558 2441; x_wconf 83' lang='lat' dir='ltr'><strong>respexisse</strong></span> <span class='ocrx_word' id='word_1_248' title='bbox 1586 2390 1643 2428; x_wconf 89' lang='lat' dir='ltr'><strong>vi-</strong></span> 
     </span>
     <span class='ocr_line' id='line_1_34' title="bbox 161 2459 1644 2512; baseline -0.001 -12"><span class='ocrx_word' id='word_1_249' title='bbox 161 2460 306 2500; x_wconf 85' lang='lat' dir='ltr'><strong>deatur</strong></span> <span class='ocrx_word' id='word_1_250' title='bbox 345 2460 426 2498; x_wconf 89' lang='lat' dir='ltr'><strong>nisi</strong></span> <span class='ocrx_word' id='word_1_251' title='bbox 460 2460 707 2512; x_wconf 80' lang='lat' dir='ltr'><strong>Aegyptiaci</strong></span> <span class='ocrx_word' id='word_1_252' title='bbox 748 2461 863 2511; x_wconf 86' lang='lat' dir='ltr'><strong>regni</strong></span> <span class='ocrx_word' id='word_1_253' title='bbox 905 2461 1073 2511; x_wconf 87' lang='lat' dir='ltr'><strong>ruinam,</strong></span> <span class='ocrx_word' id='word_1_254' title='bbox 1118 2463 1243 2510; x_wconf 88' lang='lat' dir='ltr'><strong>quoto</strong></span> <span class='ocrx_word' id='word_1_255' title='bbox 1286 2463 1383 2510; x_wconf 86' lang='lat' dir='ltr'><strong>post</strong></span> <span class='ocrx_word' id='word_1_256' title='bbox 1421 2459 1525 2498; x_wconf 85' lang='lat' dir='ltr'><strong>hanc</strong></span> <span class='ocrx_word' id='word_1_257' title='bbox 1561 2471 1644 2499; x_wconf 87' lang='lat' dir='ltr'><strong>rem</strong></span> 
     </span>
     <span class='ocr_line' id='line_1_35' title="bbox 161 2528 1643 2579; baseline -0.001 -11"><span class='ocrx_word' id='word_1_258' title='bbox 161 2541 268 2568; x_wconf 80' lang='lat' dir='ltr'><strong>anno</strong></span> <span class='ocrx_word' id='word_1_259' title='bbox 307 2528 553 2579; x_wconf 82' lang='lat' dir='ltr'><strong>Cynegetica</strong></span> <span class='ocrx_word' id='word_1_260' title='bbox 593 2530 634 2568; x_wconf 88' lang='lat' dir='ltr'><strong>in</strong></span> <span class='ocrx_word' id='word_1_261' title='bbox 675 2543 815 2569; x_wconf 85' lang='lat' dir='ltr'><strong>manus</strong></span> <span class='ocrx_word' id='word_1_262' title='bbox 858 2537 898 2570; x_wconf 86' lang='lat' dir='ltr'><strong>et</strong></span> <span class='ocrx_word' id='word_1_263' title='bbox 934 2543 1048 2569; x_wconf 90' lang='lat' dir='ltr'><strong>usum</strong></span> <span class='ocrx_word' id='word_1_264' title='bbox 1081 2529 1300 2568; x_wconf 84' lang='lat' dir='ltr'><strong>amicorum</strong></span> <span class='ocrx_word' id='word_1_265' title='bbox 1337 2528 1534 2578; x_wconf 83' lang='lat' dir='ltr'><strong>venerint,</strong></span> <span class='ocrx_word' id='word_1_266' title='bbox 1578 2529 1643 2567; x_wconf 90' lang='lat' dir='ltr'><strong>de—</strong></span> 
     </span>
     <span class='ocr_line' id='line_1_36' title="bbox 162 2598 1644 2649; baseline -0.001 -12"><span class='ocrx_word' id='word_1_267' title='bbox 162 2598 394 2637; x_wconf 86' lang='lat' dir='ltr'><strong>ficientibus</strong></span> <span class='ocrx_word' id='word_1_268' title='bbox 421 2599 514 2637; x_wconf 84' lang='lat' dir='ltr'><strong>aliis</strong></span> <span class='ocrx_word' id='word_1_269' title='bbox 541 2600 715 2638; x_wconf 88' lang='lat' dir='ltr'><strong>testibus</strong></span> <span class='ocrx_word' id='word_1_270' title='bbox 744 2613 859 2639; x_wconf 88' lang='lat' dir='ltr'><strong>nemo</strong></span> <span class='ocrx_word' id='word_1_271' title='bbox 889 2606 951 2639; x_wconf 87' lang='lat' dir='ltr'><strong>est</strong></span> <span class='ocrx_word' id='word_1_272' title='bbox 980 2601 1049 2649; x_wconf 87' lang='lat' dir='ltr'><strong>qui</strong></span> <span class='ocrx_word' id='word_1_273' title='bbox 1077 2600 1198 2638; x_wconf 87' lang='lat' dir='ltr'><strong>dicat.</strong></span> <span class='ocrx_word' id='word_1_274' title='bbox 1241 2598 1290 2637; x_wconf 88' lang='lat' dir='ltr'><strong>Id</strong></span> <span class='ocrx_word' id='word_1_275' title='bbox 1318 2602 1452 2636; x_wconf 84' lang='lat' dir='ltr'><strong>autem</strong></span> <span class='ocrx_word' id='word_1_276' title='bbox 1480 2610 1562 2636; x_wconf 91' lang='lat' dir='ltr'><strong>non</strong></span> <span class='ocrx_word' id='word_1_277' title='bbox 1581 2602 1644 2636; x_wconf 87' lang='lat' dir='ltr'><strong>est</strong></span> 
     </span>
     <span class='ocr_line' id='line_1_37' title="bbox 163 2666 1641 2718; baseline 0.001 -13"><span class='ocrx_word' id='word_1_278' title='bbox 163 2667 447 2718; x_wconf 81' lang='lat' dir='ltr'><strong>ignorandum,</strong></span> <span class='ocrx_word' id='word_1_279' title='bbox 475 2667 509 2706; x_wconf 86' lang='lat' dir='ltr'><strong>si</strong></span> <span class='ocrx_word' id='word_1_280' title='bbox 539 2669 698 2717; x_wconf 87' lang='lat' dir='ltr'><strong>quando</strong></span> <span class='ocrx_word' id='word_1_281' title='bbox 720 2669 916 2708; x_wconf 84' lang='lat' dir='ltr'><strong>Manilius</strong></span> <span class='ocrx_word' id='word_1_282' title='bbox 937 2670 1071 2708; x_wconf 86' lang='lat' dir='ltr'><strong>sidera</strong></span> <span class='ocrx_word' id='word_1_283' title='bbox 1090 2680 1232 2707; x_wconf 88' lang='lat' dir='ltr'><strong>canere</strong></span> <span class='ocrx_word' id='word_1_284' title='bbox 1253 2666 1448 2717; x_wconf 79' lang='lat' dir='ltr'><strong>coeperit,</strong></span> <span class='ocrx_word' id='word_1_285' title='bbox 1477 2667 1641 2706; x_wconf 87' lang='lat' dir='ltr'><strong>iuvante</strong></span> 
     </span>
     <span class='ocr_line' id='line_1_38' title="bbox 165 2735 1642 2788; baseline -0.001 -13"><span class='ocrx_word' id='word_1_286' title='bbox 165 2735 310 2775; x_wconf 84' lang='lat' dir='ltr'><strong>Gratio</strong></span> <span class='ocrx_word' id='word_1_287' title='bbox 340 2736 552 2775; x_wconf 85' lang='lat' dir='ltr'><strong>ostendere</strong></span> <span class='ocrx_word' id='word_1_288' title='bbox 581 2737 774 2777; x_wconf 85' lang='lat' dir='ltr'><strong>iubemur.</strong></span> <span class='ocrx_word' id='word_1_289' title='bbox 815 2738 952 2788; x_wconf 89' lang='lat' dir='ltr'><strong>Atque</strong></span> <span class='ocrx_word' id='word_1_290' title='bbox 980 2739 1102 2778; x_wconf 89' lang='lat' dir='ltr'><strong>etiam</strong></span> <span class='ocrx_word' id='word_1_291' title='bbox 1130 2738 1164 2776; x_wconf 87' lang='lat' dir='ltr'><strong>si</strong></span> <span class='ocrx_word' id='word_1_292' title='bbox 1194 2738 1283 2787; x_wconf 84' lang='lat' dir='ltr'><strong>quis</strong></span> <span class='ocrx_word' id='word_1_293' title='bbox 1310 2738 1429 2777; x_wconf 86' lang='lat' dir='ltr'><strong>huius</strong></span> <span class='ocrx_word' id='word_1_294' title='bbox 1458 2736 1516 2775; x_wconf 89' lang='lat' dir='ltr'><strong>rei</strong></span> <span class='ocrx_word' id='word_1_295' title='bbox 1545 2749 1642 2785; x_wconf 81' lang='lat' dir='ltr'><strong>gna·</strong></span> 
     </span>
     <span class='ocr_line' id='line_1_39' title="bbox 166 2805 1642 2856; baseline 0 -10"><span class='ocrx_word' id='word_1_296' title='bbox 166 2816 234 2846; x_wconf 86' lang='lat' dir='ltr'><strong>rus</strong></span> <span class='ocrx_word' id='word_1_297' title='bbox 270 2805 442 2856; x_wconf 83' lang='lat' dir='ltr'><strong>adesset,</strong></span> <span class='ocrx_word' id='word_1_298' title='bbox 477 2805 675 2846; x_wconf 87' lang='lat' dir='ltr'><strong>iudicaret</strong></span> <span class='ocrx_word' id='word_1_299' title='bbox 705 2811 838 2848; x_wconf 77' lang='lat' dir='ltr'><strong>autem</strong></span> <span class='ocrx_word' id='word_1_300' title='bbox 864 2808 942 2848; x_wconf 89' lang='lat' dir='ltr'><strong>hoc</strong></span> <span class='ocrx_word' id='word_1_301' title='bbox 968 2807 1164 2848; x_wconf 83' lang='lat' dir='ltr'><strong>accidisse</strong></span> <span class='ocrx_word' id='word_1_302' title='bbox 1191 2808 1286 2851; x_wconf 89' lang='lat' dir='ltr'><strong>ante</strong></span> <span class='ocrx_word' id='word_1_303' title='bbox 1315 2806 1470 2849; x_wconf 88' lang='lat' dir='ltr'><strong>cladem</strong></span> <span class='ocrx_word' id='word_1_304' title='bbox 1497 2805 1642 2846; x_wconf 75' lang='lat' dir='ltr'><strong>Varia-</strong></span> 
     </span>
    </p>
   </div>
  </div>
 </body>
</html>
