1930 3320
935 248 1209 287 -24-

329 380 443 418 recte
474 376 661 418 Bechert
690 377 849 419 iudicat
876 378 917 419 V
938 381 1016 421 698
1049 394 1144 422 esse
1174 381 1488 438 interpolatum,
1521 398 1614 426 cum
1644 385 1725 426 hoc
1757 386 1801 426 in

328 458 454 485 versu
493 457 514 484 o
551 445 811 499 producatur
829 445 877 501 ¹).
945 447 1071 489 Nemo
1105 450 1296 492 vocalem
1332 464 1353 491 o
1395 456 1632 508 correptam
1670 452 1801 494 habet

328 511 391 551 IV
414 513 482 563 20,
513 511 556 552 in
588 512 683 553 ordo
713 513 936 568 corripitur
965 527 986 555 ο
1016 515 1082 555 III
1112 517 1177 557 86.
1223 517 1264 558 V
1289 519 1366 559 736
1400 520 1547 575 (saepe
1577 523 1801 576 praeterea

328 579 423 619 ordo
454 579 496 619 in
528 583 719 622 extremo
741 595 868 622 versu
899 583 1113 636 occurrit);
1144 585 1187 624 in
1216 585 1402 627 valetudo
1430 587 1675 643 producitur
1703 600 1726 628 ο
1754 588 1798 628 in

327 646 438 687 thesi
485 647 505 686 I
537 650 630 688 404.
676 648 744 688 III
778 651 876 702 140,
922 650 963 691 in
1008 652 1119 704 virqo
1165 652 1388 708 corripitur
1434 654 1456 695 I
1488 657 1581 696 266.
1625 654 1671 695 II
1702 655 1800 696 286.

328 713 391 754 IV
424 715 521 767 382,
563 715 809 770 producitur
837 717 881 758 in
909 717 1023 759 thesi
1053 719 1097 759 ΙΙ
1129 721 1222 763 238,
1255 722 1334 762 248
1366 720 1450 775 (bis
1481 721 1652 763 eliditur
1681 722 1725 763 in
1745 724 1803 763 est

326 781 393 822 vel
424 781 494 836 et).
527 784 620 823 442.
668 783 736 824 III
766 787 860 826 410.
903 784 941 826 V
971 787 1063 828 588.

406 940 484 982 De
517 940 892 985 declinatione
925 944 1363 987 substantivorum
1395 946 1723 989 Graecorum.

439 1030 489 1071 In
535 1031 811 1074 substantivis
856 1033 1030 1075 Graecis
1071 1036 1264 1090 primae
1309 1051 1416 1092 quae
1454 1036 1608 1078 dicitur
1642 1036 1800 1079 decli-

327 1098 555 1139 nationis
603 1100 735 1140 utitur
781 1100 980 1143 Manilius
1025 1102 1067 1143 in
1120 1104 1438 1146 nominativo
1487 1118 1606 1146 casu
1653 1104 1800 1146 formis

330 1164 518 1207 Graecis.
579 1167 800 1222 Leguntur
832 1169 943 1210 enim
975 1170 1085 1226 apud
1119 1185 1214 1212 eum
1236 1172 1484 1214 nominativi
1513 1172 1578 1213 hi:
1613 1171 1802 1224 Cassiope

327 1233 367 1274 v
399 1236 492 1274 505.
535 1236 614 1275 537
652 1235 886 1288 (Cassiepia
923 1237 943 1277 Ι
990 1239 1082 1279 354.
1122 1241 1240 1292 697);
1281 1239 1460 1293 Eriyone
1496 1231 1541 1280 ἸΙ
1582 1241 1673 1282 175.
1704 1241 1798 1281 499.

328 1303 422 1343 552.
468 1302 535 1342 III
567 1305 662 1344 572.
705 1303 769 1344 IV
804 1305 893 1345 189.
925 1306 1017 1348 334.
1050 1308 1142 1347 542.
1189 1306 1229 1347 V
1249 1308 1350 1356 251;
1379 1307 1519 1348 Helice
1545 1307 1567 1348 I
1589 1308 1682 1349 296.
1705 1308 1801 1348 634.

327 1369 391 1410 IV
423 1371 526 1418 5893
560 1370 707 1411 Threee
737 1372 804 1412 vel
835 1371 973 1427 potius
1008 1373 1162 1415 Thrace
1192 1374 1272 1429 (sic
1303 1373 1455 1419 GOV.
1478 1374 1523 1415 M
1545 1374 1581 1414 L
1615 1388 1640 1416 a
1673 1387 1802 1416 manu

331 1437 531 1490 secunda,
564 1438 692 1479 tlzreee
720 1439 756 1479 L
787 1453 812 1480 a
842 1454 967 1481 manu
1004 1442 1140 1496 prima
1169 1441 1183 1496 )
1222 1442 1286 1484 IV
1317 1444 1417 1491 691;
1461 1441 1599 1484 Olenie
1628 1442 1669 1484 V
1702 1443 1800 1491 130;

332 1505 444 1546 Crete
457 1505 520 1547 IV
534 1507 628 1546 634.
652 1505 920 1558 (GCLV1V2
945 1507 1075 1560 Creta,
1089 1510 1133 1551 M
1149 1512 1270 1564 θείῳ
1294 1514 1408 1552 certe
1428 1509 1550 1552 Creta
1569 1509 1801 1565 legendum

327 1578 394 1614 est
408 1573 472 1614 IV
488 1573 606 1629 785);
625 1574 865 1629 (praeterea
881 1580 1076 1632 correpta
1091 1577 1240 1619 ultima
1259 1578 1385 1619 Troici
1401 1577 1465 1619 IV
1477 1579 1542 1620 24.
1558 1579 1645 1631 65);
1663 1577 1802 1619 boreas

327 1641 390 1682 IV
422 1643 515 1682 591.
560 1642 599 1682 V
633 1644 697 1684 70.
731 1646 831 1693 105;
867 1643 1015 1686 Bootes
1044 1646 1066 1686 Ι
1098 1647 1190 1687 316.
1235 1646 1276 1687 V
1306 1649 1379 1694 20;
1423 1644 1584 1687 Orestes
1613 1645 1659 1686 II
1689 1647 1796 1694 583;

327 1709 505 1764 Pylades
534 1709 578 1749 II
609 1711 711 1758 5833
742 1710 975 1762 Euphrates
1005 1712 1069 1754 IV
1100 1714 1193 1754 800.

440 1788 754 1830 Genetivum
793 1791 1177 1845 substantivorum,
1225 1805 1332 1847 quae
1378 1793 1422 1833 in
1466 1805 1510 1833 -a
1547 1792 1616 1834 vel
1654 1791 1698 1832 in
1736 1803 1801 1832 -as

323 1861 495 1909 exeunt,
530 1856 681 1898 cadere
713 1858 830 1898 iubet
861 1858 1060 1900 Manilius
1091 1860 1134 1900 in
1163 1873 1240 1910 -ae‚
1271 1864 1318 1900 ut
1335 1859 1619 1900 Andromedae
1639 1859 1680 1900 V
1705 1860 1798 1900 538.

323 1927 426 1973 6203
463 1925 602 1965 boreae
632 1925 653 1966 I
685 1927 787 1974 685;
835 1926 875 1967 V
908 1928 986 1967 330
1019 1931 1160 1968 autem
1191 1941 1286 1968 cum
1314 1927 1512 1969 Bentleio
1550 1941 1625 1982 pro
1663 1926 1801 1967 boreae

322 1993 551 2048 legendum
598 1997 663 2034 est
707 1993 897 2035 eithara-e.
972 1994 1341 2036 Substantivorum
1380 1996 1423 2036 in
1469 2008 1508 2036 -e
1559 1994 1799 2036 cadentium

323 2061 568 2116 genetivum
599 2061 642 2101 in
678 2073 738 2101 -es
768 2062 939 2103 formari
978 2076 1063 2103 uno
1094 2062 1261 2104 videtur
1291 2063 1474 2118 sprobari
1517 2061 1713 2117 exemplo
1745 2085 1799 2091 —

322 2143 493 2171 versum
530 2129 643 2170 enim
672 2128 734 2169 IV
768 2130 866 2182 780,
913 2129 956 2170 in
988 2143 1069 2184 quo
1099 2130 1282 2172 Iacobus
1313 2131 1514 2183 Zmyrnes
1540 2129 1669 2184 legit,
1700 2141 1797 2184 pro—

323 2197 546 2238 scribimus
592 2210 686 2237 cum
732 2196 929 2238 Bentleio
979 2221 1028 2226 —
1075 2197 1276 2251 Eriyones
1310 2197 1374 2238 IV
1405 2199 1505 2249 469,
1543 2196 1616 2238 ubi
1655 2199 1797 2237 tamen

323 2265 443 2306 codd.
476 2265 633 2306 omissa
662 2277 682 2304 s
712 2278 899 2306 consona
927 2264 1106 2317 Eriyone
1135 2265 1355 2320 praebent.

433 2342 749 2384 Accusativi
781 2343 1141 2384 substantivorum
1171 2343 1214 2384 in
1246 2357 1292 2384 -a
1322 2347 1364 2384 ct
1394 2343 1528 2387 ineas
1548 2342 1796 2384 exeuntium

328 2411 483 2453 cadunt
512 2411 555 2451 in
586 2424 670 2451 —am
699 2411 751 2451 iis
783 2411 900 2463 locis,
932 2411 1006 2452 ubi
1036 2426 1120 2452 non
1151 2411 1341 2466 sequitur
1362 2412 1534 2452 vocalis.
1591 2410 1794 2466 Legimus

324 2479 436 2520 enim
481 2478 783 2519 Andromedam
820 2479 840 2518 Ι
887 2480 966 2519 350
1006 2478 1144 2532 (codd.
1178 2477 1338 2520 GOLM
1373 2478 1603 2520 ablativum
1632 2477 1797 2520 Andro-

321 2546 436 2587 meda
458 2549 572 2587 recte
596 2545 833 2600 exhibent).
866 2547 960 2586 356.
990 2546 1030 2587 V
1046 2548 1111 2587 23.
1131 2549 1210 2587 545
1229 2559 1482 2601 quamquam
1499 2546 1580 2587 hoc
1596 2546 1705 2598 loco,
1721 2545 1795 2586 ubi

323 2613 685 2664 CAndrometa,V1
703 2613 1052 2655 MA‘ndromedam
1064 2614 1248 2667 tradunt,
1264 2615 1391 2656 etiam
1407 2614 1451 2655 in
1464 2612 1795 2655 GAndromedan

414 2774 440 2818 ¹)
466 2774 488 2807 l.
513 2773 536 2808 l.
561 2785 596 2818 p.
613 2773 674 2811 55;
700 2773 822 2807 omisit
835 2773 988 2808 Bechert
1012 2773 1050 2807 in
1075 2773 1327 2808 enumerandis
1348 2771 1520 2816 exemplis
1545 2771 1658 2806 11531
1682 2772 1794 2807 victus

322 2831 394 2865 Leo
420 2830 544 2875 sumet,
568 2830 729 2873 itemque
754 2830 803 2864 IV
827 2830 903 2871 536,
928 2830 990 2865 ubi
1016 2841 1036 2865 o
1060 2830 1098 2864 in
1122 2831 1269 2875 longam
1294 2829 1452 2864 eliditur.
1536 2848 1553 2866 ο
