1942 3308
870 219 1152 272 ..51...

528 355 584 402 Te
612 357 747 400 multa
770 370 908 413 prece,
943 355 998 399 Te
1025 356 1301 413 prosequitur
1328 369 1442 398 mero

525 427 692 482 Defuso
716 428 895 483 pateris,
923 431 960 468 et
987 426 1154 468 laribus
1185 425 1323 468 Tuum

523 497 673 539 Miscet
700 510 854 538 numen
883 498 947 538 uti
980 496 1165 538 Graecia
1196 495 1386 537 Castoris

522 566 579 607 Et
609 567 757 621 maqni
785 579 942 607 memor
971 564 1184 607 Herculis.

246 633 364 675 Idem
395 649 488 676 cum
518 634 688 676 Polluce
720 635 931 691 componit
954 635 1243 691 imperatorem
1268 649 1302 678 c.
1332 633 1392 675 ΙΙΙ
1420 633 1458 685 3,
1482 633 1508 674 9
1536 648 1598 689 sq.
1637 631 1778 673 Prima

246 703 433 760 vestigia,
472 703 620 760 quibus
653 703 706 745 ad
735 704 890 744 cultum
922 704 1118 759 Augusto
1150 709 1195 744 ut
1224 702 1381 747 Oceani
1412 709 1586 759 patrono
1616 700 1778 742 dedica-

245 779 332 814 tum
374 772 592 826 ducamur,
639 773 720 814 iam
763 773 803 814 in
847 772 978 828 Verg.
1021 771 1106 828 Gg.
1152 772 1311 826 129¹)
1353 779 1574 829 apparent,
1618 769 1685 811 ubi
1725 769 1776 811 de

245 842 433 900 principe
473 843 582 884 inter
612 841 711 884 deos
741 842 924 884 marinos
961 841 1199 898 recipiendo
1232 841 1349 898 quasi
1384 841 1451 882 vel
1482 839 1648 882 maioris
1684 854 1776 880 auc·

245 911 422 954 totitatis
471 918 511 954 et
566 912 756 968 superior
795 912 1013 966 Augustus
1066 912 1228 952 futurus
1270 911 1322 951 sit
1371 910 1460 967 ipso
1503 909 1698 966 Neptuno
1739 915 1780 950 et

246 981 393 1023 ceteris
425 981 548 1023 maris
583 980 686 1031 deis,
724 980 822 1021 dicit
854 988 996 1036 poeta:
1039 995 1096 1022 an
1124 981 1227 1022 deus
1253 981 1444 1021 immensi
1470 981 1616 1021 venias
1641 979 1778 1020 maris

246 1064 298 1093 ac
337 1055 414 1093 tua
454 1055 614 1093 nautae
656 1050 849 1092 Numina
888 1051 980 1091 sola
1021 1050 1185 1099 colant;
1230 1049 1376 1091 eodem
1418 1048 1628 1101 accedant,
1671 1061 1778 1104 quae

243 1120 354 1178 apud
397 1119 618 1161 Horatium
663 1122 716 1172 (c.
755 1119 814 1160 IV
857 1119 906 1171 5)
946 1119 1164 1174 leguntur:
1234 1118 1444 1160 Pacatum
1483 1119 1663 1160 volitant
1695 1130 1779 1172 per

243 1203 363 1232 mare
409 1191 606 1231 navitae:
652 1189 803 1230 etenim
853 1190 986 1245 pacati
1031 1189 1172 1230 oceani
1223 1189 1357 1243 gloria
1407 1187 1671 1229 attribuenda
1718 1192 1779 1228 est

243 1258 455 1314 Augusto.
517 1258 702 1300 Eximias
737 1258 776 1299 in
810 1258 987 1300 eundem
1021 1258 1165 1300 laudes
1197 1257 1472 1299 Puteolanum
1503 1257 1610 1299 forte
1640 1257 1777 1297 sinum

243 1328 632 1385 praeter-vehentem
665 1335 848 1369 vectores
881 1335 1110 1384 nautasque
1142 1327 1193 1369 de
1230 1327 1326 1368 navi
1361 1325 1652 1368 Alexandrina
1683 1340 1778 1367 eon-

243 1396 420 1453 gessisse
458 1397 583 1439 tradit
625 1396 847 1440 Suetonius
893 1396 1007 1450 (Oct.
1051 1397 1127 1449 94)
1168 1403 1260 1438 tura
1298 1395 1472 1437 libantes
1512 1394 1779 1449 dicentesque

235 1481 321 1523 per
357 1467 481 1509 illum
527 1481 568 1508 se
607 1469 754 1519 vicere,
795 1481 879 1522 per
924 1468 1048 1509 illum
1088 1467 1383 1522 naviqare,
1424 1464 1617 1506 libertate
1656 1469 1779 1520 atque

230 1538 435 1592 fortunis
453 1537 571 1591 frui.

386 1617 640 1659 Paucissima
669 1624 884 1674 praeterea
911 1617 1057 1669 habeo,
1102 1631 1210 1673 quac
1249 1615 1399 1657 addam
1438 1615 1489 1656 de
1520 1614 1619 1656 astri
1651 1614 1777 1658 cultu.

248 1685 514 1730 Subveniunt
555 1687 665 1728 enim
705 1687 805 1728 mihi
848 1687 906 1728 illi
949 1695 990 1728 et
1031 1686 1189 1728 nummi
1221 1692 1262 1728 et
1292 1685 1463 1741 lapides,
1480 1686 1518 1738 ²)
1558 1685 1599 1726 in
1630 1685 1779 1741 quibus

246 1755 299 1798 ad
336 1755 517 1813 speciem
549 1756 657 1798 Iovis
696 1756 870 1812 fingitur
907 1757 1123 1812 Augustus
1162 1763 1287 1812 atque
1328 1755 1511 1796 fulminis
1543 1754 1609 1796 vel
1636 1753 1780 1796 stellae

248 1825 371 1880 signo
401 1833 472 1867 aut
501 1841 652 1868 corona
683 1825 841 1867 radiata
871 1833 1095 1868 exornatus
1127 1833 1200 1879 est,
1244 1825 1306 1867 cui
1338 1832 1379 1866 et
1409 1825 1485 1882 ipsi
1517 1825 1624 1866 inest
1655 1839 1779 1880 quae-

249 1893 344 1935 dam
390 1894 605 1936 stellarum
647 1896 836 1951 imagoss)
889 1897 1187 1953 propriumque
1236 1895 1314 1936 hoc
1355 1894 1452 1937 olim
1491 1894 1663 1936 deorum
1706 1893 1782 1934 fuit

249 1962 424 2019 insigne.
484 1965 570 2006 Iam
614 1973 731 2022 pater
774 1965 871 2007 olim
911 1965 1131 2009 Octaviani
1175 1965 1375 2009 Suetonio
1416 1972 1520 2007 teste
1559 1963 1672 2018 (Oct.
1707 1963 1780 2016 94)

251 2032 393 2076 videre
424 2034 536 2075 visus
571 2043 659 2076 erat
698 2034 828 2076 filium
859 2036 1021 2077 mortali
1064 2036 1200 2092 specie
1231 2035 1489 2091 ampliorem,
1525 2034 1718 2088 fulmine
1745 2038 1781 2074 et

250 2107 411 2158 sceptro
435 2105 679 2160 exuviisque
701 2105 816 2146 Iovis
840 2104 884 2146 O.
908 2105 967 2146 M.
992 2119 1042 2147 ac
1063 2106 1244 2147 radiata
1267 2119 1424 2148 corona
1446 2103 1778 2155 condecoratum,

249 2178 413 2213 actcnes
455 2173 628 2215 fortasse
681 2174 878 2216 momoria
926 2175 1014 2231 ipso
1064 2175 1150 2217 sole
1192 2173 1498 2231 quodammodo
1540 2171 1778 2228 imperatori

251 2256 450 2285 coronam
487 2242 642 2299 imponi
682 2244 811 2285 visam
847 2259 935 2286 esse
970 2244 1131 2287 Velleio
1165 2245 1238 2297 (cf.
1269 2259 1394 2301 supra
1425 2258 1465 2300 p.
1495 2243 1586 2295 45).
1641 2239 1779 2292 Quam

251 2326 443 2354 coronam
475 2311 701 2354 divinitatis
740 2314 893 2355 famam
933 2314 1124 2356 ascivisse
1163 2329 1216 2356 ex
1255 2328 1303 2355 eo
1336 2312 1627 2367 intellegimuS,
1668 2311 1779 2367 quod

250 2381 303 2422 ob
343 2380 384 2422 id
423 2381 558 2438 ipsum
602 2397 651 2424 ea
695 2382 754 2424 uti
802 2383 933 2426 voluit
973 2382 1226 2439 Caligula.4)
1304 2382 1404 2424 Vise
1444 2382 1567 2424 etiam
1619 2396 1779 2424 mecum

391 2486 418 2524 ¹)
446 2485 509 2528 sig,
535 2487 550 2518 1
578 2488 621 2520 32).
646 2488 803 2521 imitatus
828 2493 880 2522 est
906 2489 1123 2522 Claudianus
1149 2489 1192 2520 de
1217 2488 1270 2520 111
1292 2498 1385 2521 cons».
1404 2487 1552 2518 Honorii
1578 2497 1608 2518 v.
1640 2486 1704 2518 170
1731 2495 1780 2527 sq.

252 2541 358 2574 simili
384 2542 535 2576 siderum
561 2545 718 2587 imagine
744 2557 835 2579 usuS.
1636 2575 1638 2577 -

391 2601 417 2640 ²)
443 2602 486 2633 ef.
512 2603 615 2634 etiam
650 2602 712 2636 Sil.
745 2604 822 2636 Ital.
849 2604 935 2635 XIII
959 2604 1038 2644 862,
1067 2604 1141 2644 ubi,
1167 2607 1352 2647 postquam
1388 2601 1430 2633 de
1456 2601 1622 2643 Pompeio
1649 2601 1778 2643 Magno

254 2656 385 2689 dictum
418 2662 480 2697 est,
515 2659 558 2690 de
591 2660 784 2693 Octaviano
819 2661 905 2693 haec
937 2662 1068 2703 scripta
1101 2662 1269 2704 legimus:
1309 2660 1372 2691 ille
1407 2660 1512 2691 deum
1546 2670 1629 2701 gens
1667 2659 1778 2690 stel-

253 2714 444 2757 ligerum
470 2717 634 2748 attollens
658 2718 792 2760 apicem
818 2718 992 2751 Troianus
1017 2719 1092 2751 Iulo
1119 2719 1248 2751 Caesar
1273 2729 1338 2750 avo
1364 2721 1427 2748 etc.

392 2772 422 2814 3)
449 2773 586 2806 Corona
610 2774 747 2806 radiata
771 2776 910 2818 aliquot
934 2777 1058 2809 erectis
1083 2776 1308 2808 acuminibus
1334 2775 1443 2807 instar
1461 2773 1636 2806 radiorum
1655 2777 1779 2805 ornata

254 2833 339 2863 erat.

392 2888 420 2933 ⁴¹)
446 2889 548 2924 Philo
573 2889 641 2934 leg.
665 2889 710 2923 ad
738 2889 864 2925 Gaium
889 2901 924 2934 p.
951 2892 1038 2933 5595
1064 2890 1265 2935 Schoepfliu
1290 2891 1312 2923 l.
1339 2890 1362 2922 1.
1387 2899 1420 2932 p.
1446 2890 1500 2922 93.

1687 2953 1731 2991 4*
