1930 3320
937 259 1210 299 -44-

338 381 390 417 Et
413 381 517 417 Iovis
541 379 698 417 adverso
721 379 880 415 Iunonis
904 380 1099 425 Aquarius
1130 382 1272 416 astrum
1300 382 1359 416 est.
1386 382 1400 425 [l
1425 380 1460 416 Π
1482 381 1547 416 501
1573 381 1688 416 Libra
1720 390 1808 416 suos

337 439 501 483 sequitur
535 448 664 471 sensus
699 438 883 481 solumque
917 437 1077 471 videndo.
1095 439 1107 480 ΙΙ
1129 438 1164 472 II
1195 438 1259 471 527
1298 438 1400 482 Quod
1436 438 1512 472 tria
1547 438 1659 484 siqua·
1689 437 1808 472 tribus

336 496 452 538 siynis
476 513 527 527 --.
553 494 566 536 Η
593 494 627 527 II
649 493 715 527 863
746 494 853 526 Nunc
884 493 1021 527 sterilis
1052 504 1269 537 poenamque
1297 504 1418 528 serens
1448 494 1486 528 in
1523 494 1643 528 sidere
1665 494 1772 529 sedis.
1796 493 1808 539 Ιὶ

338 552 390 585 III
413 551 453 583 61
488 551 592 592 Quae
624 549 734 592 quasi
765 559 840 591 per
863 548 1028 582 mediam
1050 550 1186 583 mundi·
1207 550 1429 592 praecordia
1450 552 1604 593 partem.
1628 552 1641 594 11
1667 550 1720 584 ΠΙ
1744 550 1810 584 128

337 607 380 642 Si
403 606 493 639 male
516 604 749 638 subscribunt
771 605 895 638 stellae
915 616 983 648 per
1006 606 1115 650 siyna
1139 606 1283 639 locatae.
1302 607 1315 648 Η
1338 606 1390 639 ΠΙ
1414 606 1479 640 384
1514 607 1593 640 Per
1617 608 1695 640 duo
1714 616 1810 649 par—

338 663 424 696 titae
459 663 601 697 dirimit
637 663 802 697 divortia
840 667 967 697 terrae.
991 666 1004 706 11
1042 664 1090 698 IV
1128 664 1171 697 10
1209 663 1487 707 Lunam-iamque
1517 662 1632 697 lucris
1667 662 1810 696 emimus

337 720 497 763 I'uocuque
517 720 679 763 rapinas
698 722 711 762 ΙΙ
726 720 774 754 IV
792 719 859 753 212
883 720 1093 762 Perpetuus
1114 720 1251 762 populi
1264 719 1414 762 privato
1430 719 1468 752 in
1485 719 1603 753 limine
1615 722 1783 762 praetor.
1799 718 1812 763 ΙΙ

337 774 384 807 IV
411 775 474 808 727
510 775 645 809 Lenius
669 775 825 818 irriyuis
849 775 1015 818 infuscat
1038 785 1194 818 corpora
1218 776 1366 818 campis.
1383 777 1397 819 {l
1413 776 1442 808 V
1465 775 1509 809 23
1536 774 1810 809 Andromedam-

338 842 405 875 que
439 841 576 875 neyans
614 831 753 876 yenitor
787 841 867 865 cum
890 831 1040 875 coniuye
1067 832 1239 874 Cepheus.
1257 833 1270 874 Η
1293 832 1320 865 V
1345 832 1388 865 95
1421 831 1540 866 Sensit
1565 835 1598 865 et
1620 832 1811 866 immensos

337 888 444 931 ὄφιες
477 898 589 930 super
612 889 693 930 ipse
730 891 888 921 secutus.
920 889 933 930 Η
966 887 992 920 V
1018 887 1084 921 246
1123 886 1369 931 Gaudebitque
1393 897 1510 927 mere,
1542 889 1752 931 meryetque
1774 887 1813 921 in

337 943 468 986 pocula
498 947 664 977 mentem.
692 945 705 986 Η
733 943 761 976 V
785 943 851 977 282
886 942 1047 977 Subdere
1068 944 1238 983 fracturo
1262 943 1360 977 silici
1377 944 1565 984 frumenta
1588 953 1776 987 superque.
1799 941 1812 987 ΙΙ

341 999 368 1033 V
392 998 458 1033 575
498 999 543 1032 Et
574 1001 770 1043 postquam
794 1009 939 1042 poenae
974 1009 1122 1033 causam
1156 1000 1324 1044 coynovit
1346 998 1391 1033 ab
1417 998 1507 1042 ipsa.
1524 1000 1538 1042 11
1555 999 1584 1032 V
1607 999 1672 1033 589
1714 998 1813 1042 Quae

340 1058 407 1089 tua
441 1058 528 1088 tunc
556 1056 687 1096 fuerat
715 1055 857 1098 facies,
902 1066 992 1099 quas
1020 1055 1125 1098 fuyit
1159 1055 1197 1088 in
1220 1066 1343 1089 auras.
1369 1056 1382 1097 {l
1410 1055 1438 1088 V
1463 1055 1529 1089 656
1559 1054 1597 1088 E
1626 1064 1756 1098 penna
1781 1057 1814 1088 et

335 1111 503 1154 pendens
526 1111 703 1154 populum
727 1111 925 1154 suspendet
949 1111 994 1145 ab
1020 1111 1111 1155 ipso.

928 1224 1121 1280 Anaph
1137 1238 1234 1265 ora.

452 1316 561 1356 Ana
575 1315 768 1370 phorae
800 1314 1171 1355 adverbiorum
1203 1315 1401 1369 exempla
1432 1314 1600 1355 enotavi
1630 1313 1756 1355 haee:

429 1382 464 1416 II
488 1382 531 1416 70
555 1394 631 1426 sqq.
657 1392 727 1415 non
742 1401 754 1408 -
767 1392 838 1415 non
853 1401 864 1406 -
885 1383 965 1425 (que
978 1401 990 1407 —
1005 1393 1071 1425 que
1085 1400 1098 1406 -
1110 1390 1172 1415 nec
1187 1401 1199 1407 -
1214 1391 1280 1424 que
1294 1401 1306 1406 -
1321 1382 1399 1424 que)
1417 1400 1429 1406 -
1443 1389 1817 1414 non-non-nec-nec-

340 1447 412 1471 nec.
439 1439 452 1481 11
481 1438 522 1471 87
548 1450 599 1481 sq.
634 1439 685 1471 sic
699 1457 711 1462 —
727 1438 779 1472 sic
794 1457 806 1462 -
821 1438 882 1471 sic.
907 1439 920 1480 ΙΙ
946 1438 993 1472 IV
1019 1437 1084 1471 130
1107 1449 1159 1480 sq.
1193 1447 1285 1470 nunc
1300 1455 1311 1460 -
1324 1447 1416 1470 nunc
1428 1455 1440 1460 -
1454 1445 1548 1470 nunc
1562 1456 1575 1462 -
1589 1445 1684 1470 nunc
1698 1455 1711 1461 -
1724 1445 1816 1469 nunc

342 1496 403 1528 -εί,
425 1496 438 1537 11
461 1494 527 1528 380
548 1506 624 1538 sqq.
648 1504 710 1528 nec
723 1515 735 1520 -
749 1504 812 1527 nec
828 1513 840 1518 -
853 1504 915 1527 nec
929 1513 942 1518 -
955 1504 1016 1528 nec
1028 1514 1041 1519 -
1054 1503 1117 1527 nec
1131 1513 1143 1519 ·
1156 1502 1217 1526 nec
1231 1511 1244 1517 ·
1278 1493 1357 1534 (aut
1370 1511 1382 1517 -
1397 1494 1460 1526 aut
1474 1511 1486 1516 -
1500 1502 1567 1536 que
1579 1511 1592 1517 -
1617 1491 1818 1536 asyndeton

343 1570 356 1576 -
366 1555 397 1585 et
411 1570 423 1575 -
437 1551 528 1595 que).
547 1552 560 1594 Η
577 1551 642 1584 815
667 1562 717 1593 sq.
742 1550 793 1584 sic
807 1571 820 1576 -
834 1550 885 1583 sic
899 1569 911 1575 -
925 1550 986 1584 sic.
1005 1551 1018 1593 Η
1034 1550 1100 1583 924
1126 1561 1203 1593 sqq.
1226 1549 1277 1583 sic
1291 1569 1303 1575 -
1317 1550 1368 1582 sic
1382 1567 1395 1573 -
1407 1549 1458 1582 sic
1472 1567 1484 1573 -
1497 1547 1558 1582 sic.

455 1608 621 1649 Prono
635 1622 676 1648 m
690 1609 830 1648 inum
861 1607 1186 1662 anaphoram
1215 1607 1301 1660 legi
1330 1606 1435 1647 loeis
1467 1606 1551 1646 his:

432 1676 461 1709 v
479 1675 544 1709 162
561 1687 637 1719 sqq.
662 1676 721 1709 ale
735 1696 747 1701 -
761 1676 819 1709 iae
835 1695 847 1701 -
861 1675 919 1708 zue
933 1695 946 1701 -
959 1676 1007 1716 (et
1019 1694 1031 1700 -
1046 1678 1078 1708 et
1092 1694 1104 1701 -
1118 1676 1196 1718 que)
1212 1693 1225 1698 -
1238 1674 1304 1708 me.
1324 1675 1336 1717 ιι
1352 1674 1387 1707 11
1410 1673 1476 1707 589
1500 1685 1551 1717 sq.
1577 1674 1647 1707 tot·
1657 1674 1795 1707 tot-tot.
1807 1659 1820 1705 ΙΙ

339 1733 396 1767 ΙΙΙ
418 1732 463 1766 24
488 1735 563 1766 tot-
578 1736 628 1766 tot
643 1752 656 1758 -
670 1735 729 1766 tot.
748 1734 762 1775 11
789 1732 836 1766 IV
859 1731 927 1766 431
952 1743 1003 1775 sq.
1035 1734 1111 1765 tot·
1123 1732 1175 1764 tot
1187 1749 1199 1755 -
1213 1732 1272 1764 tot.
1290 1731 1303 1773 11
1330 1730 1347 1764 Ι
1371 1730 1414 1763 55
1438 1741 1488 1773 sq.
1520 1740 1610 1774 quae
1623 1748 1636 1754 —
1650 1740 1740 1774 quae
1753 1730 1820 1763 —in

344 1792 678 1832 quas-quantaque.
697 1790 710 1831 11
726 1788 778 1822 III
794 1789 837 1822 59
854 1799 931 1831 sqq.
951 1798 1042 1831 quae
1055 1806 1068 1812 -
1082 1798 1171 1830 quae
1185 1806 1197 1811 -
1210 1797 1301 1830 quae
1316 1807 1328 1812 -
1341 1797 1431 1829 quae
1446 1806 1458 1812 -
1472 1797 1561 1830 quae
1574 1806 1587 1812 -
1600 1786 1795 1830 (que-que).
1807 1785 1820 1831 Η

344 1845 388 1878 99
413 1857 465 1888 sq.
489 1844 552 1888 qui
565 1864 578 1870 —
591 1845 654 1887 qui
671 1863 682 1868 -
696 1854 880 1887 quamque.
900 1845 913 1886 ΙΙ
928 1844 975 1877 IV
989 1842 1053 1877 207
1071 1855 1123 1887 sq.
1148 1843 1210 1886 qui
1224 1862 1236 1867 -
1250 1843 1313 1886 qui
1325 1863 1338 1869 -
1364 1845 1443 1886 (que
1457 1862 1469 1868 -
1483 1845 1577 1886 que).
1595 1843 1608 1886 ΙΙ
1623 1843 1641 1876 Ι
1656 1842 1723 1876 508
1741 1853 1818 1885 sqq.

346 1905 430 1944 quot
444 1921 456 1927 -
470 1904 554 1944 quot
569 1919 582 1924 -
595 1901 757 1944 quotiens
772 1919 784 1924 -
807 1900 847 1933 in
881 1903 1063 1943 quantum.
1098 1900 1112 1942 ll
1155 1899 1207 1932 ΙΠ
1242 1898 1283 1932 67
1319 1910 1395 1942 sqq.
1432 1898 1665 1942 quodcunque
1682 1917 1694 1924 -
1708 1897 1819 1941 quod-

349 1968 489 2000 cunque
502 1976 515 1981 -
528 1967 686 1999 quaeque
700 1975 712 1980 -
726 1956 939 1999 quicunque.

460 2016 500 2055 A
509 2029 537 2055 n
548 2014 642 2069 aph
655 2027 677 2054 o
686 2027 705 2053 r
715 2027 740 2054 a
754 2027 776 2054 e
806 2027 833 2053 v
842 2027 864 2054 e
875 2013 953 2053 rbi
983 2026 1112 2053 unum
1144 2011 1314 2053 enotavi
1345 2011 1606 2066 exemplum:

435 2081 489 2115 III
514 2080 579 2114 507
614 2081 723 2114 stent
754 2079 990 2123 fundamenta
1021 2078 1086 2113 sub
1116 2078 1200 2122 imo,
1239 2078 1362 2112 Stent
1390 2078 1466 2111 veri
1493 2077 1674 2112 stellarum
1704 2076 1821 2111 obitus

352 2137 409 2182 (cf.
434 2138 558 2171 tamen
580 2136 730 2179 Bentl.);

349 2196 611 2246 itemvunum
641 2193 897 2234 adiectivi
929 2207 1036 2234 cum
1066 2191 1348 2246 negatione
1386 2191 1659 2231 coniuncti
1693 2203 1819 2230 ana-

387 2263 574 2303 horae:

350 2278 376 2318 p
440 2329 487 2363 IV
511 2328 554 2362 86
582 2327 684 2371 Quod
709 2327 840 2362 Decios
863 2337 944 2361 non
969 2337 1084 2360 omne
1108 2327 1199 2367 tulit,
1222 2336 1310 2360 non
1334 2328 1449 2361 omne
1475 2325 1652 2361 Camillos.

673 2451 1008 2506 Anastrophe
1038 2451 1507 2506 praepositionum.

463 2540 881 2596 Praepositionibus,
922 2541 958 2580 si
999 2540 1248 2581 coniunctae
1290 2544 1387 2580 sunt
1425 2554 1519 2581 cum
1557 2539 1821 2582 substantivo

355 2614 397 2650 et
426 2608 634 2650 adiectivo
664 2609 733 2649 vel
762 2608 1011 2663 pronomine
1042 2608 1111 2648 vel
1140 2608 1364 2662 participio
1405 2608 1457 2648 ab
1497 2608 1559 2649 eis
1596 2607 1822 2663 pendente,

353 2677 553 2718 Manilius
593 2690 720 2731 saepe
763 2677 901 2716 locum
938 2675 1048 2716 inter
1088 2675 1345 2716 adiectivum
1382 2677 1450 2716 vel
1486 2689 1718 2731 pronomen
1753 2675 1824 2716 vel

354 2744 624 2800 participium
677 2742 937 2798 praecedens
988 2747 1030 2784 et
1080 2743 1390 2784 substantivum
1439 2742 1652 2798 adsignat;
1704 2742 1822 2783 cuius

357 2813 525 2867 generis
557 2811 756 2866 exempla
785 2810 928 2852 adfero
960 2811 1094 2856 nulla.
1136 2825 1231 2851 cum
1268 2810 1379 2865 apud
1417 2824 1562 2850 omnes
1594 2810 1822 2866 szriptores
