1910 3250
421 421 574 469 Quibus
607 421 724 458 rebus
756 421 975 470 perspectis
1004 432 1117 469 quem
1143 421 1194 459 ad
1221 421 1319 460 artis
1346 421 1529 460 metricae
1557 420 1759 458 doctorem

318 500 404 525 eum
439 499 479 525 se
514 487 755 536 applicuisse
788 487 1033 526 manifestius
1069 492 1140 537 est,
1178 500 1292 536 quam
1327 489 1375 526 ad
1413 488 1613 535 Ovidium,
1647 497 1759 536 quem

317 555 514 592 Muellero
543 543 671 592 iudice
698 555 879 604 plerique
907 555 1174 603 posteriorum
1201 560 1407 605 poetarum
1434 560 1559 594 metro
1579 559 1758 594 accentu-

320 634 393 670 que
412 622 555 660 imitati
577 622 693 660 sunt?
726 621 866 670 Neque
888 623 990 660 euim
1009 627 1070 660 est
1085 623 1273 661 credibile
1290 635 1415 672 neque
1431 624 1513 661 ulla
1525 623 1681 661 ratione
1697 623 1760 661 de-

318 693 562 728 monstratur
589 690 691 727 hunc
718 690 767 727 ab
796 690 868 728 illo
897 690 1068 738 superbo
1097 690 1226 728 animo
1248 691 1367 728 fuisse
1387 691 1626 740 despectum,
1654 690 1760 739 quod

318 769 366 794 ex
397 756 533 795 Ovidii
559 757 672 794 Ibide
700 757 935 806 cognovisse
963 757 1041 795 sibi
1068 757 1175 795 visus
1204 760 1264 804 est
1283 757 1511 796 Merkelius.
1554 757 1676 796 Cuius
1703 758 1761 795 rei

320 837 419 873 quae
447 825 515 862 ille
542 824 680 861 attulit
707 823 856 862 indicia
882 825 945 862 vel
973 829 1215 873 argumenta,
1242 826 1366 862 multo
1395 825 1556 874 longius
1584 828 1676 862 sunt
1703 836 1762 862 re-

318 892 458 941 petita,
487 903 602 940 quam
629 891 770 939 quibus
799 892 916 930 nobis
944 892 1180 940 persuadeat
1206 892 1476 930 intercessisse
1498 891 1645 930 Ovidio
1676 902 1763 930 cum

318 959 631 998 Astronomicon
659 963 834 1007 auctore,
862 959 930 1008 qui
957 959 1041 997 Ibis
1068 964 1290 1008 vocaretur,
1319 959 1573 1008 gravissimas
1595 958 1763 997 inimici-

320 1028 396 1065 tias
425 1029 465 1065 et
491 1027 723 1065 simultates.
775 1028 836 1065 At
862 1028 986 1065 multo
1016 1027 1170 1065 facilius
1198 1031 1270 1076 est,
1304 1027 1409 1076 quod
1437 1026 1607 1075 posthac
1634 1026 1764 1076 palam

323 1095 399 1143 fiet,
434 1094 621 1133 Ovidium
648 1095 775 1144 ipsum
803 1095 987 1144 probare,
1017 1095 1195 1143 quisquis
1222 1094 1508 1134 Astronomica
1535 1106 1763 1144 composue-

320 1163 387 1211 rit,
422 1163 458 1200 ei
491 1163 722 1212 praebuisse
757 1163 978 1212 exemplum
1012 1174 1092 1200 non
1122 1163 1247 1212 magis
1276 1162 1459 1200 metricae
1488 1173 1603 1210 quam
1629 1162 1763 1201 adula-

321 1230 448 1269 toriae
482 1231 593 1279 artis,
628 1231 737 1268 cuius
771 1242 844 1268 nos
878 1230 1163 1279 propemodum
1197 1230 1309 1279 piget
1346 1242 1425 1267 non
1453 1234 1535 1268 tam
1561 1230 1602 1268 in
1628 1230 1764 1268 Fastis

323 1310 437 1346 quam
471 1299 512 1335 in
549 1298 740 1335 Tristium
774 1297 889 1335 libris
925 1298 1186 1347 epistolisque
1222 1309 1241 1335 e
1275 1298 1410 1336 Ponto
1445 1298 1587 1336 missis.
1646 1297 1765 1336 Unde

323 1366 479 1415 quando
515 1366 671 1414 quidem
700 1377 816 1403 sanae
844 1365 986 1403 mentis
1014 1365 1091 1403 erit
1118 1365 1364 1414 concludere,
1398 1365 1683 1404 Astronomica
1707 1365 1765 1403 iu-

322 1439 437 1483 cepta
465 1445 550 1472 esse
578 1446 659 1471 non
687 1436 778 1472 ante
809 1445 923 1481 quam
948 1432 1147 1470 Ovidiana
1173 1433 1245 1470 illa
1272 1445 1394 1482 opera
1421 1434 1525 1471 inter
1551 1433 1766 1471 familiares

322 1503 554 1550 ceterosque
582 1505 724 1551 poetae
753 1501 956 1538 studiosos
982 1501 1220 1549 pervulgata
1248 1504 1391 1550 essent,
1426 1512 1561 1539 rursus
1589 1500 1660 1539 illa
1686 1511 1766 1538 cer-

322 1570 374 1607 tis
402 1570 634 1619 imperantis
663 1569 816 1607 Tiberii
845 1569 959 1606 annis
989 1568 1292 1617 assignabimus.

423 1637 550 1685 Quam
577 1637 627 1674 ad
654 1649 735 1674 rem
762 1636 992 1686 priusquam
1018 1639 1227 1684 transeam,
1256 1648 1371 1684 nunc,
1402 1635 1495 1684 quia
1519 1635 1561 1672 in
1580 1635 1767 1674 Manilia-

323 1717 416 1743 num
441 1705 599 1743 dicendi
626 1715 750 1753 genus
778 1703 1027 1752 inquirimus,
1060 1714 1222 1752 possum
1248 1703 1435 1753 persequi
1461 1706 1605 1752 poetae
1632 1707 1767 1741 aucto-

323 1784 399 1822 res,
435 1773 503 1821 qui
538 1783 616 1821 quo
650 1774 828 1820 tempore
859 1771 1068 1809 floruerint
1096 1771 1258 1809 simulac
1279 1771 1384 1809 'satis
1412 1774 1654 1820 compertum
1679 1771 1769 1820 erit,

323 1841 453 1890 ipsum
487 1851 578 1878 suos
615 1839 664 1877 ad
699 1851 825 1877 annos
860 1850 1096 1878 revocemus,
1152 1838 1348 1886 Quoniam
1381 1843 1511 1878 autem
1542 1851 1623 1877 non
1649 1838 1768 1877 modo

323 1908 492 1957 primum
526 1907 710 1945 carminis
744 1907 890 1944 librum
924 1910 1016 1956 post
1050 1906 1199 1944 cladem
1236 1906 1465 1956 Varianam,
1498 1908 1595 1956 post
1624 1917 1770 1945 annum

325 1975 450 2025 igitur
467 1975 520 2013 U.
549 1976 620 2014 762
650 1975 841 2024 scriptum
867 1986 951 2012 esse
981 1986 1029 2012 ex
1057 1974 1145 2023 ipso
1173 1980 1354 2023 apparet,
1382 1974 1452 2012 sed
1470 1975 1597 2013 totum
1615 1985 1770 2013 carmen

325 2042 486 2082 ineunte
522 2042 674 2080 Tiberii
716 2043 946 2092 principatu
990 2042 1210 2079 confectum
1243 2053 1339 2087 esse,
1383 2041 1770 2090 quocunque-modo

325 2112 453 2150 adhuc
484 2115 677 2161 poteram,
712 2110 994 2157 demonstravi,
1028 2109 1198 2159 primum
1233 2109 1283 2146 ad
1317 2109 1628 2158 percontandam
1659 2121 1770 2148 accu—

327 2180 452 2218 ratius
492 2179 810 2218 Astronomicon
852 2182 1021 2216 aetatem
1060 2177 1160 2215 nihil
1200 2177 1382 2226 expedit,
1427 2176 1533 2226 quod
1573 2177 1689 2215 nobis
1729 2177 1768 2214 in

327 2250 515 2296 promptu
550 2250 609 2284 est
642 2246 781 2296 ingens
817 2246 1053 2284 indiciorum
1082 2245 1210 2294 copia,
1246 2256 1322 2293 qua
1348 2244 1559 2282 Manilium
1585 2243 1771 2283 maximo-

326 2327 421 2366 pere
456 2327 476 2353 e
503 2314 683 2352 Lucretii
710 2314 839 2363 libris,
874 2314 942 2362 qui
970 2316 1062 2351 sunt
1087 2313 1136 2350 de
1164 2325 1293 2350 rerum
1320 2316 1472 2362 natura,
1506 2313 1623 2351 modo
1650 2312 1771 2363 leges,

329 2383 472 2431 quibus
514 2382 618 2420 inter
658 2381 972 2431 componendum
1012 2381 1323 2429 obtemperaret,
1367 2380 1483 2418 modo
1526 2380 1772 2419 elocutiones

327 2450 527 2488 derivasse
559 2461 781 2498 coarguam.
834 2448 938 2486 Nam
965 2449 1030 2486 hic
1056 2448 1326 2486 Romanorum
1351 2451 1560 2497 poetarum
1586 2448 1772 2498 princeps

328 2517 405 2556 iam
438 2530 474 2555 a.
502 2517 552 2555 U.
588 2518 661 2556 699
695 2517 779 2554 vita
811 2516 992 2554 decessit.
1045 2515 1200 2553 Deinde
1236 2515 1369 2553 futilia
1397 2518 1490 2554 sunt
1515 2519 1555 2554 et
1579 2516 1656 2554 hoc
1682 2516 1772 2554 loco

329 2585 371 2622 in
399 2596 550 2623 cassum
576 2585 818 2631 relabantur,
846 2584 1144 2632 quibuscunque
1173 2583 1378 2632 splendide
1407 2585 1620 2633 probamus
1638 2587 1772 2634 partes

330 2663 447 2702 agere
474 2653 516 2690 in
542 2652 839 2691 Astronomicis
867 2651 986 2690 etiam
1013 2651 1248 2699 Varronem,
1280 2651 1517 2700 Vergilium,
1544 2650 1773 2701 Horatium,

331 2719 446 2768 alios,
475 2721 508 2759 si
537 2719 693 2769 quidem
720 2724 811 2758 ante
840 2721 912 2759 762
940 2718 1036 2757 clari
1058 2719 1177 2756 fuere.
1218 2719 1318 2757 Item
1340 2730 1433 2757 cave
1453 2730 1600 2768 quaeso
1617 2729 1774 2768 poscas,

331 2793 375 2828 ut
402 2793 442 2828 et
465 2789 680 2829 mediocria
702 2787 859 2838 Nigidii
879 2788 1098 2837 fragmenta
1120 2799 1143 2824 a
1160 2786 1355 2825 Mel-kelio
1384 2786 1476 2832 (Ov.
1497 2785 1606 2826 Fast.
1626 2798 1665 2838 p.
1686 2785 1774 2836 185)
