1936 3392
1091 280 1143 321 72

412 422 508 462 haec
556 421 717 462 scribit:
784 425 821 462 oi
861 424 1048 463 Στωικοί
1083 437 1210 474 φασιν
1247 425 1290 464 ἐκ
1327 429 1398 477 τῆς
1431 433 1506 477 γῆς
1541 428 1617 478 τὴν
1653 426 1813 480 ἔξωθξν

411 499 608 548 γίνεσθαι
665 504 831 552 πρῶτον
882 504 1140 554 περιφοράν.
1198 502 1285 541 ἐπεὶ
1335 503 1414 555 γὰρ
1464 507 1488 555 ἡ
1538 507 1587 554 γῆ
1639 502 1815 555 κέντρου

413 575 534 623 τάξιν
569 575 675 631 ἔχω,
711 578 846 630 ὥσπερ
881 577 963 617 ἀπὸ
999 575 1175 630 κέντρου
1211 577 1361 626 κύκλος
1395 581 1590 630 γίνεται,
1615 581 1723 620 οὑτω
1745 581 1815 619 καὶ

410 654 497 693 (ἐπὸ
532 658 602 705 τῆς·
633 662 707 707 γῆς
742 656 849 702 εἷκὸς
884 654 964 702 ἔξω
1000 654 1269 708 περιφέρειαν
1304 655 1549 706 γεγονέναι.

475 732 683 773 Interdum
732 738 865 772 tamen
917 736 1031 786 poeta
1081 747 1170 773 cum
1221 733 1366 774 Stoicis
1414 748 1495 774 non
1535 734 1630 775 facit
1713 733 1816 774 Nam

411 809 519 862 quod
577 809 746 851 affirmat
803 809 999 850 mundum
1060 810 1230 851 eundem
1285 825 1441 866 semper
1492 811 1576 852 fore
1625 811 1816 865 quoniam

407 900 562 940 semper
608 886 729 927 fuerit
776 885 906 934 idem,
955 891 996 926 et
1043 886 1162 927 deum
1212 902 1296 928 esse
1335 889 1520 941 quinon
1558 892 1739 928 mutetur
1770 888 1814 928 in

407 977 527 1014 aevo,
562 964 728 1018 eiusque
761 964 927 1004 formam
960 968 1160 1005 aeternam
1195 964 1347 1018 esse,¹)
1383 980 1463 1005 non
1503 965 1689 1019 congruit
1723 979 1814 1006 cum

409 1039 569 1081 illorum
604 1041 813 1082 doctrina:
856 1045 1052 1095 φθαρτὸν
1088 1037 1196 1083 εἶναι
1234 1042 1307 1083 τὸν
1342 1042 1551 1097 κόσμον.2)
1617 1045 1672 1084 At
1694 1043 1816 1083 etiam

410 1117 448 1158 in
501 1118 575 1167 iis,
626 1133 729 1173 quae
768 1119 815 1159 de
849 1119 1002 1173 origine
1041 1119 1185 1160 mundi
1219 1119 1358 1159 docuit
1390 1133 1471 1160 non
1505 1119 1692 1174 congruit
1717 1132 1815 1164 ‚cum

409 1194 576 1235 Zenonis
627 1195 835 1250 discipulis
861 1227 871 1244 ,
922 1202 967 1236 ut
1015 1212 1036 1236 e
1084 1195 1215 1237 verbis
1262 1210 1382 1251 supra
1431 1195 1606 1237 laudatis
1653 1200 1816 1251 apparet

409 1271 584 1314 abunde.
666 1272 775 1324 Quin
841 1275 945 1324 imo,
1000 1287 1246 1327 quamquam
1300 1273 1518 1328 Epicureos
1572 1274 1813 1329 impugnat,

410 1355 541 1390 tamen
592 1350 795 1391 interdum
844 1351 894 1391 ad
943 1365 1009 1391 eos
1059 1351 1182 1405 magis
1217 1350 1372 1391 accedit
1403 1365 1524 1404 quam
1557 1351 1608 1392 ad
1641 1350 1813 1392 Stoicos.

408 1427 594 1481 Epicurei
630 1428 738 1468 enim
771 1428 821 1468 de
853 1427 996 1478 rebus,
1031 1443 1134 1482 quae
1167 1429 1209 1468 in
1243 1443 1382 1469 sensus
1415 1443 1494 1468 non
1516 1428 1689 1478 cadunt,
1713 1427 1816 1469 vari-

409 1520 451 1544 as
499 1504 756 1558 diversasque
801 1506 1013 1560 opiniones
1047 1521 1159 1560 posse
1193 1521 1303 1546 veras
1335 1521 1420 1547 esse
1453 1509 1494 1546 et
1526 1505 1730 1546 hominem
1763 1505 1811 1546 de

411 1581 458 1622 iis
511 1587 663 1622 certum
718 1583 817 1635 quid
871 1582 1038 1623 definire
1097 1598 1173 1623 non
1228 1598 1342 1638 posse
1390 1582 1636 1624 statuebant.
1717 1582 1812 1623 Non

409 1659 525 1699 aliter
557 1663 704 1700 noster.
772 1660 837 1700 Sic
877 1659 926 1700 de
970 1660 1125 1714 origine
1158 1660 1299 1700 mundi
1333 1657 1607 1714 compluribus
1638 1659 1814 1714 philoso-

410 1737 581 1792 phorum
616 1737 775 1792 placitis
808 1738 946 1778 relatis
979 1738 1036 1778 ait
1069 1738 1116 1778 de
1151 1738 1224 1779 hac
1257 1752 1297 1778 re
1330 1737 1432 1778 nihil
1465 1737 1650 1778 affirmari
1673 1751 1811 1791 posse,

410 1815 602 1868 quoniam
635 1819 798 1870 captum
832 1815 1121 1869 hominumque
1155 1816 1355 1868 deumque
1388 1819 1561 1870 superet.
1587 1815 1616 1868 ³)

471 1894 662 1933 Attamen
696 1907 775 1933 non
810 1892 930 1933 nimis
962 1892 1038 1933 sibi
1071 1897 1230 1934 constat
1262 1898 1402 1948 poeta,
1439 1908 1528 1933 nam
1552 1891 1812 1946 sequentibus

410 1969 590 2009 versibus
623 1975 776 2010 certum
812 1985 892 2024 quo
926 1971 1127 2024 digestum
1161 1975 1222 2011 est
1243 1970 1424 2010 ordinem
1448 1984 1592 2024 corpus
1615 1969 1758 2010 mundi
1783 1969 1811 2023 ⁴)

409 2046 637 2088 describens
686 2048 771 2102 ipse
816 2048 942 2096 „facit
975 2048 1093 2088 deum
1128 2062 1198 2102 per
1231 2053 1423 2101 quattuor
1456 2053 1565 2088 artus
1599 2052 1639 2088 et
1671 2046 1813 2088 mundi

407 2125 528 2165 struit
575 2123 738 2178 globum
752 2123 791 2174 ,'’
814 2126 845 2179 ⁵)
899 2139 990 2166 cum
1040 2140 1119 2166 non
1154 2124 1352 2166 describat
1389 2124 1487 2179 quid
1521 2125 1596 2174 sit,
1630 2124 1699 2164 sed
1732 2138 1811 2178 quo

408 2201 526 2242 modo
565 2202 716 2242 factum
749 2202 816 2243 sit.
882 2202 993 2243 Num
1027 2203 1256 2257 „permixta
1289 2202 1407 2243 chaos
1441 2216 1572 2242 rerum
1595 2201 1813 2256 primordia

408 2357 454 2385 sic
480 2357 612 2386 muudus
636 2359 669 2386 et
694 2357 763 2394 ipsc
789 2358 817 2386 in
835 2367 970 2387 convexa
991 2358 1099 2387 volans
1118 2359 1239 2387 teretes
1256 2358 1336 2387 facit
1354 2367 1420 2387 esse
1439 2358 1584 2393 figuras'·,
1602 2357 1707 2388 omnia
1724 2359 1811 2388 recta

408 2419 492 2448 sunt.
542 2418 641 2447 Verba
678 2426 756 2454 quae
782 2419 873 2447 sunt:
913 2418 1010 2453 „haee
1036 2420 1084 2447 est
1110 2419 1242 2447 naturae
1268 2418 1386 2447 facies''
1414 2419 1476 2446 tum
1503 2417 1687 2454 significant
1711 2417 1811 2446 oculis

408 2477 487 2514 ipsis
523 2486 675 2515 apparere
712 2478 862 2506 naturae.
900 2477 931 2506 id
958 2479 1007 2506 est
1033 2477 1136 2506 mundi
1172 2477 1301 2506 formam
1328 2485 1395 2506 esse
1422 2476 1599 2506 rotundam.
1647 2476 1678 2506 Si
1704 2477 1809 2506 autem

407 2544 514 2565 versus
538 2544 574 2565 eo
598 2535 687 2571 legas
712 2535 822 2564 ordine
848 2543 907 2571 quo
932 2536 1006 2564 sunt
1032 2535 1062 2564 in
1083 2535 1262 2564 codicibus*
1289 2535 1542 2564 coniunctionem
1569 2535 1658 2563 etiam
1683 2534 1810 2563 voltalc

408 2596 480 2632 quid
506 2596 615 2625 deesse
641 2595 671 2624 in
698 2595 785 2624 hisee
810 2603 964 2631 agnoscas
990 2603 1118 2624 necesse
1143 2596 1202 2624 est.

452 2653 474 2687 ’ἱ
523 2656 557 2685 1.
583 2655 667 2685 521.
692 2655 776 2684 5223.
803 2655 875 2684 211.

451 2713 475 2746 ἦ
525 2715 613 2750 lJiog.
642 2715 672 2743 L.
699 2715 771 2743 vll.
802 2715 870 2743 141.

448 2774 474 2806 ³)
523 2775 556 2807 1,
585 2774 764 2803 1227-147.

451 2832 474 2867 ἣ
523 2835 555 2867 1,
582 2842 625 2862 vs.
655 2834 722 2862 118.

450 2892 473 2927 ⁵)
525 2893 571 2923 Vs.
600 2894 668 2923 138.
