1936 3392
879 268 935 308 85

189 422 294 460 tates
326 417 470 473 parvi,
504 416 689 458 animum
730 429 923 471 magnum
964 414 1105 470 magni
1139 413 1329 456 faciebat.
1397 413 1507 455 Audi
1542 428 1623 468 quo

188 496 308 539 modo
362 495 577 547 lectorem,
628 509 773 550 quem,
826 493 954 537 studii
990 491 1301 535 difficultatibus
1333 492 1622 544 absterritum,

185 575 348 619 animus
381 575 551 617 deficere
584 574 744 631 coepit,
778 573 1027 629 alloquatur,
1060 571 1136 624 IV,
1173 573 1259 614 387
1296 586 1437 629 seqq.:

249 654 458 705 Multum,
492 653 656 709 inquis,
690 657 941 708 tenuemque
974 651 1092 695 iubes
1126 667 1190 693 me
1223 652 1326 694 ferre
1356 650 1562 704 laborem,

247 747 387 786 rursus
420 736 462 774 et
494 733 539 774 in
572 747 722 788 magna
754 731 905 788 mergis
937 731 1116 787 caligine
1151 734 1354 782 mentem,

246 827 410 854 cernere
441 826 533 853 cum
566 811 680 854 facili
712 792 847 853 lucem
879 811 1039 853 ratione
1073 810 1244 852 viderer.
1281 835 1339 843 —-

247 891 369 945 Quod
404 892 586 947 quaeris,
622 891 722 933 deus
757 895 842 942 est3
878 881 1038 933 conaris
1073 890 1268 933 scandere
1302 891 1458 932 caelum

245 971 410 1026 fataque
443 970 558 1012 fatali
593 971 757 1027 genitus
791 985 1035 1026 cognoscere
1069 969 1186 1025 lege,

245 1055 287 1091 et
317 1051 490 1092 transire
523 1054 643 1092 tuum
676 1055 844 1106 pectus,
879 1049 1117 1105 mundoque
1150 1050 1291 1106 potiri.

242 1129 322 1184 Pro
355 1130 487 1186 pretio
519 1129 636 1172 labor
668 1134 730 1171 est
741 1147 752 1181 3
788 1145 864 1172 nec
898 1133 997 1171 sunt
1030 1129 1234 1171 immunia
1266 1133 1395 1171 tanta.

242 1208 331 1250 Nec
365 1209 508 1251 mirere
540 1210 630 1251 viae
663 1210 815 1260 flexus,
851 1223 1070 1264 rerumque
1104 1212 1295 1260 catenas,

243 1288 408 1331 admitti
442 1289 624 1345 potuisse
658 1292 722 1331 sat
755 1293 829 1331 est.
896 1288 990 1331 Sint
1023 1293 1158 1331 cetera
1189 1293 1346 1332 nostra.

246 1370 303 1409 At
334 1366 414 1409 nisi
448 1368 639 1424 perfossis
673 1367 807 1423 fugiet
839 1371 881 1409 te
916 1366 1125 1409 montibus
1159 1382 1331 1419 aurum,

244 1445 510 1503 obstabitque
543 1448 628 1489 suis
661 1447 809 1504 opibus
842 1446 1108 1503 superaddita
1140 1446 1280 1489 tellus.

244 1525 302 1567 Ut
335 1527 502 1568 veniant
536 1542 746 1582 gemmae,
781 1531 895 1569 totus
929 1525 1177 1569 transibitur
1208 1526 1346 1578 orbis,

242 1621 316 1647 nec
349 1598 534 1662 lapidum
568 1606 701 1663 pretio
734 1605 906 1663 pelagus
939 1606 1096 1663 cepisse
1129 1605 1319 1663 pigebit?

242 1684 395 1726 Annua
425 1684 593 1726 solliciti
627 1688 915 1727 consummant
949 1688 1043 1727 vota
1075 1683 1238 1727 coloni:

239 1767 281 1805 et
314 1768 494 1819 quantae
529 1764 724 1806 mercedis
759 1767 880 1806 erunt
914 1763 1077 1806 fallacia
1109 1764 1240 1806 rura?>

239 1842 494 1896 Quaeremus
528 1844 688 1886 lucrum
723 1844 846 1896 navi,
882 1843 1143 1900 Martemque
1175 1859 1398 1900 sequemur

239 1923 284 1964 in
314 1923 517 1978 praedas?
582 1923 745 1965 Pudeat
777 1927 894 1965 tanto
928 1916 1036 1966 bona
1067 1923 1174 1966 velle
1206 1924 1384 1966 caduca!

238 2001 446 2043 Luxuriae
482 2017 648 2059 quoque
683 2003 835 2044 militia
869 2009 954 2054 est,
988 2003 1221 2059 vigilatque
1254 2003 1385 2045 ruinis

240 2086 402 2123 venter:
439 2086 504 2132 et,
540 2088 588 2123 ut
621 2088 812 2137 pereant,
848 2082 1058 2138 suspirant
1090 2097 1211 2139 saepe
1243 2086 1429 2139 nepotes,

239 2159 353 2211 Quid
402 2161 514 2202 caelo
554 2160 775 2203 dabimus?
810 2165 1013 2217 quantum
1047 2166 1133 2213 est,
1168 2177 1251 2218 quo
1284 2166 1431 2204 veneat
1463 2163 1614 2204 omne?

239 2239 550 2295 Impendendus
583 2241 706 2282 homo
740 2246 825 2293 est,
862 2242 964 2283 deus
995 2257 1082 2283 esse
1114 2246 1164 2284 ut
1195 2242 1327 2298 possit
1359 2242 1402 2283 in
1435 2242 1539 2298 ipso.

239 2318 402 2361 Natura
450 2319 650 2362 Manilius
700 2326 787 2362 erat
819 2321 963 2372 homo,
1016 2323 1087 2377 qui
1121 2336 1256 2364 rerum
1290 2321 1610 2377 aequalitatem,

174 2398 473 2451 constantiam,
529 2399 715 2441 ordinem
766 2400 885 2442 facile
934 2401 1162 2457 perciperet
1208 2405 1335 2457 atque
1385 2406 1612 2456 quaereret.

171 2478 276 2520 Inde
309 2479 462 2521 factum
496 2485 559 2522 est
592 2485 639 2522 ut
670 2482 795 2523 toties
829 2482 879 2541 de
912 2482 1131 2532 methodo,
1177 2497 1281 2539 quae
1314 2483 1525 2537 sequenda
1557 2482 1613 2525 sit

171 2558 215 2600 in
246 2558 368 2608 rebus
400 2559 646 2611 tractandis,
681 2575 812 2603 sermo
845 2562 899 2603 sit
933 2562 1042 2619 apud
1076 2577 1170 2604 eum
1199 2562 1242 2618 ¹).
1307 2561 1464 2605 Locum
1497 2568 1612 2606 nota-

173 2636 321 2689 bilem,
358 2638 432 2693 qui
463 2639 542 2681 hoc
573 2643 775 2691 testetur,
811 2656 941 2683 unum
975 2643 1163 2683 afferam:
1198 2641 1270 2692 II,
1308 2642 1420 2684 755:

234 2716 294 2758 Ut
327 2717 498 2760 rudibus
530 2720 667 2775 pueris
698 2725 954 2763 monstratur
985 2721 1125 2763 littera
1156 2722 1335 2778 primum

218 2951 242 2989 ¹)
291 2955 323 2990 1,
352 2955 430 2990 117,
456 2957 538 2988 805:
565 2958 630 2993 111,
658 2958 718 2988 185
745 2959 779 2988 et
804 2958 896 2988 alibi.
