1930 3320
126 398 311 446 Quorum
331 396 376 436 in
397 395 529 436 altero
548 395 641 436 loco
661 395 672 418 ¹
690 396 948 448 piscatorum
969 394 1134 436 labores
1157 406 1410 448 omnemque
1430 392 1576 434 indus-

24 467 26 469 ’
67 463 197 504 triam
218 462 433 516 depingit:
457 473 563 514 quos
581 460 763 514 primum
786 461 930 501 scribit

603 568 762 604 extentis
785 569 959 612 laqueare
978 568 1215 616 profundum

260 622 432 667 Retibus,
451 623 490 658 et
504 625 661 668 pontum
680 622 807 658 vinclis
829 633 972 659 armore
992 622 1203 668 furentem3

258 677 305 714 Et
322 675 425 712 velut
443 674 482 711 in
503 676 588 711 laxo
610 686 762 712 securas
783 686 936 723 aequore
954 676 1096 723 phocas

260 729 488 768 Carceribus
507 729 691 765 claudent
709 729 805 765 raris
825 731 863 765 et
884 729 1070 777 compede
1090 731 1264 774 nectent;

257 784 515 830 Incautosque
536 783 692 818 trahent
708 783 948 819 macularum
967 782 1122 819 nomine
1144 783 1309 828 thynnos
1326 793 1342 821 τ

259 837 336 873 Nec
355 835 498 883 cepisse
515 838 573 872 sat
593 839 668 881 est;
696 837 892 872 luctantur
911 847 1071 883 corpora
1090 835 1216 881 nodis,

258 890 536 936 Empectantque
555 900 667 926 novas
687 892 796 934 acies,
818 890 999 937 ferroque
1019 891 1220 934 necantur,

259 943 507 991 Inficiturque
531 954 595 980 suo
611 943 825 990 permixtus
844 943 1034 991 sanguine
1051 945 1204 990 pontus.

62 1043 144 1084 Hic
163 1056 263 1085 vero
284 1057 423 1097 operae
445 1044 626 1097 pretium
655 1048 716 1084 est
741 1044 901 1093 audire,
926 1056 1053 1096 quam
1080 1043 1193 1083 varie
1219 1042 1332 1096 capti
1353 1034 1574 1096 necatique

68 1109 203 1163 pisces
242 1112 496 1158 tractentur3
528 1109 572 1148 in
604 1109 834 1162 primisque
871 1122 956 1162 qua
994 1109 1158 1149 ratione
1196 1108 1573 1150 celebratissimum

63 1174 173 1215 illud
193 1175 412 1216 Sociorum
435 1187 585 1226 garum
605 1174 680 1214 fiat
703 1186 712 1214 z

256 1282 388 1319 Altera
405 1285 447 1329 fit
467 1282 576 1318 caedis
593 1282 709 1318 caedes
729 1291 742 1317 .-
760 1281 986 1317 scinduntur
1011 1281 1050 1317 in
1069 1284 1174 1318 artus

257 1337 439 1382 Corpora,
461 1337 500 1371 et
517 1346 562 1370 eae
579 1345 649 1370 uno
669 1335 795 1371 varius
814 1334 1044 1371 describitur
1061 1346 1166 1371 usus.

257 1388 324 1425 Illa
339 1387 441 1424 datis
461 1387 598 1423 melior
613 1386 747 1431 succis,
768 1398 856 1433 pars
879 1387 943 1423 illa
962 1388 1141 1431 retentis;

258 1441 351 1477 Hinc
372 1441 498 1476 sanies
518 1440 686 1487 pretiosa
703 1440 802 1485 fluit,
819 1442 1014 1487 floremque
1035 1442 1173 1477 cruoris

257 1494 420 1538 Evomit,
445 1496 483 1530 et
501 1493 620 1530 mixto
641 1496 794 1541 gustum
814 1495 891 1530 sale
914 1497 1106 1542 temperat
1125 1495 1212 1531 oris.

257 1547 325 1583 Illa
345 1546 468 1594 putris
491 1547 602 1583 turha
623 1550 692 1591 est,
714 1551 861 1594 strages
881 1547 1130 1583 confunditur
1146 1546 1284 1593 omnis,

254 1602 519 1646 Permisceique
537 1611 623 1636 suas
643 1601 787 1636 alterna
807 1603 846 1636 in
868 1601 1002 1636 domna
1021 1603 1176 1647 stauros,

257 1653 558 1699 Communemque
577 1655 666 1689 cibis
687 1664 793 1689 usum
813 1664 1030 1699 succumque
1050 1656 1251 1691 ministrat.

253 1708 300 1742 At
319 1717 406 1742 cum
427 1707 592 1743 caeruleo
614 1707 718 1742 stetit
742 1706 830 1753 ipsa
849 1707 1039 1743 simillima
1052 1711 1165 1753 ponto

253 1759 551 1808 squamigerum
575 1760 709 1804 nubes,
728 1760 919 1807 turbaque
941 1760 1151 1796 immobilis
1170 1760 1305 1805 haeret,

253 1813 450 1860 Excipitur
465 1815 571 1848 vasta
587 1813 872 1849 circumvallata
893 1824 1049 1860 sagena,

254 1867 508 1914 Ingentesque
526 1867 631 1902 lacus
650 1869 688 1902 et
706 1867 840 1903 Bacchi
862 1867 979 1903 dobia
1000 1868 1179 1914 complet,

253 1921 497 1963 Humor-isque
515 1923 626 1955 vomit
643 1921 758 1956 socias
776 1931 845 1966 per
858 1923 987 1956 mutua
1008 1921 1121 1965 dotes,

255 1973 301 2008 Et
317 1972 400 2008 fluit
418 1973 458 2008 in
479 1973 641 2019 liquidas
662 1973 771 2009 tabes
792 1974 959 2010 resoluta
979 1975 1186 2010 medullas.

61 2073 149 2114 Nec
169 2085 194 2113 a
214 2073 449 2125 piscatoriis
476 2074 636 2113 artibus
663 2074 892 2114 salinarum
920 2075 1116 2114 tractatio
1144 2078 1206 2115 est
1231 2073 1492 2127 sejungenda
1515 2074 1529 2096 2
1556 2085 1567 2115 :

62 2138 294 2179 succedunt
313 2138 442 2189 igitur
461 2138 535 2190 qui
552 2138 697 2178 eodem
719 2139 853 2178 sidere
874 2139 961 2178 nati
984 2144 1162 2191 possunt

255 2246 303 2280 Et
318 2247 476 2290 pontum
492 2255 646 2291 coquere
667 2248 705 2280 et
724 2245 832 2291 ponti
853 2256 1053 2282 secernere
1073 2245 1188 2289 virus,

255 2297 350 2334 Cum
376 2297 542 2333 solidum
563 2299 666 2334 certo
689 2298 911 2335 distendunt
929 2298 1106 2346 margine
1126 2310 1309 2347 campum

253 2351 538 2398 Appelluntque
560 2362 628 2386 suo
649 2351 855 2388 deductum
874 2364 916 2388 ex
938 2363 1092 2399 aequore
1109 2353 1286 2398 fluctum,

253 2403 535 2448 claudendoque
555 2408 691 2449 remant
709 2417 723 2441 .·
744 2409 826 2441 tum
847 2405 1032 2442 damnum
1053 2406 1210 2453 suscipit
1230 2406 1334 2442 unda

251 2456 374 2502 Aeris,
395 2459 433 2493 et
451 2456 574 2503 posito
592 2468 662 2504 per
677 2458 798 2493 solem
818 2458 979 2494 humore
998 2458 1161 2495 nitescit.

255 2508 483 2557 Congeritur
504 2510 645 2547 siccum
667 2511 842 2559 pelagus,
862 2513 1066 2558 mensisque
1086 2511 1265 2558 profundi

255 2562 416 2599 Canities
436 2566 571 2600 semota
590 2566 702 2601 maris
709 2575 724 2608 ;
744 2575 954 2611 spumaeque
975 2567 1132 2611 riyentis

254 2616 419 2662 Ingentes
438 2618 581 2661 faciunt
603 2619 760 2655 tumulos
767 2630 781 2660 ‚·
796 2620 995 2665 pelagique
1014 2630 1205 2662 venenum,

255 2667 338 2710 Quo
359 2669 457 2715 perit
477 2681 566 2706 usus
587 2682 696 2719 aquae
719 2683 830 2709 succo
854 2675 1056 2720 corruptus
1081 2683 1230 2719 amaro,

264 2721 379 2759 vitali
397 2724 472 2760 sale
489 2728 716 2770 permutant,
738 2725 977 2773 redduntque
999 2726 1208 2763 salubrem.

105 2840 140 2872 1.
159 2838 267 2882 Man„
287 2841 440 2882 Astron„
462 2844 503 2883 V,
524 2845 661 2878 660-682

105 2886 138 2919 2.
155 2886 222 2928 Id.,
242 2886 339 2927 ibid„
359 2890 401 2930 V,
419 2890 570 2924 683-693.
