1930 3320
393 379 508 416 Nunc
527 376 651 416 variae
672 373 914 426 pilariorum
936 377 1043 413 artes
1066 386 1074 413 :

577 473 642 508 Ille
662 472 778 518 pilam
797 472 908 507 celeri
923 472 1132 518 fugientem
1147 472 1304 508 reddere
1323 473 1464 519 planta,

574 525 618 559 Et
637 524 793 570 pedibus
814 535 973 570 pensare
994 535 1141 567 manus,
1163 526 1200 559 et
1214 524 1344 560 ludere
1364 525 1467 568 folle,

574 576 845 622 Mobilibusque
871 577 962 612 citos
982 576 1076 612 ictus
1099 577 1307 624 glomerare
1325 577 1472 612 lacertis
1497 588 1505 612 ε

574 629 638 664 Ille
661 631 791 674 potens
810 629 921 664 turba
940 628 1164 675 perfundere
1184 629 1356 664 membra
1372 628 1555 674 pilarum,

575 682 644 716 Per
660 682 857 726 totumque
879 691 991 727 vagas
1011 691 1142 726 eorpus
1159 680 1355 726 disponere
1378 681 1539 726 palmas,

577 733 623 768 Ut
642 735 769 768 teneat
787 734 911 768 tantos
930 732 1039 767 orbes
1061 731 1205 778 sibique
1225 731 1305 777 ipse
1325 731 1485 776 reludat,

577 785 622 820 Et
636 785 737 820 velut
754 784 907 820 edoctos
923 784 1056 830 jubeat
1077 783 1231 819 volitare
1251 793 1318 830 per
1335 783 1458 830 ipsum
1481 785 1508 818 ¹.

391 882 465 922 Hic
483 894 580 922 vero
602 882 786 921 ebriosus
809 894 817 920 :

580 979 837 1025 Gaudebitque
857 990 961 1014 mero
982 981 1200 1026 mergetque
1222 978 1259 1013 in
1278 977 1412 1024 pocula
1430 979 1599 1013 mentem
1620 978 1648 1014 ².

391 1079 463 1119 Hic
484 1078 632 1119 auditis
650 1082 873 1130 occupatus
893 1077 1150 1129 symphoniis
1170 1090 1178 1116 :

827 1187 935 1212 curas
955 1177 1054 1211 inter
1073 1177 1216 1211 secreta
1235 1174 1402 1211 movebit

577 1228 766 1272 Carmina,
785 1228 922 1263 furtivo
944 1228 1158 1263 modulatus
1178 1238 1370 1263 murmure
1389 1237 1534 1271 vocem,

577 1281 685 1317 Solus
705 1282 741 1316 et
758 1279 838 1326 ipse
859 1290 944 1315 suas
964 1290 1113 1325 semper
1133 1278 1296 1315 cantabit
1315 1278 1363 1314 ad
1376 1289 1485 1315 aures
1506 1279 1533 1315 ³.

391 1373 510 1421 Quid,
534 1373 629 1424 qui:

637 1471 785 1517 linguas
803 1470 1003 1506 hominum
1023 1479 1227 1515 sensusque
1245 1467 1393 1504 docebit

575 1523 703 1559 Aerias
724 1523 904 1566 volucres,
923 1532 1092 1568 novaque
1112 1521 1149 1556 in
1171 1519 1393 1556 commercia
1410 1519 1532 1564 ducet,

576 1576 773 1622 Verbaque
792 1575 984 1622 praecipiet
1004 1576 1148 1609 naturae
1169 1573 1251 1619 lege
1271 1572 1454 1619 negata⁴‘?

390 1665 462 1706 Vel
483 1665 568 1712 alii,

873 1734 1015 1768 clausas
1036 1732 1098 1779 qui
1119 1732 1282 1768 culmine
1301 1742 1448 1767 summo

575 1788 727 1822 Pascere
747 1796 833 1821 aves
852 1785 1001 1821 Veneris
1021 1785 1199 1831 gaudent,
1221 1787 1258 1819 et
1274 1784 1430 1820 reddere
1451 1784 1539 1819 caelo

574 1841 648 1874 Aut
669 1838 778 1874 certis
797 1848 972 1873 revocare
993 1837 1111 1879 notis;
1134 1840 1302 1872 totamve
1319 1847 1386 1882 per
1402 1836 1535 1871 urbem

576 1891 646 1934 Qui
667 1893 815 1938 gestant
837 1890 954 1926 caveis
979 1890 1148 1926 volucres
1169 1889 1218 1924 ad
1232 1889 1335 1934 jussa
1352 1890 1514 1934 paratas,

579 1945 746 1986 Quorum
766 1943 888 1979 omnis
908 1953 1022 1989 parvo
1044 1941 1214 1977 consistit
1233 1951 1384 1987 passere
1404 1951 1538 1976 census
1562 1940 1599 1975 ⁵⁶?

391 2043 464 2084 Vel
482 2043 553 2095 qui
572 2046 781 2094 serpentes

576 2146 765 2193 Accipient
785 2145 1002 2192 sinibusque
1023 2144 1099 2180 suis
1115 2145 1303 2191 peploque
1321 2143 1493 2189 fluentes,

578 2200 788 2246 Osculaque
807 2198 1007 2234 horrendis
1021 2198 1180 2244 jungent
1199 2196 1354 2243 impune
1375 2195 1527 2232 venenis
1548 2194 1588 2230 ⁶?

434 2333 461 2362 1.
484 2331 588 2370 Man„
609 2332 760 2367 Astron„
781 2332 821 2370 V,
842 2332 913 2362 165.

433 2378 464 2409 2.
485 2377 548 2416 Id.‚
570 2376 664 2413 ibid„
688 2379 728 2417 V,
750 2378 820 2408 246.

435 2425 463 2455 3.
483 2423 548 2463 Id.‚
568 2423 664 2459 ibid„
686 2425 725 2463 V,
746 2424 816 2454 335.
841 2441 879 2446 --
906 2423 1047 2461 Seneca,
1070 2421 1111 2453 de
1134 2421 1226 2461 Brev.
1251 2421 1338 2456 vitae,
1361 2419 1420 2451 XII
1448 2430 1456 2450 ε
1482 2431 1498 2447 «
1524 2418 1689 2459 Quorum,
1711 2426 1791 2450 eum
1816 2417 1860 2450 ad

395 2479 449 2502 res
470 2470 591 2507 serias,
610 2470 715 2501 etiam
737 2479 829 2510 saepe
850 2470 968 2500 tristes
990 2467 1139 2500 adhibiti
1161 2470 1254 2505 sunt,
1277 2466 1464 2499 exauditur
1484 2466 1590 2498 tacita
1604 2464 1824 2497 modulatio?
1846 2478 1860 2491 ι»

394 2516 517 2547 Nonne
530 2515 611 2557 jure
631 2516 902 2555 suspicabimur,
914 2517 953 2546 ut
966 2514 1152 2555 illustrium
1170 2514 1327 2544 virorum
1345 2515 1380 2544 et
1393 2515 1584 2553 gestorum,
1597 2512 1647 2543 ita
1663 2510 1860 2552 lepidarum

394 2561 549 2601 vulgaris
575 2562 655 2592 vitae
679 2562 955 2602 descriptionum
981 2560 1117 2601 copiam
1142 2559 1176 2590 in
1207 2559 1334 2591 scholis
1360 2558 1569 2599 comparari,
1593 2566 1679 2598 quas
1709 2556 1862 2598 quisque

395 2610 516 2648 postea
545 2608 579 2638 in
606 2608 792 2639 scribendo
816 2608 859 2639 ad
886 2607 1071 2639 utilitatem
1099 2615 1198 2638 suam
1224 2607 1416 2644 convertat,
1441 2605 1642 2646 quibusque
1666 2603 1723 2636 hic
1747 2602 1864 2644 philo,-

393 2653 553 2695 sophiam
575 2656 688 2694 ornet,
711 2654 768 2686 ille
787 2653 1024 2694 astrologiam,
1045 2653 1240 2694 quamlibet
1259 2653 1349 2683 alius
1370 2650 1577 2684 materiam?

434 2701 464 2732 4.
485 2699 551 2740 Id.‚
570 2699 666 2737 ibid„
688 2700 727 2739 V,
749 2701 821 2733 379.

436 2748 465 2778 5.
487 2746 551 2786 Id.‚
572 2745 669 2783 ibid„
691 2747 731 2785 V,
752 2748 821 2778 384.

436 2795 465 2825 6.
486 2792 551 2833 Id.‚
572 2792 669 2830 ibid„
691 2793 731 2832 V,
753 2793 822 2824 393.
