1910 3250
740 270 1027 311 -51—

141 404 187 439 ut
219 398 386 439 metrica
420 396 523 436 vitia
548 395 854 435 Astronomicis
893 397 1041 434 temere
1074 391 1326 431 inferentem.
1380 387 1451 428 Illi
1479 388 1626 435 autem,

141 471 211 520 qui
251 469 408 508 acriore
449 477 567 505 sensu
603 466 835 515 maioreque
870 462 1012 503 iudicii
1048 461 1229 501 acumine
1266 459 1310 498 in
1347 455 1626 498 examinandis

139 538 274 590 poetis
315 537 472 593 floreat,
514 547 588 574 nos
633 534 794 583 quidem
837 533 946 572 ultro
989 531 1200 580 credimus,
1243 540 1332 567 cum
1367 526 1627 578 Anonymum

139 619 241 656 eum,
284 605 353 655 qui
395 616 475 654 quo
517 607 698 653 tempore
733 602 864 640 Musis
905 613 1019 640 sacra
1059 600 1202 639 tulerit
1242 609 1349 637 nunc
1378 596 1627 646 anquiritur,

138 687 220 714 una
247 686 335 713 cum
361 673 491 712 altero
511 673 729 723 Anonymo
758 671 867 710 haud
893 671 1023 710 minus
1045 670 1232 718 obscuro,
1263 679 1379 718 quem
1399 666 1625 705 Homerum

139 743 334 782 Latinum
362 742 571 780 nominare
600 741 788 790 solemus,
824 740 948 778 fuisse
977 737 1171 788 statuat4)
1202 738 1309 776 inter
1337 748 1420 786 eOS,
1456 735 1526 785 qui
1554 746 1626 786 op-

139 823 281 864 pressa
312 811 459 862 populi
496 797 884 850 libertate‘Tiberio
922 808 1030 847 omni
1066 807 1185 846 modo
1215 805 1428 861 adulantes
1455 804 1628 843 maxima

138 881 248 920 vitae
283 880 494 919 commoda
529 891 570 918 se
606 883 823 929 paraturos
859 880 1084 928 sperarent.
1138 876 1303 914 Etenim
1337 874 1416 912 1100
1445 878 1627 924 tempore

139 949 421 989 deficientibus
450 949 570 988 rebus
601 947 842 986 sublimibus
871 945 1088 996 dignisque
1119 956 1221 994 quae
1251 943 1436 982 versibus
1465 941 1627 981 manda-

139 1020 282 1058 rentur
315 1017 507 1056 facillime
544 1017 630 1054 sine
665 1015 791 1054 dubio
822 1015 933 1053 nasci
960 1014 1109 1064 potuit>
1127 1013 1230 1052 illud
1258 1012 1457 1051 artificum
1484 1022 1626 1062 genus,

142 1087 212 1138 qni
239 1087 494 1127 metricarum
521 1085 655 1136 legum
683 1085 725 1122 in
754 1085 975 1124 acerbitate
1002 1083 1298 1134 praestantiam
1318 1094 1431 1121 suam
1449 1081 1627 1132 positam

141 1168 228 1196 esse
259 1158 466 1207 putarent.
518 1154 576 1193 Et
611 1165 851 1203 quamquam
887 1154 952 1192 hic
987 1166 1069 1192 11011
1103 1154 1166 1192 est
1198 1153 1310 1191 locus
1340 1152 1391 1190 ad
1420 1163 1626 1202 exponen—

139 1225 232 1264 dam
259 1225 425 1264 Manilii
458 1228 599 1275 artem‚
635 1235 736 1273 quae
767 1223 928 1273 quidem
956 1223 998 1260 in
1025 1221 1331 1261 Astronomicis
1360 1221 1627 1272 conspicitur,

143 1297 414 1346 opportunus,
449 1298 581 1332 tamen
617 1293 831 1332 dicendum
866 1296 927 1331 est
955 1293 1141 1331 omnibus
1170 1292 1212 1330 in
1240 1291 1425 1330 versibus
1455 1290 1548 1328 inde
1576 1289 1627 1328 ab

142 1362 263 1403 initio
293 1375 380 1403 esse
408 1363 575 1402 eandem
603 1374 731 1412 neque
759 1375 783 1401 a
809 1366 933 1413 poeta
956 1362 1087 1413 primo
1108 1362 1287 1401 tironum
1307 1372 1416 1399 more
1438 1359 1628 1409 exerceri,

142 1433 290 1473 deinde
325 1433 456 1484 magis
493 1432 637 1482 excoli,
672 1431 847 1481 denique
878 1432 1064 1471 omnibus
1093 1431 1270 1470 numeris
1299 1429 1474 1469 absolvi.
1529 1428 1631 1468 Tale

143 1502 329 1554 profecto
358 1502 552 1542 iudicium
590 1524 636 1529 —-
672 1501 776 1540 hanc
803 1501 908 1540 enim
937 1501 1054 1540 fidem
1083 1500 1285 1548 Jacob05)
1313 1498 1462 1538 habere
1493 1498 1631 1538 nescio

143 1585 196 1612 an
223 1572 347 1611 liceat
381 1594 421 1600 -
464 1571 574 1610 valet
601 1571 654 1610 ad
683 1571 934 1610 tractandam
963 1569 1184 1619 materiam,
1221 1569 1334 1608 cuius
1365 1580 1444 1618 quo
1474 1567 1632 1606 diutius

141 1641 276 1682 fontes
311 1641 500 1680 exhaurit
533 1645 670 1692 poeta,
706 1653 754 1680 eo
788 1640 972 1679 dulciore
1007 1639 1166 1689 liquore
1203 1638 1319 1688 quasi
1357 1649 1432 1676 nos
1462 1639 1629 1676 recreet.

141 1698 192 1750 In
226 1711 392 1750 metrica
427 1722 522 1749 vero
557 1723 600 1750 re
635 1714 716 1749 tam
751 1709 956 1760 perfectus
992 1722 1012 1747 e
1049 1708 1188 1747 schola
1209 1709 1264 1746 >in
1299 1707 1508 1758 publicum
1535 1719 1630 1758 pro-

143 1781 216 1832 dit,
245 1783 292 1820 ut
317 1781 483 1831 optimis
514 1780 739 1830 quibusque
771 1779 975 1829 magistris
1004 1778 1251 1829 discipulum
1280 1789 1321 1816 se
1351 1778 1402 1816 ad
1423 1778 1630 1828 ingenium

142 1849 474 1890 conformandum
510 1861 624 1888 usum
662 1861 748 1888 esse
783 1849 936 1899 passim
970 1860 1068 1898 prae
1106 1860 1147 1886 se
1185 1848 1302 1887 ferat.
1362 1847 1506 1896 Neque
1542 1846 1630 1896 ipse

143 1919 263 1959 nobis
290 1919 496 1970 putandus
525 1922 587 1957 est
614 1917 837 1957 hexametri
866 1922 1006 1966 artem,
1043 1929 1161 1967 quam
1190 1917 1401 1956 incohavit
1427 1920 1525 1966 post
1554 1915 1630 1954 Ca-

144 1989 290 2028 tullum
323 1988 581 2039 Propertius,
616 1991 908 2038 promoverunt
945 1987 1136 2026 Tibullus
1166 1991 1207 2026 et
1240 1986 1465 2037 Vergilius,
1498 1985 1628 2036 perfe-

145 2058 248 2097 cisse
283 2057 419 2107 talem,
455 2060 502 2096 ut
530 2056 747 2096 iucundius
776 2069 859 2095 non
887 2056 1021 2107 possit
1048 2056 1224 2106 cogitari
1253 2055 1439 2106 singulis.
1492 2053 1628 2093 Nimis

146 2125 264 2176 enim,
298 2138 387 2165 cum
422 2126 473 2164 ad
501 2125 790 2165 Astronomica
823 2125 1036 2165 scribenda
1063 2125 1314 2176 aggreditur,
1352 2124 1450 2163 flore
1479 2123 1629 2163 fruitur

146 2194 369 2235 iuventutis
406 2199 600 2245 tantoque
637 2195 761 2234 animi
800 2195 959 2245 ardore,
983 2199 1038 2245 111,
1070 2194 1164 2233 111110
1199 2193 1365 2233 carmini
1401 2195 1529 2232 totam
1557 2204 1630 2243 per

146 2265 271 2304 vitam
307 2277 463 2303 omnem
497 2276 662 2316 operam
696 2275 846 2302 navare
884 2275 1016 2302 secum
1045 2264 1271 2302 constituat
1299 2274 1427 2312 eoque
1455 2261 1629 2301 consilio

145 2337 279 2374 motus
305 2334 517 2386 prooemio
547 2334 642 2372 libri
671 2334 692 2372 I
721 2334 800 2384 (vv.
832 2333 1052 2383 114—118)
1082 2332 1184 2372 hanc
1212 2333 1487 2384 precationem
1506 2332 1629 2370 inter-

145 2407 294 2454 ponat:

557 2467 723 2511 „Faveat
747 2477 883 2513 magno
907 2466 1072 2502 Fortuna
1095 2466 1214 2502 labori

331 2523 489 2560 Annosa
513 2526 550 2560 et
574 2523 675 2560 molli
700 2524 893 2571 contingat
917 2524 995 2560 vita
1021 2526 1184 2567 senecta,

331 2580 385 2617 Ut
407 2582 546 2627 possim
570 2592 689 2617 rerum
714 2585 842 2617 tantas
868 2591 1054 2627 emergere
1079 2581 1195 2617 moles

333 2638 588 2684 Magnaque
614 2649 708 2675 011111
732 2639 894 2686 parvis
920 2638 1060 2675 simili
1083 2647 1296 2684 percurrere
1321 2638 1460 2674 cura“.

241 2765 270 2812 4)
295 2764 425 2801 Philol.
441 2764 528 2810 XV,
551 2777 588 2812 p.
611 2766 691 2810 481,
717 2765 808 2803 492.
842 2766 899 2802 De
924 2777 963 2802 re
980 2768 1087 2803 metr.
1104 2775 1139 2812 p.
1156 2767 1210 2812 52,
1235 2767 1314 2809 329,
1339 2765 1418 2801 333.
1453 2763 1481 2804 ⁵)
1507 2762 1630 2798 Praef.

150 2834 187 2870 p.
214 2823 258 2859 16
281 2824 385 2867 extr„
408 2833 530 2870 progr.
553 2822 648 2860 Lub.
674 2834 710 2870 p.
735 2825 791 2870 13,
818 2823 872 2860 14.

1378 2890 1423 2925 4}
