1930 3320
823 349 1059 391 —85--

365 441 538 483 Quorum
558 438 792 475 carminibus
814 438 908 474 nihil
927 440 984 475 est
1003 437 1076 474 nisi
1096 438 1228 474 fabula
1248 438 1398 485 caelum,

365 495 520 530 Terrave
540 493 739 539 composuit
759 493 898 536 eaelum,
921 503 1002 537 quae
1014 492 1151 539 pendet
1169 491 1215 529 ab
1236 492 1300 529 illo
1321 494 1349 528 ¹.

171 597 343 639 Medaeae
357 607 510 649 pueros
528 594 629 635 dicit
648 607 657 635 :

361 697 406 732 Et
422 696 515 732 male
535 697 742 743 conceptos
761 697 894 743 partus
907 695 1093 742 pejusque
1110 700 1268 732 necatos
1286 696 1320 738 ²;

170 804 211 840 et
232 798 411 847 Thebas,
432 797 548 838 caesis
565 801 724 851 septem
746 796 939 845 ducibus,
963 797 1016 836 ab
1041 796 1237 850 Epigonis
1258 800 1403 849 captas
1427 808 1436 837 :

782 899 923 935 Victum
942 899 1030 944 quia
1050 900 1184 934 vicerat
1204 897 1340 933 urbem
1353 898 1387 942 ³;

170 970 210 1006 et
231 965 323 1006 haec
344 964 447 1006 alias
467 977 476 1004 :

361 1055 531 1092 victuros
551 1051 704 1100 agimus
725 1062 877 1099 semper
904 1062 974 1087 nee
994 1052 1146 1088 vivimus
1166 1062 1337 1099 unquam
1357 1051 1386 1087 ⁸.

358 1108 638 1150 Luoeuriamque
660 1105 770 1141 lucris
791 1105 974 1150 emimus,
998 1106 1160 1151 luaeuque
1180 1106 1350 1151 rapinas,

354 1162 403 1196 Et
419 1170 599 1196 summum
615 1169 742 1195 census
755 1160 919 1204 pretium
937 1162 1003 1202 est,
1026 1159 1217 1205 effundere
1236 1169 1382 1195 censum
1404 1159 1430 1194 ¹³.

355 1213 415 1249 Sic
436 1212 608 1256 adamas,
632 1213 816 1258 punctum
837 1211 990 1258 lapidis,
1013 1211 1217 1258 pretiosior
1238 1223 1334 1248 auro
1359 1214 1431 1248 est.

349 1266 514 1303 Parvula
532 1265 584 1301 sic
605 1269 719 1301 totum
739 1265 893 1312 pervisit
915 1265 1059 1313 pupula
1079 1265 1232 1310 caelum,

353 1320 513 1366 Quoque
532 1318 665 1355 vident
684 1318 800 1363 oculi,
823 1319 1015 1355 minimum
1037 1320 1105 1363 est,
1128 1329 1218 1354 eum
1240 1320 1405 1355 maaeima
1425 1321 1595 1355 cernant.

353 1373 414 1410 Sic
435 1372 553 1409 animi
574 1372 696 1416 sedes,
715 1373 818 1408 tenui
838 1371 907 1407 sub
926 1371 1039 1407 corde
1060 1372 1202 1417 locata,

350 1427 422 1462 Per
436 1429 549 1462 totum
569 1429 725 1470 angusto
742 1428 881 1472 regnat
902 1425 949 1461 de
969 1424 1093 1461 limite
1113 1436 1251 1473 corpus
1269 1426 1298 1462 ⁶.

216 1528 334 1580 Saepe
354 1527 480 1567 etiam
502 1539 578 1579 per
597 1526 780 1579 spatium
806 1526 920 1566 haud
945 1526 1070 1567 breve
1092 1526 1327 1578 explicatur
1349 1526 1602 1576 antitheton,
1625 1530 1666 1567 et

159 1593 312 1633 iterum
332 1595 458 1645 atque
478 1591 630 1632 iterum
652 1591 833 1631 orationi
846 1591 1034 1643 infigitur
1057 1603 1066 1632 :
1088 1592 1203 1632 velut
1221 1592 1264 1632 in
1288 1593 1352 1633 his
1369 1592 1419 1633 de
1445 1592 1604 1645 Pylade
1624 1595 1665 1632 et

160 1658 319 1710 Oreste,
342 1670 524 1710 moxque
545 1657 595 1697 de
614 1657 802 1697 Damone
820 1661 860 1696 et
871 1657 1040 1697 Phintia
1063 1670 1072 1698 ε

349 1758 451 1794 Unus
471 1759 555 1793 erat
570 1757 745 1804 Pylades,
763 1768 862 1793 unus
883 1756 948 1804 qui
969 1757 1104 1793 mallet
1123 1757 1274 1794 Orestes

341 1811 424 1858 Ipse
446 1810 545 1846 mori
567 1821 575 1846 :
597 1809 642 1845 lis
663 1821 739 1845 una
761 1810 833 1845 fuit
852 1813 941 1857 post
958 1811 1087 1846 secula
1107 1810 1258 1858 mortis,

340 1865 446 1900 Alter
463 1863 561 1911 quod
579 1867 725 1909 raperet
744 1864 879 1908 fatum,
902 1875 975 1900 non
996 1864 1136 1901 cederet
1151 1865 1256 1902 alter.

340 1919 384 1954 Et
404 1917 480 1953 duo
502 1916 567 1964 qui
587 1919 745 1964 potuere
765 1917 871 1964 sequi
877 1944 950 1953 .....

340 1971 555 2016 Optavitque
574 1981 677 2006 reum
695 1981 852 2016 sponsor
870 1982 941 2007 non
957 1981 1061 2017 posse
1079 1973 1227 2016 reverti,

339 2022 628 2068 Sponsoremque
650 2032 735 2058 reus
755 2023 894 2068 timuit,
915 2034 960 2059 ne
979 2024 1132 2060 solveret
1148 2025 1272 2070 ipsum
1291 2026 1319 2060 ⁷.

150 2121 258 2170 Quin
285 2121 344 2162 ita
370 2121 487 2162 illam
517 2122 681 2162 dicendi
714 2123 894 2163 formam
924 2124 1106 2173 affectat,
1130 2128 1176 2163 ut
1206 2124 1417 2166 interdum
1448 2129 1652 2179 tanquam

149 2186 258 2227 inter
283 2200 326 2227 se
355 2188 567 2227 contraria
593 2192 780 2240 opponat
802 2201 896 2241 quae
921 2189 1138 2229 dissimilia
1164 2190 1393 2231 admodum
1421 2196 1532 2242 sunt,
1565 2205 1653 2233 non

148 2252 376 2304 contraria,
399 2265 475 2292 nec
496 2254 734 2305 comparari
755 2253 932 2307 ideoque
947 2255 1197 2308 contraponi
1214 2256 1388 2309 possint.
1405 2259 1509 2297 Nam
1528 2270 1654 2312 quos-

149 2317 248 2359 dam
270 2317 396 2359 refert
415 2317 565 2358 docere
586 2319 770 2371 potuisse
793 2319 1059 2372 elephantos,

663 2422 890 2468 tantamque
918 2423 1053 2468 aptare
1073 2422 1267 2469 loquendo

330 2471 483 2509 Artibus
501 2472 683 2510 humanis
706 2473 810 2510 varia
829 2473 880 2510 ad
906 2476 1122 2521 spectacula
1142 2476 1286 2512 molem
1307 2477 1335 2513 ⁸.

183 2591 213 2623 ¹.
234 2591 341 2633 Man„
363 2594 514 2634 Astron„
534 2597 578 2637 II,
599 2597 649 2630 37.

182 2637 212 2670 2.
234 2639 300 2680 1d.‚
320 2640 420 2679 ibid„
439 2643 499 2682 ΙΙΙ,
519 2645 570 2676 13.

182 2684 212 2718 3.
231 2685 297 2727 Id.,
318 2687 416 2726 ibid„
438 2689 497 2731 ΙΙΙ,
519 2693 570 2724 16.

181 2732 211 2764 4.
233 2733 301 2775 1d.‚
318 2733 416 2773 ibid„
438 2736 493 2777 lv,
515 2738 546 2770 5.

180 2779 211 2811 5.
233 2779 300 2821 1d.‚
319 2781 415 2820 ibid„
439 2784 496 2824 IV,
518 2785 567 2817 10.

179 2826 210 2858 6.
231 2826 298 2868 1d.‚
318 2827 416 2867 ibid.y
435 2830 491 2871 lv,
515 2832 586 2864 926.

180 2873 210 2905 7.
231 2873 299 2915 1d.,
316 2874 413 2916 ibid„
435 2876 474 2915 ΙΙ,
498 2879 570 2911 583.

179 2920 209 2952 8.
232 2920 299 2962 Id.,
319 2921 417 2962 ibid„
437 2923 492 2965 lv,
514 2925 587 2957 236.
