1910 3250
914 262 1189 302 ...54-

426 382 504 422 Sed
532 387 663 422 tamen
692 383 872 432 primum,
902 383 968 430 qui
997 384 1090 421 sunt
1116 393 1163 420 ex
1189 382 1266 421 hoc
1285 395 1444 422 numero
1464 385 1669 424 novissimi
1689 398 1773 426 ver-

324 462 401 498 suS,
430 462 497 488 eos
528 451 742 499 quidquam
769 450 811 486 in
838 453 1016 488 nostram
1042 461 1197 488 causam
1218 451 1402 489 tuendam
1422 453 1608 491 momenti
1627 454 1772 494 habere

323 517 523 568 praefacte
557 516 832 566 denegandum
859 520 930 554 est.
985 516 1178 567 Spectant
1204 518 1308 556 enim
1336 519 1419 556 sine
1447 519 1568 558 dubio
1597 520 1647 559 ad
1675 521 1773 572 Ap-

326 583 508 634 piums),
539 585 606 633 qui
635 584 827 622 librorum
855 585 1104 633 auguralium
1131 585 1302 634 scriptor
1327 590 1366 623 et
1385 587 1774 636 psychomantiorum

325 652 511 690 conditor
559 651 793 701 cognitione
837 663 966 689 rerum
1011 652 1331 692 absconditarum
1370 665 1455 691 cum
1495 654 1642 704 Figulo
1682 668 1773 695 con-

323 721 482 758 iunctus
510 719 587 758 iam
615 732 647 758 a.
669 720 720 758 U.
751 723 823 760 706
851 719 955 757 diem
982 719 1098 767 obiit,
1124 720 1286 768 eiusque
1306 723 1581 770 assectatores,
1609 734 1775 771 quorum

324 788 428 826 vitas
457 787 619 825 omnino
647 788 888 836 ignoramus,
916 787 973 825 ita
999 791 1045 825 ut
1065 787 1180 824 nobis
1201 787 1359 836 quidem
1379 789 1658 843 quaerentibus
1679 790 1774 839 quid

324 858 419 904 post
452 867 486 892 a.
524 855 596 893 762
626 855 686 892 vel
715 856 851 905 potius
881 857 953 894 770
981 855 1030 892 ad
1048 854 1271 892 ‘Manilium
1297 855 1546 894 referendum
1573 857 1638 905 sit,
1671 857 1774 895 nihil
1815 909 1821 913 ἱ

325 921 507 970 profecto
536 923 816 972 respondeant.
858 923 944 961 Nec
972 923 1096 960 maius
1126 923 1241 961 nobis
1270 924 1516 962 commodum
1542 924 1702 963 affertur
1726 937 1775 964 ex

325 990 374 1027 iis
410 991 554 1039 verbis,
591 1002 689 1039 quae
726 990 912 1039 leguntur
946 990 994 1027 de
1030 990 1281 1039 serpentibus
1320 993 1360 1029 et
1385 991 1434 1030 de
1461 992 1606 1030 herbis.
1658 991 1775 1042 Nam,

325 1057 402 1095 nisi
444 1058 548 1096 forte
584 1057 691 1095 omni
725 1057 1017 1105 interpretandi
1051 1058 1208 1096 ratione
1243 1070 1429 1106 caremus,
1469 1059 1596 1109 accipi
1632 1071 1678 1098 ea
1709 1072 1774 1099 ne·

326 1135 431 1163 cesse
472 1130 531 1162 est
570 1124 625 1162 de
659 1123 877 1162 Aemilio
912 1124 1101 1173 Macro,
1145 1137 1258 1173 quem
1291 1125 1466 1175 Vergilii
1501 1127 1666 1166 amicum
1697 1139 1774 1166 me-

325 1193 474 1231 moriae
512 1192 681 1231 tradidit
719 1192 900 1241 Ovidius,
934 1204 1020 1230 cum
1054 1193 1243 1231 scriberet
1278 1205 1326 1231 ex
1359 1193 1493 1232 Ponto
1529 1194 1668 1243 (Trist.
1700 1194 1774 1241 IV,

329 1263 387 1309 10,
414 1261 506 1309 43):

528 1333 673 1379 „Saepe
698 1343 782 1368 suas
807 1332 970 1368 volucres
993 1333 1082 1378 legit
1106 1333 1190 1367 mihi
1215 1333 1383 1378 grandior
1407 1344 1497 1370 aevo

578 1389 751 1434 Quaeque
777 1391 884 1424 necet
908 1396 1066 1435 serpens,
1091 1400 1184 1434 quae
1210 1389 1310 1424 iuvat
1332 1390 1455 1434 herba,
1478 1389 1665 1434 Maeer“;‚

326 1467 444 1511 atque
484 1468 623 1502 auctor
653 1463 966 1502 Catonianorum
998 1463 1259 1501 distichorum
1285 1463 1424 1502 laudat
1449 1463 1511 1502 his
1537 1464 1776 1504 hexametris

330 1531 593 1581 praefationis
623 1532 716 1570 libri
743 1532 805 1570 II:

869 1604 996 1648 „Quod
1023 1604 1053 1639 si
1077 1614 1182 1649 mage
1207 1614 1313 1639 nosse
1337 1604 1479 1640 labores

528 1659 733 1694 Herbarum
759 1661 863 1705 vires,
886 1661 1010 1695 Macer
1033 1661 1098 1694 has
1123 1659 1190 1694 tibi
1217 1660 1373 1695 carmine
1398 1661 1526 1697 dicet‘fl

326 1732 406 1770 IIic
433 1736 564 1771 autem
590 1737 711 1782 poeta
740 1746 825 1772 cum
852 1747 886 1772 a.
918 1734 971 1772 U.
1000 1735 1071 1772 739
1101 1734 1186 1783 (cfr.
1205 1733 1372 1772 Hieron.
1401 1734 1450 1772 ad
1479 1746 1511 1772 a.
1532 1733 1632 1781 Abr,
1661 1734 1773 1782 2001)

325 1799 366 1836 in
393 1799 493 1838 Asia
525 1804 702 1838 mortuus
732 1801 795 1850 sit,
831 1801 936 1839 facta
963 1802 1010 1840 de
1039 1813 1085 1840 eo
1114 1802 1313 1840 mentione
1341 1801 1533 1839 Manilius
1561 1802 1647 1852 ipse
1674 1802 1774 1840 nihil

325 1868 493 1917 amplius
530 1870 699 1906 testatur
735 1880 850 1916 quam
877 1869 1162 1907 Astronomiea
1197 1881 1237 1907 se
1272 1869 1477 1918 scripsisse
1514 1871 1606 1918 post
1638 1881 1673 1908 a.
1701 1869 1774 1908 cir-

325 1936 424 1974 citer
466 1937 556 1984 735,
603 1936 729 1985 quod,
770 1939 815 1975 ut
855 1937 980 1985 ipsius
1024 1938 1154 1975 verbis
1195 1939 1306 1985 utar,
1347 1937 1473 1975 solum
1513 1937 1672 1976 novisse
1710 1950 1777 1988 pa-

329 2015 416 2040 rum
443 2006 517 2042 est.

426 2069 524 2107 Plus
559 2083 652 2109 vero
689 2082 928 2120 cognoscere
967 2072 1082 2109 nobis
1119 2072 1276 2120 quidem
1311 2072 1404 2110 licet
1436 2084 1483 2110 ex
1510 2072 1637 2111 altera
1662 2074 1775 2123 parte

326 2149 462 2175 versus
491 2140 552 2188 43,
583 2139 650 2187 qui
681 2142 758 2177 est:

531 2206 650 2249 „Ecce
677 2206 765 2242 alius
790 2207 908 2252 pictas
933 2206 1097 2242 volucres
1124 2217 1173 2241 ac
1196 2206 1320 2241 bella
1345 2207 1580 2242 ferarum“.

325 2272 414 2310 Hac
449 2274 551 2312 enim
585 2275 729 2315 iama.
768 2277 864 2314 1600
899 2273 1116 2324 Scaliger9)
1151 2287 1173 2312 a
1206 2274 1378 2312 Manilio
1406 2273 1574 2312 Gratii
1608 2285 1773 2323 carmen,

326 2341 431 2389 quod
469 2342 701 2380 inscribitur
739 2342 992 2392 Cynegetffla,
1029 2342 1243 2391 significari
1278 2342 1460 2391 coniecit,
1496 2342 1558 2379 cui
1591 2353 1774 2380 assensus

324 2411 385 2447 est
419 2421 453 2446 a.
492 2410 587 2447 1832
616 2409 665 2447 R.
695 2409 879 2447 Sternius
916 2411 955 2447 in
995 2410 1242 2459 praefatione
1270 2410 1421 2458 critica,
1456 2420 1532 2458 qua
1559 2409 1775 2448 editionem

326 2475 457 2515 Gratii
500 2479 540 2514 et
572 2475 800 2515 Nemesiani
837 2477 1040 2516 instruxit.
1101 2476 1256 2515 Deinde
1293 2477 1468 2516 Jacobus
1503 2481 1631 2516 totum
1663 2477 1774 2516 illius

413 2639 440 2683 8)
467 2639 541 2675 Oic.
568 2640 676 2676 Tusc.
701 2640 730 2679 Ι,
757 2641 807 2676 16.
833 2642 878 2676 37
901 2640 950 2674 de
975 2640 1043 2675 div.
1068 2640 1096 2683 1,
1123 2641 1175 2675 58.
1203 2641 1276 2674 131.
1313 2638 1342 2684 9)
1368 2640 1440 2676 Ofr.
1465 2640 1592 2685 castig.
1613 2640 1651 2675 in
1674 2639 1774 2674 Man.

327 2707 361 2741 p.
389 2697 463 2739 113,
499 2696 559 2730 ubi
592 2697 711 2742 pictas
734 2696 894 2731 volucres
918 2697 1027 2731 refert
1051 2697 1098 2731 ad
1117 2695 1356 2744 Ὀρνιθογονίαν
1380 2697 1503 2740 Macri,
1534 2707 1640 2742 quem
1665 2706 1774 2742 supra

330 2762 615 2788 commemoravi.
