1936 3392
1527 339 1581 379 61

89 462 243 522 (omne)
287 486 341 491 —
389 461 485 502 718.
521 459 679 515 gradus
723 459 819 514 quis
863 460 1054 514 iungitur
1090 457 1218 512 unus]
1256 458 1412 513 gradus
1451 457 1583 513 (grad)

89 534 164 590 qui
193 523 255 588 (ᾗ)
289 532 483 587 iungitur
513 543 651 586 angue
684 555 738 560 —
782 531 877 572 719.
909 543 1006 586 pars
1037 529 1233 584 minimo]
1265 542 1340 585 per
1371 532 1426 584 (p)
1458 529 1584 570 mini-

85 616 179 647 mos
209 629 266 634 —-
301 603 397 645 721.
422 601 720 658 Resplendent]
746 601 1018 657 Respondent
1045 626 1099 631 —
1132 600 1344 656 submota]
1372 604 1586 642 summota

87 699 144 706 -—
184 675 280 718 723.
320 673 515 730 Cumque
550 687 682 730 vagae
719 673 861 716 stellae
899 673 1024 716 terris
1062 686 1141 715 sua
1176 673 1340 715 lumina
1377 671 1582 727 condunt]

87 745 280 803 Cumque
313 760 421 802 vaga
452 749 515 788 est
545 745 597 800 (e)
627 745 702 787 illa
731 758 754 787 e
784 746 906 787 terris
937 744 1138 788 sublimia
1168 744 1358 793 condunt
1389 769 1445 774 *-
1486 744 1582 785 724.

84 816 212 874 ignis]
245 817 337 874 igni
369 843 424 848 —-
458 818 554 859 725.
586 816 799 872 Phoebus]
832 817 996 872 phebus
1029 842 1084 847 ——
1121 816 1192 858 Vv.
1227 817 1383 858 728—
1400 817 1491 858 729
1519 815 1586 857 ita

85 888 272 932 eoehibet:
311 888 489 932 Cernere
526 888 762 931 seminibus
798 890 892 942 (om.
913 888 1092 948 solidis)
1130 891 1352 943 totumque
1390 889 1546 930 micare
1573 891 1578 939 Ι

16 1014 19 1021 ¹
83 961 176 1004 Aut
204 960 351 1004 solidis
383 960 525 1003 desint
554 961 722 1016 sintque
753 960 856 1002 haec
887 949 1061 1002 d¹30rdia
1092 961 1142 1014 (is
1171 974 1382 1016 superscr.
1409 973 1479 1015 pr.
1510 961 1582 1013 m.)

85 1045 260 1075 concors
287 1038 294 1083 Ι
322 1031 516 1088 Spatium
560 1031 691 1074 stellis
735 1031 946 1074 mundum
988 1045 1067 1074 nec
1111 1032 1284 1074 caedere
1321 1045 1489 1074 summa
1526 1057 1581 1061 ——

94 1103 140 1146 V.
173 1101 312 1146 728⁶ss
341 1103 522 1146 uncinis
557 1103 738 1145 inclusit
771 1117 849 1145 ozee
881 1117 998 1144 man
1038 1129 1094 1133 —
1137 1104 1232 1145 730.
1265 1102 1431 1158 arenae]
1464 1103 1583 1145 hare-

83 1187 164 1218 nae
195 1200 251 1205 —
287 1175 382 1217 731.
409 1175 492 1217 Sed
524 1174 641 1230 quot]
675 1173 757 1216 Sed
787 1175 903 1230 quod
930 1174 1013 1230 (qd)
1046 1200 1102 1205 —
1138 1176 1233 1217 732.
1261 1173 1373 1225 Quot
1398 1174 1580 1231 delapsa]

1 1239 209 1297 *Ἦιιοᾶ
240 1244 334 1301 (Qd)
367 1246 506 1289 deliba
541 1272 598 1276 —
639 1247 735 1288 734.
767 1247 950 1302 ingentis
980 1247 1095 1289 inest
1126 1272 1181 1276 —
1213 1247 1396 1303 populus
1428 1248 1580 1302 (popls)

8 1371 9 1375 Ἰ
83 1331 136 1361 eoe
157 1318 303 1374 populi
329 1319 477 1374 (popli)
503 1332 608 1360 corr.
629 1332 699 1374 pr.
719 1332 776 1360 m.
811 1343 865 1348 —
898 1317 1040 1374 urbes]
1068 1319 1191 1360 orbes
1223 1344 1278 1348 —
1314 1319 1409 1360 736.
1431 1318 1579 1374 equiti]

8 1432 10 1434 ,
84 1390 278 1446 equitum
309 1390 485 1445 (equita)
524 1415 579 1420 —
622 1390 717 1432 737.
755 1389 929 1445 Volgus]
961 1389 1130 1445 Vulgus
1163 1415 1218 1420 —-
1251 1394 1291 1432 et
1321 1389 1421 1446 iam]
1454 1391 1581 1432 etiam

86 1486 142 1491 —
179 1461 276 1503 738.
307 1461 544 1517 respublica
573 1461 734 1503 mundo
766 1460 842 1516 est]
875 1474 942 1503 res
971 1462 1154 1517 pendere
1184 1462 1344 1504 mundo
1378 1463 1472 1516 (om.
1506 1463 1580 1515 est)

86 1557 141 1562 ——
183 1533 278 1574 739.
314 1531 482 1588 urbem]
521 1532 667 1575 orbem
712 1558 767 1562 -——
814 1533 909 1574 741.
949 1531 1109 1588 Sidera]
1153 1532 1314 1587 Sydera
1352 1559 1407 1563 —
1444 1534 1579 1590 gradu

15 1630 18 1631 ν
83 1617 160 1660 per
193 1603 371 1660 lumina]
409 1604 565 1658 gradus
602 1608 729 1660 atque
766 1606 884 1660 (atq3)
924 1605 1066 1647 omnia
1098 1605 1240 1660 (omia)
1280 1631 1335 1635 —
1373 1605 1578 1661 priorum]

83 1676 268 1731 priorem
306 1701 361 1706 —-
400 1676 497 1717 742.
530 1675 761 1730 Maximus,
798 1690 830 1718 u
861 1690 911 1718 ex
940 1690 1045 1719 corr.
1062 1691 1141 1732 -prz
1173 1691 1229 1719 m.
1262 1677 1368 1732 (fuit
1396 1677 1580 1732 fortasse

0 1767 2 1770 >
82 1747 138 1802 ie)
175 1771 232 1776 —-
269 1747 365 1789 743.
398 1746 478 1789 Cui
507 1747 607 1803 nisi]
641 1746 721 1790 Cui
752 1748 788 1790 si
821 1773 875 1778 —
911 1749 1006 1790 745.
1039 1748 1236 1804 flagraret
1267 1748 1465 1805 Olympo]
1498 1750 1579 1791 fra-

80 1820 220 1874 graret
254 1817 412 1874 olimpo
451 1844 507 1848 —
546 1818 649 1861 Post
678 1833 715 1861 v.
745 1821 831 1861 745
860 1833 978 1862 man.
1010 1834 1085 1862 sec.
1101 1820 1205 1862 XV
1228 1821 1346 1863 rubr.
1374 1822 1452 1863 litt.
1478 1821 1580 1863 haec

78 1888 278 1945 stm‘psit:
309 1889 499 1945 Explicit
529 1890 637 1932 liber
668 1892 861 1946 quintus;
894 1895 934 1933 et
959 1891 1109 1947 infra:
1141 1891 1270 1935 Liber
1294 1894 1372 1935 iste
1396 1894 1579 1948 pertinet

0 1964 22 2062 ἱ
46 1995 51 1999 .
79 1962 334 2020 monasterio
367 1961 670 2004 Gemblacensi.

471 3060 581 3090 nane
599 3071 622 3090 s.
644 3062 694 3099 S.,
720 3063 896 3099 Imprimerie
915 3064 950 3092 de
969 3065 1171 3101 l’Orphelinat.
