<?xml version="1.0" encoding="UTF-8"?>
<!DOCTYPE html PUBLIC "-//W3C//DTD XHTML 1.0 Transitional//EN"
    "http://www.w3.org/TR/xhtml1/DTD/xhtml1-transitional.dtd">
<html xmlns="http://www.w3.org/1999/xhtml" xml:lang="en" lang="en">
 <head>
  <title>
</title>
<meta http-equiv="Content-Type" content="text/html;charset=utf-8" />
  <meta name='ocr-system' content='tesseract 3.04.00' />
  <meta name='ocr-capabilities' content='ocr_page ocr_carea ocr_par ocr_line ocrx_word'/>
</head>
<body>
  <div class='ocr_page' id='page_1' title='image "./lucubrationesman00thomuoft_0321.png"; bbox 0 0 1930 3320; ppageno 0'>
   <div class='ocr_carea' id='block_1_1' title="bbox 746 260 1029 304">
    <p class='ocr_par' dir='ltr' id='par_1_1' title="bbox 746 260 1029 304">
     <span class='ocr_line' id='line_1_1' title="bbox 746 260 1029 304; baseline 0 -12"><span class='ocrx_word' id='word_1_1' title='bbox 746 260 1029 304; x_wconf 71' lang='grc'><strong>..43-..</strong></span> 
     </span>
    </p>
   </div>
   <div class='ocr_carea' id='block_1_2' title="bbox 130 388 1639 793">
    <p class='ocr_par' dir='ltr' id='par_1_2' title="bbox 130 388 1639 793">
     <span class='ocr_line' id='line_1_2' title="bbox 134 388 1634 446; baseline -0.001 -14"><span class='ocrx_word' id='word_1_2' title='bbox 134 388 324 433; x_wconf 81' lang='lat' dir='ltr'>servavit</span> <span class='ocrx_word' id='word_1_3' title='bbox 366 394 497 446; x_wconf 86' lang='lat' dir='ltr'>poeta</span> <span class='ocrx_word' id='word_1_4' title='bbox 541 388 674 431; x_wconf 88' lang='lat' dir='ltr'>etiam</span> <span class='ocrx_word' id='word_1_5' title='bbox 712 389 765 430; x_wconf 37' lang='lat' dir='ltr'>ins</span> <span class='ocrx_word' id='word_1_6' title='bbox 807 389 955 445; x_wconf 87' lang='lat' dir='ltr'>quinto</span> <span class='ocrx_word' id='word_1_7' title='bbox 1001 389 1113 431; x_wconf 90' lang='lat' dir='ltr'>libro</span> <span class='ocrx_word' id='word_1_8' title='bbox 1160 402 1364 445; x_wconf 87' lang='lat' dir='ltr'>magnum</span> <span class='ocrx_word' id='word_1_9' title='bbox 1407 398 1634 432; x_wconf 88' lang='lat' dir='ltr'>numerum</span> 
     </span>
     <span class='ocr_line' id='line_1_3' title="bbox 132 459 1634 516; baseline -0.002 -13"><span class='ocrx_word' id='word_1_10' title='bbox 132 460 483 516; x_wconf 83' lang='lat' dir='ltr'>metaphorarum</span> <span class='ocrx_word' id='word_1_11' title='bbox 506 462 550 501; x_wconf 89' lang='lat' dir='ltr'>et</span> <span class='ocrx_word' id='word_1_12' title='bbox 570 459 846 515; x_wconf 84' lang='lat' dir='ltr'>periodorum</span> <span class='ocrx_word' id='word_1_13' title='bbox 869 473 948 515; x_wconf 82' lang='lat' dir='ltr'>per</span> <span class='ocrx_word' id='word_1_14' title='bbox 968 459 1126 501; x_wconf 88' lang='lat' dir='ltr'>multos</span> <span class='ocrx_word' id='word_1_15' title='bbox 1143 473 1295 508; x_wconf 85' lang='lat' dir='ltr'>versus</span> <span class='ocrx_word' id='word_1_16' title='bbox 1313 459 1634 516; x_wconf 85' lang='lat' dir='ltr'>productarum,</span> 
     </span>
     <span class='ocr_line' id='line_1_4' title="bbox 131 527 1634 584; baseline -0.002 -12"><span class='ocrx_word' id='word_1_17' title='bbox 131 543 272 584; x_wconf 90' lang='lat' dir='ltr'>neque</span> <span class='ocrx_word' id='word_1_18' title='bbox 303 528 460 571; x_wconf 82' lang='lat' dir='ltr'>desunt</span> <span class='ocrx_word' id='word_1_19' title='bbox 506 527 769 581; x_wconf 77' lang='lat' dir='ltr'>antitheses,</span> <span class='ocrx_word' id='word_1_20' title='bbox 825 528 1177 577; x_wconf 75' lang='lat' dir='ltr'>allitterationes,</span> <span class='ocrx_word' id='word_1_21' title='bbox 1225 529 1347 570; x_wconf 87' lang='lat' dir='ltr'>lusus</span> <span class='ocrx_word' id='word_1_22' title='bbox 1388 528 1634 580; x_wconf 83' lang='lat' dir='ltr'>verborum,</span> 
     </span>
     <span class='ocr_line' id='line_1_5' title="bbox 133 596 1636 653; baseline -0.001 -13"><span class='ocrx_word' id='word_1_23' title='bbox 133 598 310 650; x_wconf 82' lang='lat' dir='ltr'>similia,</span> <span class='ocrx_word' id='word_1_24' title='bbox 352 611 375 639; x_wconf 89' lang='lat' dir='ltr'>e</span> <span class='ocrx_word' id='word_1_25' title='bbox 406 597 562 653; x_wconf 90' lang='lat' dir='ltr'>quibus</span> <span class='ocrx_word' id='word_1_26' title='bbox 602 596 752 652; x_wconf 85' lang='lat' dir='ltr'>figuris</span> <span class='ocrx_word' id='word_1_27' title='bbox 791 596 873 638; x_wconf 87' lang='lat' dir='ltr'>hoc</span> <span class='ocrx_word' id='word_1_28' title='bbox 913 597 957 637; x_wconf 91' lang='lat' dir='ltr'>in</span> <span class='ocrx_word' id='word_1_29' title='bbox 992 597 1135 652; x_wconf 87' lang='lat' dir='ltr'>capite</span> <span class='ocrx_word' id='word_1_30' title='bbox 1179 611 1253 638; x_wconf 83' lang='lat' dir='ltr'>eas</span> <span class='ocrx_word' id='word_1_31' title='bbox 1293 597 1487 649; x_wconf 77' lang='lat' dir='ltr'>enotavi,</span> <span class='ocrx_word' id='word_1_32' title='bbox 1526 610 1636 652; x_wconf 88' lang='lat' dir='ltr'>quae</span> 
     </span>
     <span class='ocr_line' id='line_1_6' title="bbox 131 666 1639 722; baseline -0.001 -13"><span class='ocrx_word' id='word_1_33' title='bbox 131 667 320 709; x_wconf 86' lang='lat' dir='ltr'>maxime</span> <span class='ocrx_word' id='word_1_34' title='bbox 374 666 532 722; x_wconf 83' lang='lat' dir='ltr'>dignae</span> <span class='ocrx_word' id='word_1_35' title='bbox 585 670 705 718; x_wconf 79' lang='lat' dir='ltr'>sunt,</span> <span class='ocrx_word' id='word_1_36' title='bbox 751 680 862 721; x_wconf 86' lang='lat' dir='ltr'>quae</span> <span class='ocrx_word' id='word_1_37' title='bbox 909 670 1317 719; x_wconf 85' lang='lat' dir='ltr'>commemorentur,</span> <span class='ocrx_word' id='word_1_38' title='bbox 1369 681 1466 708; x_wconf 89' lang='lat' dir='ltr'>cum</span> <span class='ocrx_word' id='word_1_39' title='bbox 1510 666 1639 708; x_wconf 88' lang='lat' dir='ltr'>simul</span> 
     </span>
     <span class='ocr_line' id='line_1_7' title="bbox 130 734 1541 793; baseline 0 -15"><span class='ocrx_word' id='word_1_40' title='bbox 130 741 306 793; x_wconf 85' lang='lat' dir='ltr'>poetam</span> <span class='ocrx_word' id='word_1_41' title='bbox 336 736 490 792; x_wconf 90' lang='lat' dir='ltr'>poesin</span> <span class='ocrx_word' id='word_1_42' title='bbox 521 736 565 776; x_wconf 91' lang='lat' dir='ltr'>in</span> <span class='ocrx_word' id='word_1_43' title='bbox 595 734 708 776; x_wconf 90' lang='lat' dir='ltr'>ludis</span> <span class='ocrx_word' id='word_1_44' title='bbox 739 735 967 778; x_wconf 87' lang='lat' dir='ltr'>rhetoricis</span> <span class='ocrx_word' id='word_1_45' title='bbox 999 735 1200 777; x_wconf 87' lang='lat' dir='ltr'>didicisse</span> <span class='ocrx_word' id='word_1_46' title='bbox 1232 750 1310 789; x_wconf 85' lang='lat' dir='ltr'>nos</span> <span class='ocrx_word' id='word_1_47' title='bbox 1342 735 1541 778; x_wconf 85' lang='lat' dir='ltr'>doceant.</span> 
     </span>
    </p>
   </div>
   <div class='ocr_carea' id='block_1_3' title="bbox 694 861 1069 903">
    <p class='ocr_par' dir='ltr' id='par_1_3' title="bbox 694 861 1069 903">
     <span class='ocr_line' id='line_1_8' title="bbox 694 861 1069 903; baseline 0 -1"><span class='ocrx_word' id='word_1_48' title='bbox 694 861 1069 903; x_wconf 86' lang='lat' dir='ltr'>Abundantia.</span> 
     </span>
    </p>
   </div>
   <div class='ocr_carea' id='block_1_4' title="bbox 130 942 1640 1457">
    <p class='ocr_par' dir='ltr' id='par_1_4' title="bbox 243 942 1181 999">
     <span class='ocr_line' id='line_1_9' title="bbox 243 942 1181 999; baseline 0 -15"><span class='ocrx_word' id='word_1_49' title='bbox 243 942 551 986; x_wconf 84' lang='lat' dir='ltr'>Abundantiae</span> <span class='ocrx_word' id='word_1_50' title='bbox 583 943 786 999; x_wconf 83' lang='lat' dir='ltr'>exempla</span> <span class='ocrx_word' id='word_1_51' title='bbox 818 957 1022 985; x_wconf 91' lang='lat' dir='ltr'>enumero</span> <span class='ocrx_word' id='word_1_52' title='bbox 1053 943 1181 985; x_wconf 86' lang='lat' dir='ltr'>haec:</span> 
     </span>
    </p>

    <p class='ocr_par' dir='ltr' id='par_1_5' title="bbox 130 1009 1640 1457">
     <span class='ocr_line' id='line_1_10' title="bbox 221 1009 1639 1056; baseline -0.001 -10"><span class='ocrx_word' id='word_1_53' title='bbox 221 1011 240 1046; x_wconf 99' lang='grc' dir='ltr'>Ι</span> <span class='ocrx_word' id='word_1_54' title='bbox 262 1010 308 1047; x_wconf 80' lang='grc'>27</span> <span class='ocrx_word' id='word_1_55' title='bbox 331 1011 571 1055; x_wconf 75' lang='lat' dir='ltr'>clepsisset.</span> <span class='ocrx_word' id='word_1_56' title='bbox 595 1009 731 1054; x_wconf 76' lang='lat' dir='ltr'>furto</span> <span class='ocrx_word' id='word_1_57' title='bbox 755 1010 935 1045; x_wconf 67' lang='lat' dir='ltr'>viandum.</span> <span class='ocrx_word' id='word_1_58' title='bbox 985 1011 1050 1044; x_wconf 80' lang='lat'>127</span> <span class='ocrx_word' id='word_1_59' title='bbox 1087 1011 1212 1055; x_wconf 75' lang='lat' dir='ltr'>fuqit</span> <span class='ocrx_word' id='word_1_60' title='bbox 1247 1011 1288 1045; x_wconf 77' lang='lat' dir='ltr'>in</span> <span class='ocrx_word' id='word_1_61' title='bbox 1323 1010 1491 1055; x_wconf 79' lang='lat' dir='ltr'>infernas</span> <span class='ocrx_word' id='word_1_62' title='bbox 1521 1010 1639 1056; x_wconf 63' lang='lat' dir='ltr'>caligo</span> 
     </span>
     <span class='ocr_line' id='line_1_11' title="bbox 130 1067 1640 1113; baseline 0 -10"><span class='ocrx_word' id='word_1_63' title='bbox 130 1068 267 1113; x_wconf 75' lang='lat' dir='ltr'>pulsa</span> <span class='ocrx_word' id='word_1_64' title='bbox 301 1069 479 1103; x_wconf 77' lang='lat' dir='ltr'>tenebras.</span> <span class='ocrx_word' id='word_1_65' title='bbox 528 1067 593 1103; x_wconf 89' lang='lat'>181</span> <span class='ocrx_word' id='word_1_66' title='bbox 632 1079 706 1112; x_wconf 81' lang='lat' dir='ltr'>qua</span> <span class='ocrx_word' id='word_1_67' title='bbox 741 1068 871 1103; x_wconf 84' lang='lat' dir='ltr'>cadat</span> <span class='ocrx_word' id='word_1_68' title='bbox 903 1070 940 1102; x_wconf 77' lang='lat' dir='ltr'>et</span> <span class='ocrx_word' id='word_1_69' title='bbox 972 1069 1128 1103; x_wconf 78' lang='lat' dir='ltr'>subeat</span> <span class='ocrx_word' id='word_1_70' title='bbox 1164 1068 1309 1103; x_wconf 83' lang='lat' dir='ltr'>caelum.</span> <span class='ocrx_word' id='word_1_71' title='bbox 1364 1069 1433 1103; x_wconf 80' lang='lat'>820</span> <span class='ocrx_word' id='word_1_72' title='bbox 1467 1069 1640 1103; x_wconf 81' lang='lat' dir='ltr'>arescit</span> 
     </span>
     <span class='ocr_line' id='line_1_12' title="bbox 133 1125 1633 1172; baseline 0.001 -12"><span class='ocrx_word' id='word_1_73' title='bbox 133 1125 337 1160; x_wconf 76' lang='lat' dir='ltr'>torridus</span> <span class='ocrx_word' id='word_1_74' title='bbox 361 1137 436 1160; x_wconf 88' lang='lat' dir='ltr'>aer.</span> <span class='ocrx_word' id='word_1_75' title='bbox 483 1125 552 1160; x_wconf 84' lang='lat'>834</span> <span class='ocrx_word' id='word_1_76' title='bbox 578 1125 811 1160; x_wconf 73' lang='lat' dir='ltr'>exsistunt</span> <span class='ocrx_word' id='word_1_77' title='bbox 839 1130 952 1160; x_wconf 77' lang='lat' dir='ltr'>nata</span> <span class='ocrx_word' id='word_1_78' title='bbox 982 1125 1153 1160; x_wconf 84' lang='lat' dir='ltr'>tenebris.</span> <span class='ocrx_word' id='word_1_79' title='bbox 1206 1126 1242 1160; x_wconf 91' lang='grc' dir='ltr'>Π</span> <span class='ocrx_word' id='word_1_80' title='bbox 1267 1126 1333 1160; x_wconf 78' lang='lat'>714</span> <span class='ocrx_word' id='word_1_81' title='bbox 1361 1136 1405 1160; x_wconf 82' lang='lat' dir='ltr'>ne</span> <span class='ocrx_word' id='word_1_82' title='bbox 1428 1137 1566 1172; x_wconf 74' lang='lat' dir='ltr'>vayus</span> <span class='ocrx_word' id='word_1_83' title='bbox 1593 1146 1633 1151; x_wconf 89' lang='lat'>—-</span> 
     </span>
     <span class='ocr_line' id='line_1_13' title="bbox 130 1182 1640 1227; baseline -0.001 -9"><span class='ocrx_word' id='word_1_84' title='bbox 130 1193 268 1218; x_wconf 82' lang='lat' dir='ltr'>erres.</span> <span class='ocrx_word' id='word_1_85' title='bbox 317 1182 382 1217; x_wconf 81' lang='lat'>737</span> <span class='ocrx_word' id='word_1_86' title='bbox 409 1183 502 1217; x_wconf 76' lang='lat' dir='ltr'>sicut</span> <span class='ocrx_word' id='word_1_87' title='bbox 524 1184 648 1217; x_wconf 74' lang='lat' dir='ltr'>stant</span> <span class='ocrx_word' id='word_1_88' title='bbox 673 1186 780 1217; x_wconf 81' lang='lat' dir='ltr'>astra</span> <span class='ocrx_word' id='word_1_89' title='bbox 805 1183 1003 1226; x_wconf 81' lang='lat' dir='ltr'>locata1).</span> <span class='ocrx_word' id='word_1_90' title='bbox 1058 1183 1113 1217; x_wconf 83' lang='lat'>111</span> <span class='ocrx_word' id='word_1_91' title='bbox 1141 1182 1207 1216; x_wconf 87' lang='lat'>311</span> <span class='ocrx_word' id='word_1_92' title='bbox 1236 1183 1487 1226; x_wconf 66' lang='lat' dir='ltr'>manifesta</span> <span class='ocrx_word' id='word_1_93' title='bbox 1517 1184 1640 1227; x_wconf 75' lang='lat' dir='ltr'>patet</span> 
     </span>
     <span class='ocr_line' id='line_1_14' title="bbox 131 1239 1640 1285; baseline -0.001 -10"><span class='ocrx_word' id='word_1_94' title='bbox 131 1240 251 1285; x_wconf 80' lang='lat' dir='ltr'>falsi</span> <span class='ocrx_word' id='word_1_95' title='bbox 275 1240 465 1281; x_wconf 81' lang='lat' dir='ltr'>fallacia</span> <span class='ocrx_word' id='word_1_96' title='bbox 493 1240 629 1274; x_wconf 78' lang='lat' dir='ltr'>mundi.</span> <span class='ocrx_word' id='word_1_97' title='bbox 677 1241 743 1275; x_wconf 82' lang='lat'>389</span> <span class='ocrx_word' id='word_1_98' title='bbox 768 1251 812 1275; x_wconf 76' lang='lat' dir='ltr'>ue</span> <span class='ocrx_word' id='word_1_99' title='bbox 835 1240 997 1284; x_wconf 82' lang='lat' dir='ltr'>falsus</span> <span class='ocrx_word' id='word_1_100' title='bbox 1023 1239 1138 1274; x_wconf 83' lang='lat' dir='ltr'>dubia</span> <span class='ocrx_word' id='word_1_101' title='bbox 1162 1240 1305 1275; x_wconf 78' lang='lat' dir='ltr'>ratione</span> <span class='ocrx_word' id='word_1_102' title='bbox 1329 1244 1451 1275; x_wconf 80' lang='lat' dir='ltr'>erret.</span> <span class='ocrx_word' id='word_1_103' title='bbox 1498 1240 1547 1274; x_wconf 93' lang='lat' dir='ltr'>IV</span> <span class='ocrx_word' id='word_1_104' title='bbox 1574 1240 1640 1274; x_wconf 74' lang='lat'>124</span> 
     </span>
     <span class='ocr_line' id='line_1_15' title="bbox 130 1297 1638 1342; baseline -0.001 -9"><span class='ocrx_word' id='word_1_105' title='bbox 130 1297 252 1333; x_wconf 73' lang='lat' dir='ltr'>dives</span> <span class='ocrx_word' id='word_1_106' title='bbox 275 1297 484 1342; x_wconf 81' lang='lat' dir='ltr'>fecundis</span> <span class='ocrx_word' id='word_1_107' title='bbox 509 1298 620 1333; x_wconf 84' lang='lat' dir='ltr'>Aries</span> <span class='ocrx_word' id='word_1_108' title='bbox 644 1299 683 1332; x_wconf 78' lang='lat' dir='ltr'>in</span> <span class='ocrx_word' id='word_1_109' title='bbox 708 1299 840 1333; x_wconf 78' lang='lat' dir='ltr'>vellera</span> <span class='ocrx_word' id='word_1_110' title='bbox 866 1298 975 1333; x_wconf 74' lang='lat' dir='ltr'>lanis.</span> <span class='ocrx_word' id='word_1_111' title='bbox 1023 1298 1090 1332; x_wconf 88' lang='lat'>884</span> <span class='ocrx_word' id='word_1_112' title='bbox 1121 1302 1258 1342; x_wconf 81' lang='lat' dir='ltr'>capto</span> <span class='ocrx_word' id='word_1_113' title='bbox 1280 1297 1472 1342; x_wconf 81' lang='lat' dir='ltr'>potimur</span> <span class='ocrx_word' id='word_1_114' title='bbox 1497 1298 1638 1332; x_wconf 84' lang='lat' dir='ltr'>mundo.</span> 
     </span>
     <span class='ocr_line' id='line_1_16' title="bbox 133 1355 1639 1400; baseline 0 -11"><span class='ocrx_word' id='word_1_115' title='bbox 133 1355 162 1389; x_wconf 91' lang='lat' dir='ltr'><strong>V</strong></span> <span class='ocrx_word' id='word_1_116' title='bbox 189 1355 256 1389; x_wconf 83' lang='lat'>732</span> <span class='ocrx_word' id='word_1_117' title='bbox 280 1359 367 1400; x_wconf 80' lang='lat' dir='ltr'>quot</span> <span class='ocrx_word' id='word_1_118' title='bbox 391 1355 584 1399; x_wconf 83' lang='lat' dir='ltr'>delapsa</span> <span class='ocrx_word' id='word_1_119' title='bbox 608 1355 775 1390; x_wconf 76' lang='lat' dir='ltr'>cadant</span> <span class='ocrx_word' id='word_1_120' title='bbox 799 1355 974 1399; x_wconf 84' lang='lat' dir='ltr'>foliorum</span> <span class='ocrx_word' id='word_1_121' title='bbox 997 1355 1111 1390; x_wconf 84' lang='lat' dir='ltr'>milia.</span> <span class='ocrx_word' id='word_1_122' title='bbox 1161 1355 1204 1390; x_wconf 89' lang='lat' dir='ltr'>cf.</span> <span class='ocrx_word' id='word_1_123' title='bbox 1231 1355 1343 1389; x_wconf 83' lang='lat' dir='ltr'>etiam</span> <span class='ocrx_word' id='word_1_124' title='bbox 1368 1355 1401 1389; x_wconf 95' lang='lat' dir='ltr'><strong>V</strong></span> <span class='ocrx_word' id='word_1_125' title='bbox 1424 1355 1493 1389; x_wconf 89' lang='grc'>464</span> <span class='ocrx_word' id='word_1_126' title='bbox 1516 1356 1639 1390; x_wconf 83' lang='lat' dir='ltr'>solem-</span> 
     </span>
     <span class='ocr_line' id='line_1_17' title="bbox 133 1413 1058 1457; baseline 0.002 -12"><span class='ocrx_word' id='word_1_127' title='bbox 133 1422 203 1456; x_wconf 81' lang='lat' dir='ltr'>que</span> <span class='ocrx_word' id='word_1_128' title='bbox 224 1422 407 1446; x_wconf 83' lang='lat' dir='ltr'>reversum</span> <span class='ocrx_word' id='word_1_129' title='bbox 432 1413 464 1446; x_wconf 83' lang='lat' dir='ltr'>et</span> <span class='ocrx_word' id='word_1_130' title='bbox 485 1422 654 1446; x_wconf 84' lang='lat' dir='ltr'>caecum</span> <span class='ocrx_word' id='word_1_131' title='bbox 680 1413 776 1447; x_wconf 74' lang='lat' dir='ltr'>sine</span> <span class='ocrx_word' id='word_1_132' title='bbox 798 1413 930 1457; x_wconf 81' lang='lat' dir='ltr'>sole2)</span> <span class='ocrx_word' id='word_1_133' title='bbox 954 1413 1058 1448; x_wconf 86' lang='lat' dir='ltr'>diem.</span> 
     </span>
    </p>
   </div>
   <div class='ocr_carea' id='block_1_5' title="bbox 653 1527 1126 1570">
    <p class='ocr_par' dir='ltr' id='par_1_6' title="bbox 653 1527 1126 1570">
     <span class='ocr_line' id='line_1_18' title="bbox 653 1527 1126 1570; baseline 0.002 -1"><span class='ocrx_word' id='word_1_134' title='bbox 653 1527 1079 1570; x_wconf 88' lang='lat' dir='ltr'>Allitteratione</span> <span class='ocrx_word' id='word_1_135' title='bbox 1094 1543 1126 1569; x_wconf 90' lang='lat' dir='ltr'>s.</span> 
     </span>
    </p>
   </div>
   <div class='ocr_carea' id='block_1_6' title="bbox 134 1606 1640 1735">
    <p class='ocr_par' dir='ltr' id='par_1_7' title="bbox 134 1606 1640 1735">
     <span class='ocr_line' id='line_1_19' title="bbox 255 1606 1640 1666; baseline 0.001 -18"><span class='ocrx_word' id='word_1_136' title='bbox 255 1606 656 1650; x_wconf 86' lang='lat' dir='ltr'>Allitterationibus</span> <span class='ocrx_word' id='word_1_137' title='bbox 687 1614 818 1666; x_wconf 84' lang='lat' dir='ltr'>poeta</span> <span class='ocrx_word' id='word_1_138' title='bbox 850 1610 1104 1666; x_wconf 84' lang='lat' dir='ltr'>saepissime</span> <span class='ocrx_word' id='word_1_139' title='bbox 1135 1624 1240 1651; x_wconf 89' lang='lat' dir='ltr'>usus</span> <span class='ocrx_word' id='word_1_140' title='bbox 1273 1614 1358 1659; x_wconf 88' lang='lat' dir='ltr'>est;</span> <span class='ocrx_word' id='word_1_141' title='bbox 1390 1609 1512 1651; x_wconf 88' lang='lat' dir='ltr'>cuius</span> <span class='ocrx_word' id='word_1_142' title='bbox 1544 1623 1640 1650; x_wconf 89' lang='lat' dir='ltr'>cum</span> 
     </span>
     <span class='ocr_line' id='line_1_20' title="bbox 134 1675 1638 1735; baseline 0.002 -18"><span class='ocrx_word' id='word_1_143' title='bbox 134 1675 311 1732; x_wconf 89' lang='lat' dir='ltr'>longum</span> <span class='ocrx_word' id='word_1_144' title='bbox 342 1677 398 1718; x_wconf 88' lang='lat' dir='ltr'>sit</span> <span class='ocrx_word' id='word_1_145' title='bbox 428 1678 571 1719; x_wconf 87' lang='lat' dir='ltr'>omnia</span> <span class='ocrx_word' id='word_1_146' title='bbox 593 1679 795 1734; x_wconf 83' lang='lat' dir='ltr'>exempla</span> <span class='ocrx_word' id='word_1_147' title='bbox 819 1693 1087 1732; x_wconf 83' lang='lat' dir='ltr'>enumerare,</span> <span class='ocrx_word' id='word_1_148' title='bbox 1119 1692 1337 1735; x_wconf 86' lang='lat' dir='ltr'>perpauca</span> <span class='ocrx_word' id='word_1_149' title='bbox 1368 1683 1412 1720; x_wconf 89' lang='lat' dir='ltr'>et</span> <span class='ocrx_word' id='word_1_150' title='bbox 1441 1679 1638 1720; x_wconf 89' lang='lat' dir='ltr'>luculen-</span> 
     </span>
    </p>
   </div>
   <div class='ocr_carea' id='block_1_7' title="bbox 133 1744 791 1789">
    <p class='ocr_par' dir='ltr' id='par_1_8' title="bbox 133 1744 791 1789">
     <span class='ocr_line' id='line_1_21' title="bbox 133 1744 791 1789; baseline 0.003 -3"><span class='ocrx_word' id='word_1_151' title='bbox 133 1744 302 1787; x_wconf 85' lang='lat' dir='ltr'>tissima</span> <span class='ocrx_word' id='word_1_152' title='bbox 333 1744 552 1788; x_wconf 86' lang='lat' dir='ltr'>delibasse</span> <span class='ocrx_word' id='word_1_153' title='bbox 585 1747 791 1789; x_wconf 86' lang='lat' dir='ltr'>sufficiat:</span> 
     </span>
    </p>
   </div>
   <div class='ocr_carea' id='block_1_8' title="bbox 134 1813 1644 2551">
    <p class='ocr_par' dir='ltr' id='par_1_9' title="bbox 134 1813 1644 2551">
     <span class='ocr_line' id='line_1_22' title="bbox 223 1813 1641 1860; baseline 0.001 -12"><span class='ocrx_word' id='word_1_154' title='bbox 223 1813 243 1848; x_wconf 92' lang='grc' dir='ltr'>Ι</span> <span class='ocrx_word' id='word_1_155' title='bbox 267 1813 287 1847; x_wconf 82' lang='grc'><strong>7</strong></span> <span class='ocrx_word' id='word_1_156' title='bbox 311 1832 355 1838; x_wconf 93' lang='lat'>—</span> <span class='ocrx_word' id='word_1_157' title='bbox 374 1815 536 1857; x_wconf 78' lang='lat' dir='ltr'>patriae</span> <span class='ocrx_word' id='word_1_158' title='bbox 560 1815 812 1860; x_wconf 76' lang='lat' dir='ltr'>princepsque</span> <span class='ocrx_word' id='word_1_159' title='bbox 831 1819 1027 1860; x_wconf 80' lang='lat' dir='ltr'>paterque.</span> <span class='ocrx_word' id='word_1_160' title='bbox 1046 1817 1060 1859; x_wconf 81' lang='lat' dir='ltr'>ll</span> <span class='ocrx_word' id='word_1_161' title='bbox 1080 1816 1098 1850; x_wconf 97' lang='lat' dir='ltr'>I</span> <span class='ocrx_word' id='word_1_162' title='bbox 1123 1816 1187 1850; x_wconf 85' lang='lat'>171</span> <span class='ocrx_word' id='word_1_163' title='bbox 1218 1817 1367 1860; x_wconf 82' lang='lat' dir='ltr'>Ictaque</span> <span class='ocrx_word' id='word_1_164' title='bbox 1390 1819 1522 1850; x_wconf 79' lang='lat' dir='ltr'>contra</span> <span class='ocrx_word' id='word_1_165' title='bbox 1546 1815 1641 1850; x_wconf 75' lang='lat' dir='ltr'>actis</span> 
     </span>
     <span class='ocr_line' id='line_1_23' title="bbox 134 1870 1643 1919; baseline 0.002 -15"><span class='ocrx_word' id='word_1_166' title='bbox 134 1870 342 1906; x_wconf 71' lang='lat' dir='ltr'>consistunt</span> <span class='ocrx_word' id='word_1_167' title='bbox 374 1881 536 1916; x_wconf 80' lang='lat' dir='ltr'>corpora</span> <span class='ocrx_word' id='word_1_168' title='bbox 562 1873 697 1919; x_wconf 78' lang='lat' dir='ltr'>playis.</span> <span class='ocrx_word' id='word_1_169' title='bbox 721 1875 736 1917; x_wconf 79' lang='grc' dir='ltr'>ΙΙ</span> <span class='ocrx_word' id='word_1_170' title='bbox 762 1874 780 1908; x_wconf 93' lang='grc' dir='ltr'>Ι</span> <span class='ocrx_word' id='word_1_171' title='bbox 803 1873 873 1907; x_wconf 79' lang='lat'>230</span> <span class='ocrx_word' id='word_1_172' title='bbox 903 1873 976 1908; x_wconf 83' lang='lat' dir='ltr'>Sed</span> <span class='ocrx_word' id='word_1_173' title='bbox 1010 1873 1098 1918; x_wconf 84' lang='lat' dir='ltr'>quia</span> <span class='ocrx_word' id='word_1_174' title='bbox 1124 1884 1194 1917; x_wconf 79' lang='lat' dir='ltr'>per</span> <span class='ocrx_word' id='word_1_175' title='bbox 1224 1876 1370 1908; x_wconf 81' lang='lat' dir='ltr'>teretem</span> <span class='ocrx_word' id='word_1_176' title='bbox 1401 1873 1556 1908; x_wconf 79' lang='lat' dir='ltr'>deducta</span> <span class='ocrx_word' id='word_1_177' title='bbox 1589 1877 1643 1908; x_wconf 82' lang='lat' dir='ltr'>est</span> 
     </span>
     <span class='ocr_line' id='line_1_24' title="bbox 135 1929 1641 1976; baseline 0.004 -15"><span class='ocrx_word' id='word_1_178' title='bbox 135 1929 238 1962; x_wconf 79' lang='lat' dir='ltr'>terra</span> <span class='ocrx_word' id='word_1_179' title='bbox 261 1930 448 1965; x_wconf 78' lang='lat' dir='ltr'>tumorem.</span> <span class='ocrx_word' id='word_1_180' title='bbox 466 1932 479 1974; x_wconf 70' lang='grc' dir='ltr'>ΙΙ</span> <span class='ocrx_word' id='word_1_181' title='bbox 503 1931 522 1966; x_wconf 93' lang='grc' dir='ltr'>Ι</span> <span class='ocrx_word' id='word_1_182' title='bbox 544 1931 611 1966; x_wconf 75' lang='lat'>269</span> <span class='ocrx_word' id='word_1_183' title='bbox 649 1933 695 1965; x_wconf 81' lang='lat' dir='ltr'>In</span> <span class='ocrx_word' id='word_1_184' title='bbox 717 1932 829 1967; x_wconf 80' lang='lat' dir='ltr'>cuius</span> <span class='ocrx_word' id='word_1_185' title='bbox 855 1931 1014 1966; x_wconf 80' lang='lat' dir='ltr'>caudam</span> <span class='ocrx_word' id='word_1_186' title='bbox 1038 1934 1207 1968; x_wconf 75' lang='lat' dir='ltr'>contento</span> <span class='ocrx_word' id='word_1_187' title='bbox 1232 1931 1360 1976; x_wconf 79' lang='lat' dir='ltr'>diriqit</span> <span class='ocrx_word' id='word_1_188' title='bbox 1385 1942 1485 1967; x_wconf 80' lang='lat' dir='ltr'>arcu.</span> <span class='ocrx_word' id='word_1_189' title='bbox 1503 1934 1516 1976; x_wconf 76' lang='grc' dir='ltr'>ΙΙ</span> <span class='ocrx_word' id='word_1_190' title='bbox 1532 1932 1550 1967; x_wconf 94' lang='grc' dir='ltr'>Ι</span> <span class='ocrx_word' id='word_1_191' title='bbox 1573 1932 1641 1967; x_wconf 81' lang='lat'>329</span> 
     </span>
     <span class='ocr_line' id='line_1_25' title="bbox 139 1985 1644 2034; baseline 0.003 -14"><span class='ocrx_word' id='word_1_192' title='bbox 139 1985 247 2020; x_wconf 78' lang='lat' dir='ltr'>Tunc</span> <span class='ocrx_word' id='word_1_193' title='bbox 276 1986 396 2022; x_wconf 79' lang='lat' dir='ltr'>silvas</span> <span class='ocrx_word' id='word_1_194' title='bbox 426 1989 461 2022; x_wconf 84' lang='lat' dir='ltr'>et</span> <span class='ocrx_word' id='word_1_195' title='bbox 487 1998 587 2023; x_wconf 80' lang='lat' dir='ltr'>saxa</span> <span class='ocrx_word' id='word_1_196' title='bbox 617 1988 786 2030; x_wconf 82' lang='lat' dir='ltr'>trahens,</span> <span class='ocrx_word' id='word_1_197' title='bbox 818 2001 913 2024; x_wconf 82' lang='lat' dir='ltr'>nunc</span> <span class='ocrx_word' id='word_1_198' title='bbox 935 1989 1062 2024; x_wconf 80' lang='lat' dir='ltr'>sidera</span> <span class='ocrx_word' id='word_1_199' title='bbox 1086 1989 1197 2024; x_wconf 82' lang='lat' dir='ltr'>ducit.</span> <span class='ocrx_word' id='word_1_200' title='bbox 1216 1990 1230 2034; x_wconf 83' lang='lat' dir='ltr'>ll</span> <span class='ocrx_word' id='word_1_201' title='bbox 1251 1990 1270 2024; x_wconf 95' lang='lat' dir='ltr'>I</span> <span class='ocrx_word' id='word_1_202' title='bbox 1292 1990 1360 2024; x_wconf 82' lang='lat'>396</span> <span class='ocrx_word' id='word_1_203' title='bbox 1401 1989 1644 2034; x_wconf 77' lang='lat' dir='ltr'>Subsequitur</span> 
     </span>
     <span class='ocr_line' id='line_1_26' title="bbox 135 2042 1641 2092; baseline 0.003 -15"><span class='ocrx_word' id='word_1_204' title='bbox 135 2042 271 2087; x_wconf 79' lang='lat' dir='ltr'>rapido</span> <span class='ocrx_word' id='word_1_205' title='bbox 295 2046 467 2080; x_wconf 76' lang='lat' dir='ltr'>contenta</span> <span class='ocrx_word' id='word_1_206' title='bbox 495 2045 676 2080; x_wconf 77' lang='lat' dir='ltr'>Canicula</span> <span class='ocrx_word' id='word_1_207' title='bbox 700 2057 827 2081; x_wconf 77' lang='lat' dir='ltr'>cursu.</span> <span class='ocrx_word' id='word_1_208' title='bbox 851 2047 866 2090; x_wconf 75' lang='lat' dir='ltr'>ss</span> <span class='ocrx_word' id='word_1_209' title='bbox 893 2047 911 2082; x_wconf 94' lang='lat' dir='ltr'>I</span> <span class='ocrx_word' id='word_1_210' title='bbox 934 2046 1003 2081; x_wconf 83' lang='lat'>405</span> <span class='ocrx_word' id='word_1_211' title='bbox 1034 2047 1141 2081; x_wconf 84' lang='lat' dir='ltr'>Bella</span> <span class='ocrx_word' id='word_1_212' title='bbox 1170 2047 1269 2088; x_wconf 77' lang='lat' dir='ltr'>facit</span> <span class='ocrx_word' id='word_1_213' title='bbox 1294 2057 1491 2092; x_wconf 79' lang='lat' dir='ltr'>pacemque</span> <span class='ocrx_word' id='word_1_214' title='bbox 1515 2048 1641 2088; x_wconf 76' lang='lat' dir='ltr'>refert,</span> 
     </span>
     <span class='ocr_line' id='line_1_27' title="bbox 136 2101 1642 2151; baseline 0.003 -16"><span class='ocrx_word' id='word_1_215' title='bbox 136 2101 312 2146; x_wconf 76' lang='lat' dir='ltr'>varieque</span> <span class='ocrx_word' id='word_1_216' title='bbox 336 2107 534 2138; x_wconf 78' lang='lat' dir='ltr'>revertens.</span> <span class='ocrx_word' id='word_1_217' title='bbox 553 2105 567 2148; x_wconf 80' lang='grc' dir='ltr'>ΙΙ</span> <span class='ocrx_word' id='word_1_218' title='bbox 582 2104 601 2138; x_wconf 95' lang='lat' dir='ltr'>I</span> <span class='ocrx_word' id='word_1_219' title='bbox 625 2103 693 2139; x_wconf 87' lang='lat'>406</span> <span class='ocrx_word' id='word_1_220' title='bbox 728 2104 789 2139; x_wconf 86' lang='lat' dir='ltr'>Sic</span> <span class='ocrx_word' id='word_1_221' title='bbox 811 2108 948 2146; x_wconf 83' lang='lat' dir='ltr'>movet,</span> <span class='ocrx_word' id='word_1_222' title='bbox 973 2106 1014 2139; x_wconf 79' lang='lat' dir='ltr'>ut</span> <span class='ocrx_word' id='word_1_223' title='bbox 1037 2104 1134 2139; x_wconf 66' lang='lat' dir='ltr'>vidit</span> <span class='ocrx_word' id='word_1_224' title='bbox 1157 2104 1350 2146; x_wconf 81' lang='lat' dir='ltr'>mundum,</span> <span class='ocrx_word' id='word_1_225' title='bbox 1375 2106 1553 2150; x_wconf 71' lang='lat' dir='ltr'>‘vultuque</span> <span class='ocrx_word' id='word_1_226' title='bbox 1575 2116 1642 2151; x_wconf 76' lang='lat' dir='ltr'>qu-</span> 
     </span>
     <span class='ocr_line' id='line_1_28' title="bbox 137 2157 1644 2207; baseline 0.003 -15"><span class='ocrx_word' id='word_1_227' title='bbox 137 2157 276 2194; x_wconf 78' lang='lat' dir='ltr'>bemat.</span> <span class='ocrx_word' id='word_1_228' title='bbox 300 2160 314 2203; x_wconf 86' lang='grc' dir='ltr'>ΙΙ</span> <span class='ocrx_word' id='word_1_229' title='bbox 341 2159 360 2193; x_wconf 98' lang='grc' dir='ltr'>Ι</span> <span class='ocrx_word' id='word_1_230' title='bbox 382 2159 450 2194; x_wconf 80' lang='grc'>547</span> <span class='ocrx_word' id='word_1_231' title='bbox 485 2160 637 2204; x_wconf 69' lang='lat' dir='ltr'>Exiyuo</span> <span class='ocrx_word' id='word_1_232' title='bbox 662 2161 844 2196; x_wconf 72' lang='lat' dir='ltr'>dirimens</span> <span class='ocrx_word' id='word_1_233' title='bbox 868 2161 1025 2196; x_wconf 82' lang='lat' dir='ltr'>solidam</span> <span class='ocrx_word' id='word_1_234' title='bbox 1050 2161 1266 2197; x_wconf 80' lang='lat' dir='ltr'>discrimine</span> <span class='ocrx_word' id='word_1_235' title='bbox 1293 2172 1480 2198; x_wconf 79' lang='lat' dir='ltr'>summam.</span> <span class='ocrx_word' id='word_1_236' title='bbox 1497 2164 1511 2207; x_wconf 82' lang='grc'>11</span> <span class='ocrx_word' id='word_1_237' title='bbox 1534 2163 1552 2198; x_wconf 94' lang='grc' dir='ltr'>Ι</span> <span class='ocrx_word' id='word_1_238' title='bbox 1575 2162 1644 2197; x_wconf 85' lang='grc'>605</span> 
     </span>
     <span class='ocr_line' id='line_1_29' title="bbox 134 2214 1644 2264; baseline 0.003 -14"><span class='ocrx_word' id='word_1_239' title='bbox 134 2214 253 2260; x_wconf 82' lang='lat' dir='ltr'>Seque</span> <span class='ocrx_word' id='word_1_240' title='bbox 282 2218 409 2251; x_wconf 82' lang='lat' dir='ltr'>secant</span> <span class='ocrx_word' id='word_1_241' title='bbox 435 2217 576 2262; x_wconf 64' lang='lat' dir='ltr'>gemino</span> <span class='ocrx_word' id='word_1_242' title='bbox 601 2222 772 2253; x_wconf 81' lang='lat' dir='ltr'>coeuntes</span> <span class='ocrx_word' id='word_1_243' title='bbox 797 2219 951 2254; x_wconf 80' lang='lat' dir='ltr'>cardine</span> <span class='ocrx_word' id='word_1_244' title='bbox 974 2219 1111 2254; x_wconf 84' lang='lat' dir='ltr'>mundi.</span> <span class='ocrx_word' id='word_1_245' title='bbox 1130 2221 1144 2264; x_wconf 88' lang='grc' dir='ltr'>ΙΙ</span> <span class='ocrx_word' id='word_1_246' title='bbox 1164 2220 1182 2254; x_wconf 95' lang='lat' dir='ltr'>I</span> <span class='ocrx_word' id='word_1_247' title='bbox 1205 2219 1273 2254; x_wconf 87' lang='lat'>804</span> <span class='ocrx_word' id='word_1_248' title='bbox 1313 2220 1384 2264; x_wconf 71' lang='lat' dir='ltr'>Qui</span> <span class='ocrx_word' id='word_1_249' title='bbox 1406 2220 1546 2254; x_wconf 78' lang='lat' dir='ltr'>virtute</span> <span class='ocrx_word' id='word_1_250' title='bbox 1569 2230 1644 2254; x_wconf 85' lang='lat' dir='ltr'>sua</span> 
     </span>
     <span class='ocr_line' id='line_1_30' title="bbox 135 2272 1643 2322; baseline 0.003 -15"><span class='ocrx_word' id='word_1_251' title='bbox 135 2272 272 2308; x_wconf 78' lang='lat' dir='ltr'>similes</span> <span class='ocrx_word' id='word_1_252' title='bbox 302 2273 466 2319; x_wconf 62' lang='lat' dir='ltr'>vestigia</span> <span class='ocrx_word' id='word_1_253' title='bbox 500 2276 662 2319; x_wconf 65' lang='lat' dir='ltr'>tangunt.</span> <span class='ocrx_word' id='word_1_254' title='bbox 688 2277 701 2319; x_wconf 84' lang='grc' dir='ltr'>Η</span> <span class='ocrx_word' id='word_1_255' title='bbox 730 2276 749 2310; x_wconf 90' lang='grc' dir='ltr'>Ι</span> <span class='ocrx_word' id='word_1_256' title='bbox 776 2276 843 2310; x_wconf 90' lang='grc'>883</span> <span class='ocrx_word' id='word_1_257' title='bbox 879 2277 1041 2312; x_wconf 79' lang='lat' dir='ltr'>Publica</span> <span class='ocrx_word' id='word_1_258' title='bbox 1071 2277 1256 2311; x_wconf 81' lang='lat' dir='ltr'>succensis</span> <span class='ocrx_word' id='word_1_259' title='bbox 1286 2281 1526 2322; x_wconf 78' lang='lat' dir='ltr'>peraquntur</span> <span class='ocrx_word' id='word_1_260' title='bbox 1557 2277 1643 2321; x_wconf 81' lang='lat' dir='ltr'>fata</span> 
     </span>
     <span class='ocr_line' id='line_1_31' title="bbox 135 2330 1641 2380; baseline 0.002 -15"><span class='ocrx_word' id='word_1_261' title='bbox 135 2330 324 2375; x_wconf 78' lang='lat' dir='ltr'>sepulcris.</span> <span class='ocrx_word' id='word_1_262' title='bbox 342 2333 356 2375; x_wconf 82' lang='grc'>11</span> <span class='ocrx_word' id='word_1_263' title='bbox 372 2332 390 2366; x_wconf 94' lang='grc' dir='ltr'>Ι</span> <span class='ocrx_word' id='word_1_264' title='bbox 413 2332 481 2366; x_wconf 86' lang='grc'>913</span> <span class='ocrx_word' id='word_1_265' title='bbox 503 2333 650 2377; x_wconf 79' lang='lat' dir='ltr'>Perque</span> <span class='ocrx_word' id='word_1_266' title='bbox 674 2334 807 2377; x_wconf 77' lang='lat' dir='ltr'>patris</span> <span class='ocrx_word' id='word_1_267' title='bbox 826 2338 946 2378; x_wconf 79' lang='lat' dir='ltr'>pater</span> <span class='ocrx_word' id='word_1_268' title='bbox 971 2337 1160 2378; x_wconf 59' lang='lat' dir='ltr'>Augustus</span> <span class='ocrx_word' id='word_1_269' title='bbox 1182 2335 1342 2380; x_wconf 73' lang='lat' dir='ltr'>‘vestiqia</span> <span class='ocrx_word' id='word_1_270' title='bbox 1365 2335 1465 2370; x_wconf 83' lang='lat' dir='ltr'>vicit.</span> <span class='ocrx_word' id='word_1_271' title='bbox 1494 2336 1508 2379; x_wconf 85' lang='grc'>11</span> <span class='ocrx_word' id='word_1_272' title='bbox 1545 2335 1583 2370; x_wconf 88' lang='grc' dir='ltr'>Π</span> <span class='ocrx_word' id='word_1_273' title='bbox 1599 2334 1641 2368; x_wconf 78' lang='grc'>67</span> 
     </span>
     <span class='ocr_line' id='line_1_32' title="bbox 139 2387 1641 2436; baseline 0.003 -14"><span class='ocrx_word' id='word_1_274' title='bbox 139 2387 245 2434; x_wconf 77' lang='lat' dir='ltr'>Quod</span> <span class='ocrx_word' id='word_1_275' title='bbox 279 2389 356 2424; x_wconf 78' lang='lat' dir='ltr'>nisi</span> <span class='ocrx_word' id='word_1_276' title='bbox 389 2390 561 2434; x_wconf 68' lang='lat' dir='ltr'>aequatis</span> <span class='ocrx_word' id='word_1_277' title='bbox 594 2390 776 2426; x_wconf 68' lang='lat' dir='ltr'>onembris</span> <span class='ocrx_word' id='word_1_278' title='bbox 812 2395 986 2426; x_wconf 78' lang='lat' dir='ltr'>contexta</span> <span class='ocrx_word' id='word_1_279' title='bbox 1021 2394 1204 2427; x_wconf 81' lang='lat' dir='ltr'>maneret.</span> <span class='ocrx_word' id='word_1_280' title='bbox 1223 2393 1236 2436; x_wconf 89' lang='grc' dir='ltr'>ΙΙ</span> <span class='ocrx_word' id='word_1_281' title='bbox 1259 2393 1296 2427; x_wconf 91' lang='grc' dir='ltr'>Π</span> <span class='ocrx_word' id='word_1_282' title='bbox 1320 2392 1387 2427; x_wconf 86' lang='grc'>138</span> <span class='ocrx_word' id='word_1_283' title='bbox 1423 2392 1497 2428; x_wconf 80' lang='lat' dir='ltr'>Sed</span> <span class='ocrx_word' id='word_1_284' title='bbox 1535 2392 1641 2426; x_wconf 84' lang='lat' dir='ltr'>solus</span> 
     </span>
     <span class='ocr_line' id='line_1_33' title="bbox 135 2447 1643 2493; baseline 0.002 -13"><span class='ocrx_word' id='word_1_285' title='bbox 135 2455 256 2480; x_wconf 81' lang='lat' dir='ltr'>vacuo</span> <span class='ocrx_word' id='word_1_286' title='bbox 280 2447 397 2481; x_wconf 76' lang='lat' dir='ltr'>veluti</span> <span class='ocrx_word' id='word_1_287' title='bbox 411 2450 576 2483; x_wconf 73' lang='lat' dir='ltr'>vectatus</span> <span class='ocrx_word' id='word_1_288' title='bbox 600 2449 638 2482; x_wconf 81' lang='lat' dir='ltr'>in</span> <span class='ocrx_word' id='word_1_289' title='bbox 663 2448 759 2483; x_wconf 86' lang='lat' dir='ltr'>orbe.</span> <span class='ocrx_word' id='word_1_290' title='bbox 777 2450 791 2493; x_wconf 78' lang='grc' dir='ltr'>ΙΙ</span> <span class='ocrx_word' id='word_1_291' title='bbox 806 2449 842 2484; x_wconf 91' lang='grc' dir='ltr'><strong>Π</strong></span> <span class='ocrx_word' id='word_1_292' title='bbox 858 2449 927 2484; x_wconf 79' lang='lat'>215</span> <span class='ocrx_word' id='word_1_293' title='bbox 954 2449 1082 2484; x_wconf 80' lang='lat' dir='ltr'>Omnia</span> <span class='ocrx_word' id='word_1_294' title='bbox 1105 2450 1286 2484; x_wconf 80' lang='lat' dir='ltr'>dicuntur</span> <span class='ocrx_word' id='word_1_295' title='bbox 1309 2450 1425 2484; x_wconf 77' lang='lat' dir='ltr'>simili</span> <span class='ocrx_word' id='word_1_296' title='bbox 1447 2448 1517 2484; x_wconf 84' lang='lat' dir='ltr'>sub</span> <span class='ocrx_word' id='word_1_297' title='bbox 1542 2450 1643 2483; x_wconf 76' lang='lat' dir='ltr'>sorte</span> 
     </span>
     <span class='ocr_line' id='line_1_34' title="bbox 137 2503 1640 2551; baseline 0.001 -13"><span class='ocrx_word' id='word_1_298' title='bbox 137 2503 323 2548; x_wconf 76' lang='lat' dir='ltr'>diurna.11</span> <span class='ocrx_word' id='word_1_299' title='bbox 345 2504 382 2538; x_wconf 93' lang='grc' dir='ltr'>Π</span> <span class='ocrx_word' id='word_1_300' title='bbox 405 2503 472 2539; x_wconf 84' lang='grc'>437</span> <span class='ocrx_word' id='word_1_301' title='bbox 511 2504 682 2540; x_wconf 73' lang='lat' dir='ltr'>Condidit</span> <span class='ocrx_word' id='word_1_302' title='bbox 711 2510 744 2541; x_wconf 87' lang='lat' dir='ltr'>et</span> <span class='ocrx_word' id='word_1_303' title='bbox 771 2506 902 2541; x_wconf 78' lang='lat' dir='ltr'>varias</span> <span class='ocrx_word' id='word_1_304' title='bbox 932 2517 1042 2549; x_wconf 67' lang='lat' dir='ltr'>sacro</span> <span class='ocrx_word' id='word_1_305' title='bbox 1075 2508 1145 2542; x_wconf 85' lang='lat' dir='ltr'>sub</span> <span class='ocrx_word' id='word_1_306' title='bbox 1175 2508 1317 2542; x_wconf 75' lang='lat' dir='ltr'>nomine</span> <span class='ocrx_word' id='word_1_307' title='bbox 1339 2507 1449 2542; x_wconf 79' lang='lat' dir='ltr'>vires.</span> <span class='ocrx_word' id='word_1_308' title='bbox 1473 2509 1487 2551; x_wconf 80' lang='grc' dir='ltr'>ΙΙ</span> <span class='ocrx_word' id='word_1_309' title='bbox 1515 2507 1550 2542; x_wconf 90' lang='lat'>11</span> <span class='ocrx_word' id='word_1_310' title='bbox 1573 2506 1640 2540; x_wconf 87' lang='grc'>446</span> 
     </span>
    </p>
   </div>
   <div class='ocr_carea' id='block_1_9' title="bbox 137 2585 409 2590">
    <p class='ocr_par' dir='ltr' id='par_1_10' title="bbox 137 2585 409 2590">
     <span class='ocr_line' id='line_1_35' title="bbox 137 2585 409 2590; baseline 0 0"><span class='ocrx_word' id='word_1_311' title='bbox 137 2585 409 2590; x_wconf 95' lang='lat' dir='ltr'> </span> 
     </span>
    </p>
   </div>
   <div class='ocr_carea' id='block_1_10' title="bbox 140 2650 1644 2815">
    <p class='ocr_par' dir='ltr' id='par_1_11' title="bbox 140 2650 1644 2815">
     <span class='ocr_line' id='line_1_36' title="bbox 234 2650 1643 2700; baseline 0.002 -15"><span class='ocrx_word' id='word_1_312' title='bbox 234 2651 261 2695; x_wconf 86' lang='lat'>¹)</span> <span class='ocrx_word' id='word_1_313' title='bbox 287 2650 517 2696; x_wconf 84' lang='lat' dir='ltr'>Quamquam</span> <span class='ocrx_word' id='word_1_314' title='bbox 540 2653 695 2687; x_wconf 80' lang='lat' dir='ltr'>standi</span> <span class='ocrx_word' id='word_1_315' title='bbox 717 2653 828 2689; x_wconf 89' lang='lat' dir='ltr'>verbo</span> <span class='ocrx_word' id='word_1_316' title='bbox 845 2653 1021 2689; x_wconf 83' lang='lat' dir='ltr'>Manilius</span> <span class='ocrx_word' id='word_1_317' title='bbox 1038 2665 1146 2700; x_wconf 84' lang='lat' dir='ltr'>saepe</span> <span class='ocrx_word' id='word_1_318' title='bbox 1161 2654 1381 2690; x_wconf 85' lang='lat' dir='ltr'>Lucretiano</span> <span class='ocrx_word' id='word_1_319' title='bbox 1398 2665 1498 2690; x_wconf 89' lang='lat' dir='ltr'>more</span> <span class='ocrx_word' id='word_1_320' title='bbox 1513 2654 1643 2695; x_wconf 81' lang='lat' dir='ltr'>utitur,</span> 
     </span>
     <span class='ocr_line' id='line_1_37' title="bbox 140 2708 1642 2757; baseline 0.002 -15"><span class='ocrx_word' id='word_1_321' title='bbox 140 2708 184 2743; x_wconf 85' lang='lat' dir='ltr'>cf.</span> <span class='ocrx_word' id='word_1_322' title='bbox 209 2708 405 2744; x_wconf 85' lang='lat' dir='ltr'>Bechert</span> <span class='ocrx_word' id='word_1_323' title='bbox 446 2709 469 2744; x_wconf 93' lang='grc'>1.</span> <span class='ocrx_word' id='word_1_324' title='bbox 495 2710 518 2744; x_wconf 92' lang='lat' dir='ltr'>l.</span> <span class='ocrx_word' id='word_1_325' title='bbox 558 2722 593 2755; x_wconf 90' lang='lat' dir='ltr'>p.</span> <span class='ocrx_word' id='word_1_326' title='bbox 617 2711 672 2745; x_wconf 89' lang='lat'>31.</span> <span class='ocrx_word' id='word_1_327' title='bbox 702 2712 716 2755; x_wconf 82' lang='grc' dir='ltr'>Η</span> <span class='ocrx_word' id='word_1_328' title='bbox 752 2712 779 2756; x_wconf 77' lang='lat'>²)</span> <span class='ocrx_word' id='word_1_329' title='bbox 818 2712 860 2747; x_wconf 87' lang='lat' dir='ltr'>cf.</span> <span class='ocrx_word' id='word_1_330' title='bbox 898 2712 1112 2747; x_wconf 84' lang='lat' dir='ltr'>Iohannis</span> <span class='ocrx_word' id='word_1_331' title='bbox 1148 2712 1341 2747; x_wconf 84' lang='lat' dir='ltr'>Vahleni</span> <span class='ocrx_word' id='word_1_332' title='bbox 1377 2711 1558 2757; x_wconf 84' lang='lat' dir='ltr'>praefatio</span> <span class='ocrx_word' id='word_1_333' title='bbox 1595 2712 1642 2746; x_wconf 85' lang='lat' dir='ltr'>ad</span> 
     </span>
     <span class='ocr_line' id='line_1_38' title="bbox 141 2765 1644 2815; baseline 0.002 -15"><span class='ocrx_word' id='word_1_334' title='bbox 141 2765 301 2801; x_wconf 86' lang='lat' dir='ltr'>Senecae</span> <span class='ocrx_word' id='word_1_335' title='bbox 339 2765 475 2811; x_wconf 83' lang='lat' dir='ltr'>dialog.</span> <span class='ocrx_word' id='word_1_336' title='bbox 509 2766 564 2801; x_wconf 89' lang='lat' dir='ltr'>cd.</span> <span class='ocrx_word' id='word_1_337' title='bbox 602 2767 704 2802; x_wconf 88' lang='lat' dir='ltr'>Koch</span> <span class='ocrx_word' id='word_1_338' title='bbox 735 2769 854 2813; x_wconf 74' lang='lat'>(1879)</span> <span class='ocrx_word' id='word_1_339' title='bbox 879 2780 963 2815; x_wconf 86' lang='lat' dir='ltr'>pag.</span> <span class='ocrx_word' id='word_1_340' title='bbox 989 2769 1041 2811; x_wconf 86' lang='lat' dir='ltr'>X,</span> <span class='ocrx_word' id='word_1_341' title='bbox 1076 2769 1141 2814; x_wconf 87' lang='lat' dir='ltr'>qui</span> <span class='ocrx_word' id='word_1_342' title='bbox 1177 2781 1221 2804; x_wconf 83' lang='lat' dir='ltr'>ex</span> <span class='ocrx_word' id='word_1_343' title='bbox 1246 2769 1466 2805; x_wconf 85' lang='lat' dir='ltr'>Lucretiano</span> <span class='ocrx_word' id='word_1_344' title='bbox 1497 2769 1540 2812; x_wconf 95' lang='lat' dir='ltr'>(V</span> <span class='ocrx_word' id='word_1_345' title='bbox 1564 2769 1644 2812; x_wconf 88' lang='lat'>841)</span> 
     </span>
    </p>
   </div>
   <div class='ocr_carea' id='block_1_11' title="bbox 139 2823 1644 2914">
    <p class='ocr_par' dir='ltr' id='par_1_12' title="bbox 139 2823 1644 2914">
     <span class='ocr_line' id='line_1_39' title="bbox 139 2823 1644 2871; baseline 0.001 -14"><span class='ocrx_word' id='word_1_346' title='bbox 139 2824 255 2858; x_wconf 75' lang='lat' dir='ltr'>muta</span> <span class='ocrx_word' id='word_1_347' title='bbox 280 2823 377 2858; x_wconf 81' lang='lat' dir='ltr'>sine</span> <span class='ocrx_word' id='word_1_348' title='bbox 401 2833 475 2858; x_wconf 85' lang='lat' dir='ltr'>ore</span> <span class='ocrx_word' id='word_1_349' title='bbox 499 2824 623 2869; x_wconf 71' lang='lat' dir='ltr'>etiam,</span> <span class='ocrx_word' id='word_1_350' title='bbox 659 2825 754 2859; x_wconf 81' lang='lat' dir='ltr'>sine</span> <span class='ocrx_word' id='word_1_351' title='bbox 787 2826 906 2861; x_wconf 79' lang='lat' dir='ltr'>voltu</span> <span class='ocrx_word' id='word_1_352' title='bbox 941 2836 1076 2861; x_wconf 85' lang='lat' dir='ltr'>caeca</span> <span class='ocrx_word' id='word_1_353' title='bbox 1111 2830 1258 2871; x_wconf 77' lang='lat' dir='ltr'>reperta</span> <span class='ocrx_word' id='word_1_354' title='bbox 1297 2826 1390 2861; x_wconf 90' lang='lat' dir='ltr'>illud</span> <span class='ocrx_word' id='word_1_355' title='bbox 1427 2825 1644 2870; x_wconf 77' lang='lat' dir='ltr'>expressisse</span> 
     </span>
     <span class='ocr_line' id='line_1_40' title="bbox 140 2879 498 2914; baseline 0.003 -1"><span class='ocrx_word' id='word_1_356' title='bbox 140 2879 335 2914; x_wconf 84' lang='lat' dir='ltr'>Manilium</span> <span class='ocrx_word' id='word_1_357' title='bbox 361 2879 498 2914; x_wconf 84' lang='lat' dir='ltr'>docuit.</span> 
     </span>
    </p>
   </div>
   <div class='ocr_carea' id='block_1_12' title="bbox 1324 2941 1365 2974">
    <p class='ocr_par' dir='ltr' id='par_1_13' title="bbox 1324 2941 1365 2974">
     <span class='ocr_line' id='line_1_41' title="bbox 1324 2941 1365 2974; baseline 0 -16"><span class='ocrx_word' id='word_1_358' title='bbox 1324 2941 1365 2974; x_wconf 67' lang='lat'>4.</span> 
     </span>
    </p>
   </div>
  </div>
 </body>
</html>
