1910 3250
920 256 1194 296 ...56—

336 391 424 417 nam
451 379 513 418 vel
541 381 632 417 ante
661 382 825 416 mortem
852 376 1040 426 Augusti,
1078 386 1191 424 quem
1218 377 1375 416 tandem
1402 378 1453 415 ad
1479 378 1637 416 modum
1663 379 1779 417 nobis

336 446 424 484 usui
459 445 589 484 esset?
643 445 727 483 Iam
762 445 865 482 enim
900 443 1146 492 quaestionis
1179 444 1284 482 ratio
1317 445 1510 494 postulat,
1543 449 1587 483 ut
1615 457 1780 494 quorum

335 525 527 551 annorum
555 513 680 550 otium
707 513 926 561 imperante
953 511 1115 549 Tiberio
1144 511 1185 548 in
1204 512 1496 551 Astronomicis
1525 513 1780 551 conficiendis

334 581 391 618 M.
418 580 709 629 consumpserit
727 579 990 628 exquiramus.
1031 579 1253 628 Propterea
1273 578 1458 618 Gratium
1476 580 1654 628 quamvis
1673 579 1780 628 equi-

336 647 423 685 dem
448 647 578 685 thema
605 647 689 684 eius
717 646 943 695 adspiciens
971 658 991 683 e
1019 646 1278 684 familiaribus
1297 646 1456 684 Manilii
1485 647 1606 685 fuisse
1626 647 1780 696 opiner,

336 715 412 752 hoc
439 718 568 752 tamen
595 714 698 762 loco,
728 713 833 762 quod
860 713 908 751 de
936 716 1066 752 aetate
1094 714 1178 751 eius
1200 714 1300 751 nihil
1320 725 1439 762 grave
1459 714 1669 753 memoriae
1688 725 1780 762 pro-

336 781 452 830 didit,
480 781 715 819 mittendum
743 792 828 819 esse
857 792 1010 819 censeo.

437 848 618 897 Denique
640 849 746 897 quod
765 860 1010 896 consequens
1030 859 1114 886 esse
1133 859 1152 885 e
1171 848 1225 897 II,
1246 850 1305 896 37,
1327 850 1374 887 38
1393 847 1610 886 Merkelius
1629 848 1782 896 statuit,

338 916 453 954 video
471 916 690 954 levioribus
705 915 947 964 argumentis
957 916 1147 954 munitum
1156 916 1333 964 maleque
1343 916 1556 954 defensum.
1572 914 1782 965 „Viventa

338 983 481 1032 inquit,
495 983 683 1032 Augusto
700 983 845 1020 librum
860 983 902 1020 II
917 983 1106 1032 scriptum
1121 995 1204 1021 esse
1220 984 1366 1021 indicio
1385 986 1476 1020 sunt
1490 994 1626 1021 versus
1640 985 1700 1033 37,
1715 985 1782 1022 38:

539 1056 718 1100 „Quorum
744 1057 961 1091 carminibus
986 1055 1072 1091 nihil
1096 1059 1152 1091 est
1175 1056 1243 1091 nisi
1266 1056 1390 1090 fabula
1414 1056 1552 1090 caelum

543 1112 700 1147 Ten-ave
725 1113 928 1158 composuit
952 1112 1100 1156 caelum,
1124 1123 1217 1158 quae
1241 1113 1376 1158 pendet
1402 1113 1448 1146 ab
1472 1111 1565 1148 illo.“

338 1186 449 1224 Haec
482 1187 595 1223 tanto
630 1197 714 1223 cum
747 1185 910 1223 fastidio
941 1186 1009 1223 vix
1037 1186 1207 1223 scribere
1235 1197 1352 1223 ausus
1381 1189 1486 1223 esset
1512 1184 1716 1235 Manium,
1749 1186 1783 1224 si

338 1255 496 1303 praeter
523 1253 804 1291 Phaenomena
832 1255 881 1291 ab
903 1252 1051 1291 Ovidio
1081 1253 1175 1291 olim
1204 1253 1353 1302 scripta
1379 1253 1497 1291 etiam
1515 1252 1668 1292 Aratea
1687 1251 1783 1292 Ger—

338 1321 481 1359 manici
522 1321 630 1359 edita
669 1321 850 1369 fuissent,
893 1321 998 1369 quod
1039 1320 1184 1358 factum
1219 1332 1302 1358 esse
1338 1321 1448 1358 brevi
1482 1323 1578 1368 post
1608 1319 1784 1370 Augusti

338 1392 502 1427 mortem
539 1417 547 1426 .
586 1418 593 1426 .
626 1388 931 1427 demonst1·avi.“
984 1388 1159 1426 Primum
1193 1388 1296 1426 enim
1330 1388 1516 1437 quoniam
1547 1389 1651 1427 idem
1683 1387 1784 1426 alias

341 1456 407 1504 (de
437 1455 511 1494 Ov.
532 1455 668 1494 Fastis
696 1456 716 1506 ξ
745 1456 784 1505 6)
813 1457 863 1494 ad
890 1456 1205 1506 persuadendum
1233 1460 1325 1505 apte
1353 1457 1552 1506 probavit,
1581 1455 1783 1495 Germani-

339 1536 425 1562 cum
451 1523 606 1562 Aratea
639 1524 810 1562 edidisse
839 1536 918 1562 non
947 1528 1038 1562 ante
1067 1537 1100 1562 a.
1131 1526 1215 1572 770,
1250 1535 1496 1572 nequaquam
1523 1523 1701 1574 cogimur
1727 1523 1784 1562 ita

339 1591 591 1640 ratiocinari,
637 1595 681 1629 ut
724 1604 747 1628 a
786 1591 959 1630 Manilio
998 1591 1310 1630 Astronomicon
1355 1591 1499 1630 librum
1540 1592 1583 1630 II
1625 1591 1784 1630 vivente

337 1659 527 1708 Augusto
567 1660 830 1708 compositum
871 1670 955 1696 esse
996 1659 1273 1698 existimemus.
1334 1658 1456 1697 Cuius
1497 1662 1661 1697 mortem
1692 1658 1784 1708 plus

339 1727 417 1764 duo
452 1726 546 1764 anni
582 1726 705 1764 secuti
740 1730 843 1775 sunt,
878 1737 951 1775 per
985 1738 1083 1775 quos
1118 1727 1189 1764 sub
1224 1726 1385 1764 Tiberio
1426 1725 1650 1764 Germanici
1683 1737 1783 1775 opus

340 1806 420 1832 non
453 1793 569 1832 modo
605 1794 786 1843 ignotum
822 1794 890 1831 sed
920 1806 967 1832 ne
995 1794 1220 1832 absolutum
1249 1793 1404 1842 quidem
1431 1793 1516 1831 fuit.
1570 1792 1627 1843 Hi
1653 1796 1784 1831 autem

339 1862 389 1900 ad
425 1861 632 1899 scribenda
664 1864 751 1899 tota
784 1861 1071 1899 Astronomica
1096 1862 1221 1910 *etiam
1255 1862 1572 1912 suppeditavere.
1627 1860 1784 1899 Deinde

340 1930 457 1967 etiam
484 1932 744 1978 posteaquam
773 1927 1029 1967 Germanicus
1048 1929 1165 1967 Arati
1194 1930 1392 1978 interpres
1413 1929 1569 1967 exstitit
1585 1931 1626 1967 et
1653 1928 1785 1978 (Arat-

340 1999 399 2045 31,
429 1999 514 2043 166,
542 1997 633 2044 264)
669 1996 717 2034 de
744 1997 866 2034 variis
894 1997 1003 2035 illius
1032 1997 1177 2034 fabulis
1205 1997 1497 2035 dubitationem
1523 1996 1659 2043 movit,
1690 1996 1783 2034 illos

341 2076 439 2113 quos
468 2075 588 2113 supra
615 2064 699 2101 dixi
727 2075 863 2102 versus
891 2065 1059 2103 condere
1089 2065 1147 2102 fas
1175 2065 1263 2102 fuit.
1303 2063 1397 2102 Non
1426 2064 1529 2103 enim
1548 2068 1608 2102 est
1626 2074 1784 2103 necesse
1829 2083 1834 2087 ·

340 2132 396 2181 II,
424 2132 483 2178 25,
514 2133 560 2171 26
588 2131 715 2181 accipi
742 2132 791 2170 de
820 2133 1002 2171 omnibus
1031 2132 1138 2170 illius
1167 2132 1309 2170 aetatis
1337 2131 1480 2181 poetis,
1509 2131 1575 2180 qui

633 2205 844 2248 „Astrorum
871 2232 878 2240 .
903 2233 911 2240 .
937 2233 944 2240 .
970 2206 1087 2240 varias
1113 2205 1235 2240 dixere
1259 2204 1390 2249 figuras

635 2260 818 2307 Signaque
843 2260 970 2296 diffuso
995 2261 1131 2306 passim
1156 2260 1316 2295 labentia
1341 2260 1482 2304 caelo“;

341 2334 487 2372 rectius
521 2345 628 2383 vero,
662 2346 709 2372 ne
745 2334 872 2372 dicam
905 2334 981 2372 hoc
1008 2334 1137 2383 ipsum
1164 2345 1322 2372 necesse
1351 2345 1448 2382 esse,
1481 2333 1706 2372 referuntur
1732 2335 1783 2372 ad

341 2414 409 2440 eos
439 2402 560 2451 solos,
590 2402 657 2450 qui
684 2401 989 2440 Eratosthenem
1018 2401 1299 2452 Hyginumque
1327 2401 1451 2438 secuti
1479 2402 1609 2440 sidera
1637 2402 1687 2452 (v.
1715 2403 1781 2450 27)

564 2469 622 2512 „in
646 2469 830 2514 proprium
857 2469 1026 2514 cuiusque
1051 2479 1164 2513 genus
1189 2478 1389 2514 causasque
1413 2467 1558 2512 tulere“,

340 2549 463 2585 eaque
495 2537 536 2574 in
565 2549 606 2574 re
632 2537 833 2574 hominum
860 2537 1016 2574 casibus
1044 2537 1192 2574 caelum
1220 2538 1457 2586 completum
1484 2547 1569 2575 esse
1597 2538 1783 2574 statuere.

339 2605 496 2644 Horum
524 2604 626 2642 enim
656 2605 763 2652 quod
793 2604 905 2652 quasi
933 2605 1058 2643 scelus
1087 2616 1170 2642 esse
1190 2604 1382 2642 Manilius
1412 2606 1464 2654 (v.
1493 2603 1558 2654 37)
1587 2603 1715 2653 duxit,
1741 2602 1782 2641 id

341 2673 495 2722 dubito,
530 2685 621 2710 num
655 2673 921 2711 commiserint
946 2671 1095 2711 Aratus
1130 2676 1247 2721 atque
1282 2673 1323 2722 ii,
1359 2673 1425 2721 qui
1460 2671 1577 2710 huius
1611 2670 1783 2709 carmina

343 2740 392 2780 ad
426 2741 635 2780 verborum
671 2740 750 2779 fere
785 2740 908 2780 latine
936 2740 1155 2790 reddidere,
1188 2740 1298 2778 velut
1326 2739 1466 2779 Cicero
1497 2738 1626 2779 Cinna
1651 2738 1782 2778 Varro
