1942 3308
743 178 1028 268 ⁴247-

125 369 172 418 in
202 362 364 412 caelum
396 370 616 420 redeas,
647 373 688 410 et
718 366 848 422 Verg.
882 365 967 422 Gg.
1000 365 1016 406 l
1053 365 1139 419 32).
1202 357 1351 408 Sidera
1378 356 1492 421 genti
1524 356 1656 407 Iuliae

125 445 300 495 cognata
340 444 435 479 sunt
472 437 594 490 (Met.
637 436 720 479 XV
752 435 867 489 839),
909 442 949 477 et
980 450 1072 477 eum
1104 442 1221 491 pater
1251 441 1406 476 astrum
1438 435 1500 487 sit,
1537 433 1656 490 quid-

125 522 220 549 nam
252 507 419 549 omnino
461 506 566 559 miri,
609 506 641 547 si
680 505 787 546 filius
819 504 963 546 eodem
1006 505 1163 546 honore
1196 504 1346 559 dignus
1378 510 1571 560 putatum
1604 503 1654 547 cf.

127 576 211 620 Ov.
243 576 342 619 Met.
376 575 462 617 XV
493 575 579 618 850
610 576 730 617 stella
762 576 890 616 micat
921 577 1095 631 natique
1126 575 1268 616 ridens
1299 573 1516 628 benefacta
1540 573 1658 628 fate-

127 656 199 693 tur
229 645 332 687 Esse
362 647 451 687 suis
486 646 657 686 maiora
689 650 723 686 et
758 646 868 686 cinei
891 645 1048 699 qaudet
1090 643 1141 686 ab
1173 645 1257 698 illo,
1294 658 1376 699 quo
1409 643 1447 683 in
1480 643 1583 695 loeo,
1617 642 1656 683 ni

127 715 265 758 omnia
306 729 373 756 me
420 713 596 768 fallunt,
647 713 814 770 proprie
865 713 1014 755 dieitur
1051 713 1302 757 Octavianus
1350 713 1492 754 stellae
1517 713 1658 767 filius.

128 783 253 836 Quod
286 798 367 826 non
399 783 530 826 multo
560 798 677 826 secus
709 789 770 825 est
801 789 926 840 atque
964 782 998 824 si
1031 782 1128 824 Divi
1157 782 1264 824 filius
1298 781 1363 824 vel
1394 781 1514 823 Divis
1544 788 1657 823 ortus

130 853 255 908 (Hor.
287 868 322 896 c.
354 852 415 894 IV
441 853 480 907 2,
510 853 582 908 37)
612 852 730 894 vivus
753 852 970 908 Augustus
992 851 1237 908 appellatur,
1270 858 1316 892 ut
1344 850 1430 908 ipse
1463 849 1658 907 quodam-

129 921 253 965 modo
283 921 364 963 iam
398 922 531 964 Divus
561 922 613 963 sit
643 928 738 964 ante
771 927 943 964 mortem
976 921 1155 976 (Fineke
1188 936 1228 977 p.
1266 921 1315 962 15
1338 920 1438 977 sq).
1472 919 1660 961 Alicuius

129 991 274 1034 auxilii
303 990 355 1032 ad
387 991 608 1034 fovendam
640 991 752 1033 illam
786 990 1021 1048 opinionem
1055 990 1181 1032 fuisse
1213 990 1336 1032 etiam
1369 995 1516 1046 potest,
1549 988 1661 1044 quod

134 1067 222 1104 erat
242 1061 283 1103 in
313 1061 405 1104 foro
438 1061 701 1103 simulacrum
725 1059 913 1104 Caesaris
939 1066 1236 1112 consecratum,
1268 1059 1382 1100 cuius
1405 1058 1526 1115 capiti
1549 1058 1661 1099 sidus

131 1130 335 1173 adiectum
368 1137 455 1172 erat
486 1130 615 1183 (Plin.
648 1137 730 1173 nat.
764 1130 857 1174 hist.
891 1130 928 1182 2,
960 1130 1050 1182 94).
1113 1128 1227 1180 Quid
1259 1127 1392 1171 vero?
1434 1128 1547 1180 Atia,
1579 1127 1661 1171 Oc-

133 1199 286 1242 taviani
315 1207 460 1252 mater,
505 1200 743 1256 priusquam
776 1206 952 1256 pareret,
996 1214 1133 1241 nonne
1164 1198 1389 1241 somniasse
1420 1197 1569 1238 tradita
1601 1204 1663 1239 est

132 1269 324 1312 intestina
353 1284 426 1311 sua
467 1269 563 1311 ferri
595 1269 646 1311 ad
678 1269 812 1311 sidera
844 1269 1124 1326 explicarique
1155 1284 1230 1324 per
1259 1283 1424 1310 omnem
1456 1273 1661 1308 terrarum

134 1346 175 1382 et
201 1339 304 1381 caeli
334 1338 557 1381 ambitum!
621 1338 854 1382 Somniavit
893 1345 1031 1380 autem
1076 1345 1117 1380 et
1148 1346 1265 1395 pater
1296 1337 1506 1388 Octavius,
1542 1342 1660 1378 utero

134 1409 260 1452 Atiae
290 1408 409 1450 iubar
435 1408 532 1450 solis
564 1416 771 1452 exortum.
827 1407 951 1459 Quod
995 1407 1185 1464 prodidit
1209 1406 1434 1450 Suetonius
1466 1405 1559 1450 Oet.
1593 1405 1662 1458 94,

137 1493 191 1521 ex
223 1493 304 1535 quo
335 1477 510 1519 eandem
541 1477 723 1520 fabulam
755 1478 796 1519 in
827 1493 946 1519 suurn
969 1492 1071 1534 opus
1103 1477 1264 1518 videtur
1293 1475 1547 1517 transtulisse
1580 1474 1660 1517 Dio

136 1548 226 1602 (45,
261 1549 280 1589 l
315 1541 433 1602 ἥλιον
463 1541 710 1590 ἀνατέλλειν
743 1544 976 1600 ἐνόμισεν).
1023 1546 1245 1590 Suetonius
1275 1552 1412 1587 autem
1448 1545 1487 1586 in
1521 1544 1665 1586 Ascle·

138 1617 270 1675 piadis
301 1616 520 1668 Mendetis,
563 1616 616 1659 de
646 1632 727 1674 quo
764 1617 864 1659 nihil
906 1617 1042 1658 adhue
1082 1616 1270 1669 innotuit,
1314 1614 1665 1670 theologumenon

138 1686 252 1729 libris
282 1701 326 1729 se
354 1701 445 1728 eam
474 1686 625 1742 legisse
653 1686 772 1728 dicit:
817 1701 870 1729 ex
901 1686 978 1728 boe
1011 1685 1242 1728 testimonio
1274 1685 1423 1726 iterum
1451 1682 1665 1725 confirma-

140 1763 208 1798 tur
253 1755 350 1798 talia
387 1755 440 1798 de
480 1756 674 1812 Augusto
718 1771 800 1798 non
845 1756 980 1798 solum
1024 1755 1228 1796 fabulatos
1275 1768 1376 1806 esse,
1424 1752 1498 1794 sed
1542 1752 1664 1794 etiam

142 1825 288 1868 litteris
330 1824 546 1867 mandasse
586 1840 668 1879 eos,
712 1826 781 1882 qui
819 1825 1076 1867 divinitatem
1114 1824 1174 1866 illi
1219 1828 1463 1866 astruerent.
1524 1822 1667 1878 Atque

143 1911 226 1952 quo
279 1895 478 1937 maiorem
540 1895 720 1951 opinioni
776 1909 893 1937 meae
942 1894 1068 1936 fidem
1126 1893 1298 1946 addam,
1363 1907 1444 1933 non
1494 1891 1666 1947 indigni,

143 1980 246 2022 quos
288 1964 480 2018 afferam,
523 1971 619 2006 sunt
659 1979 801 2006 versus
843 1963 914 2021 qui
955 1964 997 2005 in
1038 1963 1154 2005 initio
1191 1961 1414 2005 Thebaidis
1457 1961 1668 2004 Statianae

141 2034 340 2091 leguntur
367 2033 443 2087 (22
474 2039 550 2077 eet.
594 2033 676 2075 iam
717 2048 842 2091 supra
870 2032 1060 2086 laudati),
1104 2032 1173 2074 ubi
1205 2032 1257 2074 de
1294 2031 1389 2073 Tito
1418 2029 1515 2071 dicit
1547 2036 1668 2086 poeta

142 2104 200 2146 ita
229 2104 336 2146 fere:
384 2103 506 2156 „lieet
534 2118 676 2146 omnes
710 2103 853 2145 stellae
893 2117 937 2144 se
965 2102 1222 2155 contrahant,
1262 2107 1306 2142 ut
1336 2101 1409 2142 tibi
1441 2100 1576 2142 locum
1610 2100 1667 2140 fa-

143 2172 253 2214 ciant
279 2187 403 2229 quem
435 2171 636 2214 volueris:
676 2172 770 2215 lieet
806 2172 867 2214 sol
904 2171 1004 2214 velit
1034 2178 1074 2214 te
1106 2171 1236 2227 magis
1266 2171 1438 2227 implere
1467 2169 1547 2211 diei
1579 2184 1668 2210 eur-

143 2242 272 2285 ricula
312 2249 352 2284 et
391 2241 463 2283 tibi
494 2241 615 2284 cedat
654 2241 835 2284 officium
873 2257 992 2284 suum
1033 2248 1105 2283 aut
1148 2252 1283 2283 tecum
1317 2240 1506 2297 Iuppiter
1537 2253 1670 2295 aequa

145 2317 262 2369 parte
299 2311 458 2353 caelum
497 2311 641 2368 partiri
678 2311 906 2366 desideret,
960 2318 1098 2354 tamen
1139 2311 1285 2353 melius
1331 2310 1404 2352 tibi
1444 2309 1521 2352 crit
1562 2316 1670 2350 terra

147 2395 322 2438 regnare
353 2395 477 2437 quam
507 2381 643 2423 eaelo:
684 2387 725 2424 et
752 2381 806 2423 sis
835 2388 968 2424 terrae
1008 2381 1075 2424 vel
1103 2381 1226 2422 maris
1260 2380 1449 2423 dominus
1481 2386 1521 2421 et
1550 2393 1669 2435 supe·

145 2451 200 2493 ris
230 2450 406 2493 caeleste
434 2450 561 2493 dones
584 2451 845 2509 imperium.“
885 2451 1164 2508 Tiliobrogae,
1189 2465 1296 2508 quae
1316 2450 1356 2491 in
1380 2449 1467 2491 eius
1490 2449 1671 2491 editione

146 2520 397 2564 Parisiorum
427 2519 619 2564 Lutetiae
645 2537 683 2566 a.
713 2521 826 2564 1610
858 2521 1007 2565 emissa
1036 2522 1202 2578 legitur,
1235 2520 1410 2565 Statiani
1435 2520 1511 2562 loci
1546 2519 1670 2561 inter-

147 2590 419 2648 pretationem
460 2590 646 2648 apposui,
688 2606 741 2634 ne
781 2591 872 2649 quis
911 2598 1058 2649 poetae
1089 2592 1216 2634 verba
1253 2590 1295 2632 in
1324 2605 1463 2632 meum
1496 2603 1614 2631 usum
1647 2602 1672 2628 a

147 2674 216 2703 me
254 2659 493 2717 detorqueri
529 2666 706 2717 putaret.
767 2661 987 2713 Quomodo
1026 2667 1165 2704 autem
1203 2660 1322 2704 sodes
1363 2660 1499 2702 dicere
1540 2657 1673 2715 potuit

149 2728 305 2773 Statius
346 2730 474 2772 solem
516 2745 668 2788 cupere
708 2731 890 2774 officium
932 2731 1171 2789 imperatori
1212 2730 1372 2784 cedere,
1418 2729 1495 2771 nisi
1536 2729 1672 2785 ipsum

149 2799 442 2857 imperatorem
465 2799 611 2843 eodem
632 2800 788 2844 lumine
815 2801 976 2857 fulgere
1005 2802 1295 2860 cogitabatquo
1319 2800 1447 2844 solem
1478 2805 1518 2842 et
1540 2797 1666 2842 astra!

149 2869 262 2916 Hine
292 2876 365 2924 est,
395 2869 506 2932 quod
534 2876 657 2932 poeta
684 2887 723 2919 v.
742 2870 795 2915 27
812 2886 876 2932 sq.
907 2870 1026 2917 dicit:
