1936 3392
783 298 838 338 53

291 443 414 494 artis,
451 447 496 484 ut
529 443 699 499 ingenio
733 442 875 484 divina
908 442 1096 500 potentia
1128 446 1272 497 surgat

291 526 574 578 exaequetqne
609 522 708 563 fides
742 521 853 564 caelo
888 521 1074 564 mortalia
1107 521 1242 585 corda.
1271 521 1297 576 ¹)

135 1633 159 1674 ¹)
206 1635 260 1672 ΙΙ,
285 1635 360 1666 449.
408 1635 467 1665 Est
490 1635 579 1665 loeus
603 1634 831 1673 perdifficilis,
858 1636 911 1672 qui
938 1643 999 1673 qno
1025 1635 1128 1672 magis
1154 1636 1284 1665 intueor
1302 1643 1339 1665 eo
1358 1635 1528 1665 obscurior

89 1697 136 1727 fit.
184 1697 362 1728 Emendare
397 1697 538 1727 tentavi.
585 1697 623 1726 ln
658 1697 754 1727 libris
791 1697 862 1728 est:
899 1698 982 1727 areis
1017 1703 1050 1726 ut
1084 1698 1233 1735 inqenio,
1270 1697 1355 1734 quod
1381 1697 1458 1734 quid
1482 1697 1529 1726 sit

89 1757 250 1796 „puderet
271 1766 322 1788 me
346 1758 454 1788 dicere
478 1767 543 1788 non
567 1757 760 1795 intellegere
785 1758 814 1788 si
839 1767 895 1788 vos
920 1759 985 1797 ipsi
1011 1759 1275 1796 intellegeretis,
1306 1759 1359 1796 qui
1386 1759 1452 1789 ista
1477 1758 1528 1789 de·

88 1818 258 1854 fenditis'‘,
284 1819 321 1848 ut
345 1827 414 1849 cum
439 1818 504 1849 Cic.
529 1818 653 1856 loquar.
680 1819 788 1849 Bentl.
814 1820 942 1850 confert
955 1820 1046 1850 Ovid.
1062 1820 1192 1850 Metam.
1208 1821 1294 1857 VIII,
1316 1821 1396 1851 159:
1429 1820 1527 1857 „Dae-

88 1879 179 1911 dalus
203 1880 333 1919 inqenio
357 1879 471 1911 fabrae
497 1880 725 1911 celeberrimus
751 1881 852 1911 arti⁸’'
869 1905 876 1917 ‚
901 1882 958 1911 sed
978 1891 1070 1919 quam
1089 1882 1339 1912 similitudinem
1359 1882 1446 1912 inter
1467 1881 1528 1912 hos

72 1941 176 1972 -locos
200 1941 251 1972 vir
273 1941 462 1979 ingeniosus
485 1941 608 1972 viderit
632 1951 696 1972 non
721 1942 826 1973 video.
874 1943 963 1973 Haec
991 1945 1042 1973 est
1066 1943 1182 1974 innata
1207 1944 1365 1981 quaedam
1386 1943 1528 1974 facultas

88 2011 150 2040 qna
174 2003 366 2042 aptissimus
390 2003 462 2034 erat
487 2003 649 2034 Daedalus
674 2004 714 2034 ad
740 2005 844 2035 artem
869 2004 995 2035 fabram
1022 2006 1244 2042 exercendam,
1269 2006 1326 2036 sed
1353 2006 1422 2035 illie
1447 2005 1528 2035 haee

87 2064 286 2102 significatio
311 2065 452 2095 absurda
476 2067 537 2095 est.
586 2065 744 2102 Pingreus
776 2066 898 2096 vertit:
926 2075 1005 2104 „par
1028 2066 1077 2096 les
1102 2066 1207 2104 regies
1232 2067 1272 2097 de
1298 2067 1415 2102 l'art'',
1442 2067 1526 2104 quod

87 2124 196 2155 verbis
220 2133 283 2155 non
308 2123 408 2155 inest.
438 2142 473 2146 —-

131 2184 258 2216 Collato
284 2194 331 2216 vs.
355 2186 397 2216 45
422 2186 496 2216 libr.
523 2186 589 2217 111:
617 2188 672 2223 „et
697 2186 805 2217 certas
832 2187 890 2218 dat
914 2187 947 2216 in
972 2188 1046 2218 arte
1069 2188 1160 2218 vias''
1184 2188 1411 2225 coniungenda
1428 2190 1526 2227 puto:

88 2247 300 2285 „argumenta
323 2269 331 2278 .
356 2270 364 2278 .
390 2270 398 2278 .
422 2248 558 2285 viasque
582 2249 685 2283 artis,
711 2250 768 2278 ut’'
797 2271 803 2278 .
830 2271 837 2278 .
864 2271 870 2278 .
898 2249 985 2279 Libri
1011 2251 1140 2280 veteres
1165 2250 1290 2280 habent
1307 2251 1416 2280 eaelo.-
1438 2261 1526 2280 exae-

85 2314 237 2349 quemque
263 2309 360 2350 fidem
398 2310 486 2339 eaelo
511 2310 664 2340 mortalia
689 2311 804 2346 corda,
844 2311 928 2348 quod
954 2310 1061 2341 Bentl.
1087 2312 1132 2341 sic
1159 2312 1418 2351 interpretatur:
1446 2313 1527 2349 „hoc

87 2370 178 2407 vult,
214 2371 252 2400 ut
286 2371 354 2402 tam
391 2371 482 2401 certa
505 2371 552 2401 sit
577 2370 732 2402 Chaldaei
759 2372 986 2403 mathematici
1012 2374 1217 2411 praedictio,
1245 2383 1337 2411 quam
1364 2375 1468 2413 ipsum
1495 2375 1526 2405 iu

87 2431 176 2463 caelo
211 2431 348 2463 fatum.”
396 2431 483 2470 Quae
517 2433 546 2463 si
583 2441 658 2463 vera
694 2435 745 2463 est
782 2434 1041 2472 interpretatio,
1076 2435 1224 2472 genitivo
1255 2436 1339 2465 caeli
1371 2446 1451 2474 opus
1476 2438 1528 2467 est

87 2491 149 2531 (Cf.
173 2492 214 2524 de
236 2493 335 2524 simili
362 2493 508 2531 genitivo
522 2517 529 2530 ‚
555 2494 640 2531 quod
664 2495 783 2533 scripsi
802 2495 835 2525 in
854 2495 1054 2525 Fleckeisen.
1095 2496 1211 2526 Annal.
1233 2497 1327 2533 1879,
1346 2506 1418 2535 pag.
1439 2498 1527 2535 785.)

30 2595 32 2598 y
86 2553 131 2584 At
153 2563 219 2586 non
243 2555 338 2586 eredo
363 2564 434 2586 eam
458 2564 529 2586 esse
552 2557 694 2586 mentem
719 2557 983 2595 sententiamque
1008 2558 1157 2594 Manilii,
1183 2559 1239 2588 sed
1264 2559 1366 2589 hanc:
1393 2559 1443 2589 cui
1461 2559 1526 2590 arti

87 2623 154 2646 cum
180 2615 275 2647 fldem
298 2617 423 2648 habent
446 2617 623 2654 mortales,
650 2620 812 2656 exaequat
837 2628 892 2649 eos
917 2613 1005 2650 caelo
1032 2620 1112 2650 haec
1138 2620 1235 2655 fides,
1255 2621 1407 2657 quoniam
1427 2621 1527 2651 ratio-

86 2683 144 2706 nes
179 2676 308 2708 divinas
343 2677 407 2717 ipsi
440 2679 509 2709 tum
536 2679 741 2718 perspiciunt
765 2680 939 2717 futuraque
965 2683 1194 2718 praenoscunt.
1243 2682 1360 2719 ltaque
1386 2691 1527 2720 repone:

87 2743 294 2778 &aequatque
321 2740 405 2780 ficlee
440 2741 528 2771 eaelo
565 2741 720 2771 mortalia
744 2742 856 2772 corda.
904 2741 951 2772 Of.
978 2743 1015 2777 Ι,
1041 2743 1127 2773 904:
1167 2751 1247 2780 „nee
1272 2743 1387 2773 mirere
1414 2752 1527 2780 graves

51 2838 54 2840 v
88 2806 256 2836 rerumque
291 2800 517 2839 hominumque
554 2803 681 2837 ruinas:
722 2813 819 2842 saepe
855 2804 940 2834 domi
979 2804 1072 2842 culpa
1109 2806 1182 2837 est:
1226 2806 1375 2834 nescimus
1401 2805 1525 2834 eredere

89 2858 210 2895 (πεῖθ’,
235 2860 257 2891 i.
283 2869 310 2891 e.
335 2862 456 2892 eaelum
482 2872 540 2893 nos
564 2864 707 2899 monuit;
734 2865 812 2900 sed,
839 2874 907 2894 eum
934 2865 961 2894 ei
990 2864 1083 2894 fidem
1110 2874 1172 2895 nou
1198 2865 1390 2897 habeamus.
1418 2866 1525 2894 futura

40 2941 44 2946 .
89 2920 173 2951 mala
197 2929 261 2951 non
286 2923 511 2959 providemus:
538 2924 566 2954 si
592 2924 684 2954 fidem
711 2924 901 2955 haberemus
927 2926 1034 2955 eaelo.
1061 2936 1139 2962 quas
1166 2935 1279 2962 graves
1305 2927 1415 2956 ruinas
1447 2926 1525 2956 illud

90 2981 262 3019 providet.
289 2983 350 3021 ipsi
376 2984 500 3014 easdem
527 2986 799 3023 praevideremus.
