1930 3320
793 242 1075 282 -13-

295 370 336 411 V
369 371 450 410 314
495 368 674 421 Postque
701 380 862 422 qreqem
892 366 1011 420 lonyo
1037 365 1284 419 producitur
1313 365 1536 408 intervallo

295 439 336 481 V
367 440 450 480 412
497 437 580 492 Qui
609 437 824 479 commissa
852 435 942 477 suis
971 435 1197 478 rimabitur
1225 436 1496 491 arqumentis.

183 519 346 562 Omnes
377 519 511 575 igitur
541 517 701 561 cadunt
730 518 775 559 in
806 516 989 559 verbum
1018 517 1350 573 tetrasyllabum
1382 517 1455 570 ita,
1488 521 1536 559 ut
1566 531 1692 574 prae-

184 588 312 631 cedat
362 589 499 631 semel
549 587 589 644 (I
636 586 738 643 387)
790 585 971 629 verbum
1018 586 1393 643 pyrrhichiacum‚
1444 587 1488 628 in
1535 587 1692 629 ceteris

181 661 384 715 quattuor
422 658 492 700 vel
535 657 724 714 quinque
769 655 971 698 versibus
1012 656 1178 698 ionicus
1211 670 1236 697 a
1266 656 1434 698 maiori.
1493 656 1530 698 E
1562 670 1692 699 voca-

178 727 307 780 bulis,
338 728 383 769 in
414 741 524 783 quae
555 741 708 769 versus
739 725 967 767 Maniliani
999 724 1224 782 spondiaci
1256 729 1432 778 exeunt,
1477 725 1562 767 duo
1595 731 1694 768 sunt

178 797 355 839 nomina
398 797 573 854 propria
619 795 814 838 Graeca:
861 793 1021 836 Oriona
1067 793 1108 849 (I
1135 792 1240 850 387)
1290 797 1334 836 et
1375 793 1692 846 Hellespontum

178 865 260 920 (IV
281 865 398 922 679),
431 880 541 922 quae
573 865 658 907 duo
688 864 864 907 nomina
893 864 980 905 iam
1011 863 1279 919 antiquiores
1310 867 1468 920 poetae
1497 863 1691 907 Graecos

178 935 335 978 imitati
352 936 397 977 in
414 939 610 978 extremo
627 934 882 976 hexametro
901 936 1160 989 posuerunt;
1183 932 1370 988 legimus
1390 933 1506 975 enim
1523 932 1693 975 Orionis

178 1006 223 1048 in
254 1005 482 1048 Ciceronis
512 1004 634 1047 Arat.
669 1005 707 1047 3.
738 1003 891 1045 Horat.
926 1016 1054 1044 carm.
1086 1001 1108 1042 Ι
1140 1003 1207 1055 28,
1248 1003 1315 1054 21,
1358 1001 1518 1044 Oriona
1555 1003 1688 1059 Verg.

177 1075 290 1118 Aen.
321 1075 388 1117 [Π
419 1077 515 1118 517.
568 1078 680 1117 auct.
714 1073 825 1115 Ciris
858 1074 954 1125 535,
985 1071 1302 1124 Hellespontum
1333 1072 1448 1129 apud
1471 1071 1691 1115 Catullum

178 1147 247 1198 64,
281 1146 378 1189 358.
440 1144 564 1188 Ovid.
596 1143 714 1186 Fast.
744 1142 809 1184 IV
840 1143 935 1185 567.
996 1141 1061 1183 VI
1094 1143 1188 1183 341..
1254 1141 1361 1184 Met.
1394 1141 1505 1183 XIII
1546 1145 1690 1197 4071).

178 1219 291 1258 auct.
334 1213 445 1256 Ciris
487 1214 582 1256 413.
644 1211 804 1255 Cetera
834 1210 1048 1253 vocabula
1087 1215 1187 1252 sunt
1218 1212 1395 1254 nomina
1426 1213 1691 1269 appellativa

181 1283 479 1335 substantiva,
525 1283 570 1324 in
607 1295 740 1324 versu
776 1280 1020 1323 adulterino
1060 1294 1214 1322 versus
1251 1280 1348 1322 finis
1387 1281 1527 1324 forma
1556 1285 1691 1325 tetra-

180 1353 349 1410 syllaba
369 1351 588 1409 participii
611 1351 808 1393 efficitur.
854 1349 1022 1392 Versus
1046 1349 1271 1406 spondiaci
1303 1350 1425 1392 exitu
1455 1350 1692 1394 intervallis

178 1423 249 1465 vel
278 1422 499 1464 intervallo
536 1420 599 1477 (II
630 1422 713 1463 682
746 1425 790 1463 et
820 1420 862 1462 V
893 1419 993 1477 314)
1041 1424 1142 1463 ante
1174 1421 1402 1463 Manilium
1451 1424 1521 1465 usi
1567 1429 1692 1467 erant

178 1491 468 1534 Lucretius
498 1490 586 1533 bis:
617 1489 662 1531 H
681 1491 761 1532 295
790 1489 920 1542 Copia
949 1503 1023 1532 nec
1048 1503 1176 1543 porro
1205 1491 1435 1533 maioribus
1454 1492 1692 1536 intervallis

181 1565 225 1604 et
254 1561 319 1603 IV
352 1562 432 1602 187
475 1561 589 1614 Quae
627 1559 750 1613 quasi
780 1558 990 1601 cuduntur
1014 1573 1172 1614 perque
1202 1561 1315 1602 aeris
1345 1561 1616 1604 intervallum
1647 1567 1692 1605 et

177 1629 473 1686 Vergilius
504 1628 614 1671 Aen.
645 1628 687 1670 V
719 1630 801 1670 320
824 1628 1049 1681 proximus
1078 1629 1186 1681 huic,
1226 1630 1344 1684 lonqo
1374 1631 1446 1673 sed
1469 1632 1690 1684 proximus

177 1698 409 1740 intervallo.
469 1697 742 1752 Arqumentis
771 1697 1031 1740 vocabulum
1074 1699 1118 1740 in
1158 1699 1244 1742 fine
1275 1714 1430 1742 versus
1463 1702 1690 1744 collocavit

175 1768 262 1810 iam
280 1766 461 1810 Ovidius
479 1766 647 1809 duobus
665 1767 1078 1824 metamorphoseon
1094 1768 1222 1810 locis:
1246 1767 1310 1810 VI
1326 1771 1380 1811 69
1404 1773 1448 1811 et
1463 1769 1575 1811 XIII
1591 1772 1687 1814 684.

290 1837 509 1880 Versuum
571 1835 903 1893 spondiacorum
962 1836 1133 1879 Manilii
1191 1837 1357 1880 formae
1419 1843 1519 1881 sunt
1579 1839 1687 1882 hae:

175 1905 199 1948 I
245 1907 327 1949 387
374 1905 501 1955 dsdd;
552 1905 597 1946 H
641 1907 724 1948 682
772 1905 888 1956 sssd;
938 1905 1004 1948 IV
1049 1908 1132 1949 679
1177 1906 1299 1957 dssd3
1351 1908 1393 1950 V
1431 1910 1514 1950 314
1561 1909 1686 1959 dssd;

176 1976 219 2018 V
248 1977 332 2018 412
364 1974 488 2025 sdsd;
520 1974 606 2030 (III
637 1975 719 2017 538
752 1974 894 2032 ddsd).

290 2044 341 2086 In
381 2043 594 2097 omnibus,
641 2043 694 2086 de
734 2044 888 2100 quibus
930 2045 1113 2101 egimus,
1157 2060 1237 2088 sex
1274 2046 1474 2090 versibus
1508 2062 1689 2090 caesura

177 2114 375 2171 legitima
405 2113 636 2157 intercedit
666 2117 767 2171 post
796 2114 943 2156 thesin
973 2113 1098 2171 pedis
1130 2115 1264 2159 tertii.

710 2253 785 2295 De
820 2253 1150 2298 elisionibus.

287 2333 557 2376 Elisionibus
601 2334 736 2376 utitur
766 2333 972 2376 Manilius
1016 2349 1157 2391 neque
1194 2335 1322 2377 nimis
1364 2336 1511 2378 multis
1544 2351 1686 2394 neque

173 2403 302 2444 nimis
333 2401 463 2446 duris.
524 2403 714 2446 Vocales
747 2404 876 2455 enim,
909 2403 1287 2460 quae-eliduntur,
1319 2405 1554 2448 maximam
1585 2422 1685 2464 par-

172 2476 261 2515 tem
291 2472 446 2514 breves
480 2477 580 2514 sunt
611 2477 654 2515 et
684 2473 906 2516 rarissime
938 2488 1048 2515 unus
1080 2473 1282 2530 idemque
1305 2474 1564 2520 hexameter
1586 2478 1684 2534 plus

178 2556 307 2598 quam
339 2557 425 2585 una
448 2543 629 2586 elisione
651 2543 918 2602 deturpatur.
967 2544 1185 2587 Maximus
1211 2546 1442 2588 elisionum
1464 2547 1509 2589 in
1531 2547 1685 2590 eodem

173 2626 303 2654 versu
348 2625 553 2654 numerus
601 2613 787 2655 efficitur
828 2614 1085 2656 elisionibus
1117 2615 1252 2657 ternis
1285 2615 1329 2657 in
1361 2616 1559 2658 versibus
1591 2617 1684 2659 his:

173 2679 196 2721 I
221 2681 302 2722 766
332 2679 590 2723 Assaracum
617 2684 739 2735 atque
758 2682 875 2725 Ilum
905 2684 1180 2738 invictamque
1205 2684 1280 2727 sub
1301 2685 1476 2727 Hectore
1505 2685 1684 2737 Troiam,

175 2764 259 2806 quo
290 2754 436 2792 tamen
466 2751 512 2792 in
541 2766 683 2806 versu,
717 2767 814 2795 cum
850 2754 1023 2798 codices
1051 2756 1278 2808 victamque
1312 2755 1550 2798 exhibeant
1582 2755 1685 2811 (nisi

270 2874 296 2920 1·)
321 2876 364 2910 cf.
389 2872 530 2911 viertffl
555 2875 578 2910 1.
603 2876 626 2910 1.
