1930 3320
985 279 1194 319 -78-

351 365 593 413 Quintiliani
616 368 656 403 et
675 364 816 412 Taciti,
835 364 1045 417 ipsiusque
1067 365 1263 413 Petronii,
1292 364 1395 403 nihil
1417 364 1460 403 in
1486 363 1638 403 scholis
1664 364 1824 404 adoles-

355 434 491 469 centes
511 441 559 467 ex
580 428 627 466 iis
649 431 720 466 aut
739 428 876 467 videre
896 433 967 467 aut
991 429 1132 468 audire
1153 441 1244 481 quae
1265 429 1452 468 homines
1472 428 1514 466 in
1537 440 1612 466 usu
1627 427 1821 468 habeant.

354 493 472 533 Unde
499 491 579 530 illae
606 490 939 539 declamationes,
968 504 1060 531 cum
1088 492 1209 531 rebus
1235 496 1324 531 tum
1348 492 1535 531 oratione
1558 503 1676 544 novae
1702 495 1826 544 atque

356 554 610 594 admirandae
628 565 637 593 :
655 555 696 592 in
718 555 866 605 quibus
883 567 1015 606 neque
1036 555 1347 595 verisimilitudo
1369 567 1501 607 neque
1523 554 1828 605 argumentatio

356 618 440 657 ulla
468 618 815 670 deprehendatur,
845 618 947 656 nihil
974 631 1023 658 ex
1050 619 1240 670 utilitate,
1268 619 1371 657 nihil
1397 619 1446 657 de
1472 631 1592 657 sensu
1619 617 1829 658 communi

356 682 545 720 videatur
573 694 659 720 esse
691 681 934 720 detractum.
970 684 1022 721 At
1047 683 1153 721 idem
1187 682 1420 721 efficiebant
1445 682 1530 720 istis
1556 681 1638 721 suis
1661 686 1828 721 contro-

358 744 500 784 versiis
519 744 750 784 scholastici
765 745 968 793 homines,
991 746 1099 784 intra
1119 746 1296 796 parietes
1309 746 1519 795 ingenium
1534 745 1689 790 alentes
1704 749 1827 796 atque

355 811 625 859 exponentes,
648 821 780 860 neque
799 809 904 848 ullos
923 809 1003 848 fori
1023 813 1094 847 aut
1114 809 1350 848 ambitionis
1372 809 1529 847 fructus
1549 808 1824 859 respicientes,

357 872 469 924 quod
498 877 642 924 postea
672 873 862 911 fictarum
896 873 1049 911 ludicre
1082 877 1153 911 aut
1185 872 1390 924 pathetice
1422 884 1560 911 rerum
1593 871 1828 910 narratione

358 935 478 974 multi
509 936 620 988 apud
645 948 720 975 nos
746 937 964 988 scriptores
991 940 1266 975 tentaverunt.
1295 935 1393 974 Mihi
1425 938 1562 974 autem
1593 934 1828 986 analogiam

356 1000 547 1050 sequenti
566 999 729 1039 videtur
755 1000 932 1038 rhetoris
955 1000 1093 1050 fuisse,
1114 1000 1156 1038 in
1182 1011 1305 1050 grave
1326 1011 1444 1050 opus,
1466 998 1659 1050 quodque
1684 998 1829 1037 docere

359 1063 540 1111 deberet,
566 1075 615 1102 ea
646 1063 840 1114 inserere,
869 1075 960 1114 quae
987 1075 1096 1102 nunc
1120 1063 1277 1102 levibus
1309 1061 1533 1110 versiculis,
1562 1065 1633 1101 aut
1665 1061 1830 1101 ludicris

359 1126 715 1177 descriptionibus,
756 1130 827 1166 aut
864 1126 1029 1174 fabulis,
1069 1131 1114 1166 ut
1154 1126 1314 1177 dicunt,
1352 1138 1493 1165 veram
1531 1137 1578 1164 ac
1617 1124 1830 1175 vulgarem

358 1189 488 1228 vitam
519 1189 788 1228 referentibus
824 1190 1074 1230 addicerent.
1108 1191 1263 1241 Nempe
1297 1189 1468 1228 litterati
1504 1188 1562 1227 illi
1600 1188 1830 1239 urbanique

359 1252 562 1300 homines,
598 1253 669 1304 qui
699 1252 982 1292 Astronomica
1014 1253 1235 1292 audiebant
1270 1253 1556 1303 legebantque,
1592 1252 1699 1291 salsa
1733 1263 1831 1303 qua-

359 1315 457 1354 dam
485 1315 686 1355 suavitate
713 1317 898 1366 profecto
923 1317 1211 1366 titillabantur,
1233 1328 1326 1354 cum
1354 1315 1632 1366 designari.ac
1657 1314 1832 1354 describi

361 1380 617 1431 elegantibus
637 1391 734 1418 sane
755 1380 938 1419 versibus
958 1380 1155 1418 sentirent
1175 1379 1306 1418 lanios
1328 1379 1338 1400 ¹
1365 1391 1374 1418 z

549 1491 617 1532 Qui
635 1491 822 1537 pecudum
842 1491 1022 1527 membris
1042 1491 1168 1526 media
1185 1494 1404 1537 grassantur
1422 1490 1460 1524 in
1480 1490 1585 1534 urhe,

550 1545 593 1578 Et
611 1543 755 1578 laceros
774 1547 876 1578 artus
898 1544 1129 1590 suspendunt
1148 1543 1272 1579 fronte
1294 1543 1474 1588 tahernae,

549 1594 796 1641 Luxuriaeque
817 1597 951 1641 parant
969 1595 1112 1631 caedem
1128 1597 1344 1642 mortesque
1365 1595 1574 1636 lucrantur3

361 1702 403 1737 et
419 1698 651 1738 Tironianae
671 1698 886 1749 scripturae
907 1698 1086 1750 peritum
1109 1711 1117 1738 :

963 1801 1022 1836 cui
1041 1801 1168 1837 littera
1188 1802 1346 1837 verbum
1372 1803 1439 1846 est,

554 1853 698 1900 Quique
717 1854 819 1889 notis
839 1854 1011 1900 linguam
1031 1857 1196 1900 superet,
1218 1853 1430 1899 cursimque
1450 1852 1640 1900 loquentis

552 1906 718 1952 Excipiet
734 1906 869 1952 longas
890 1917 986 1942 nova
1006 1917 1072 1952 per
1093 1905 1316 1952 compendia
1334 1915 1444 1942 voces
1465 1905 1499 1949 2;

367 2014 407 2051 et
425 2010 717 2062 peregrinandi
734 2010 938 2050 studiosos
962 2022 970 2049 :

825 2115 907 2151 Non
927 2114 1010 2150 illos
1027 2113 1175 2150 sedibus
1196 2114 1318 2150 isdem

553 2166 676 2203 Mollia
694 2177 762 2212 per
782 2166 950 2213 placidas
971 2166 1157 2202 delectant
1177 2166 1253 2202 otia
1273 2177 1395 2210 curas,

555 2219 629 2254 Sed
643 2219 749 2265 juvat
761 2219 908 2266 ignotas
929 2229 1079 2264 semper
1099 2219 1259 2253 transire
1278 2229 1345 2265 per
1364 2217 1488 2261 urbes,

556 2271 795 2317 Scrutarique
816 2282 955 2307 novum
970 2272 1141 2318 pelagus,
1161 2271 1275 2306 totius
1295 2273 1332 2306 et
1352 2280 1433 2305 esse

555 2322 663 2358 Orbis
682 2323 720 2358 in
737 2323 902 2369 hospitio
924 2324 984 2358 ³...

368 2427 473 2474 Quin
493 2426 685 2466 salientes
701 2426 744 2464 in
764 2426 894 2466 hortis
911 2427 1101 2466 villarum
1122 2439 1250 2478 aquas
1271 2430 1411 2479 specta
1430 2437 1591 2465 sursum
1611 2424 1695 2475 agi,

549 2530 708 2576 Ipsaque
724 2529 910 2566 conversis
929 2541 1126 2577 aspergere
1143 2529 1318 2566 fluctibus
1338 2532 1440 2566 astra
1456 2530 1485 2565 ⁴.

409 2655 439 2686 1.
458 2653 564 2692 Man„
581 2653 731 2690 Astron„
754 2654 809 2692 IV,
835 2654 901 2685 184.

408 2702 439 2732 2.
459 2699 522 2739 ld.,
540 2698 638 2737 ibid„
660 2700 715 2739 IV,
737 2701 806 2732 197.

410 2748 440 2779 3.
462 2746 528 2786 ld.,
546 2745 643 2784 ibid„
665 2745 720 2785 IV,
742 2747 812 2778 510.

412 2794 442 2825 4.
462 2792 528 2833 ld.,
545 2792 642 2831 ibid„
660 2792 714 2832 IV,
729 2793 802 2825 263.
836 2795 837 2798 ’
