1910 3250
712 235 998 281 ...23—

92 371 267 411 mortem
299 364 425 424 igitur
466 364 684 423 Augustus
722 365 778 409 ibi
806 363 1011 422 regnabit.
1072 366 1291 422 Augustus
1330 368 1482 415 autem,
1521 358 1622 421 quin

92 436 156 492 sit,
189 443 234 479 ut
261 452 388 494 supra
418 436 698 494 exposuimus,
742 435 1012 487 Octavianus,
1053 435 1225 478 dubium
1256 448 1339 476 non
1370 440 1443 478 est.
1505 432 1621 488 Ergo

92 506 287 564 quoniam
318 507 454 549 facere
484 521 565 548 non
596 521 776 563 possum,
818 506 916 563 quin
949 506 1088 549 lacobi
1119 504 1311 547 accedam
1343 501 1621 562 explicationi,

91 575 144 619 de
173 576 386 634 apotheosi
418 575 595 618 viventis
623 575 806 629 Augusti
837 576 1099 633 interpretor.

229 645 370 688 Adeas
398 659 520 698 nunc,
553 645 586 686 si
617 645 764 702 placet,
796 644 822 689 l.
855 645 916 686 IV
945 662 984 690 v.
1018 645 1102 688 764
1128 659 1214 701 sq.:

263 716 341 765 Est
366 715 553 767 Rhodus,
584 714 813 771 hospitium
844 717 1005 758 recturi
1027 716 1248 771 principis
1279 713 1426 766 orbem,

267 786 456 842 Tumque
487 785 636 827 domus
666 799 759 827 vere
789 786 903 839 solis,
933 787 1002 827 cui
1032 789 1120 827 tota
1151 789 1325 826 sacrata
1356 789 1424 839 est,

267 856 400 908 Quom
431 859 596 911 caperet
626 855 767 897 lumen
798 856 947 910 mayni
978 854 1054 896 sub
1087 854 1270 897 Caesare
1299 854 1461 905 mundi,

93 938 116 967 e
145 923 294 981 quibus
325 923 513 982 plerique
543 923 791 980 interpretes
822 930 932 966 recte
961 923 1157 978 efficiunt,
1176 922 1208 977 1)
1250 929 1294 965 ut
1325 928 1436 976 tunc,
1468 936 1560 963 cum
1591 919 1620 965 l.

91 992 151 1036 IV
184 993 414 1051 composuit
445 999 579 1051 poeta,
628 993 846 1050 Augustus
887 994 995 1036 inter
1022 993 1140 1036 vivos
1180 992 1304 1036 fuerit
1334 998 1376 1035 et
1404 990 1619 1033 Tiberium

88 1062 312 1119 aliquando
357 1062 574 1120 imperium
607 1078 632 1104 a
662 1069 779 1120 patre
821 1069 1088 1119 accepturum
1120 1077 1242 1105 nemo
1283 1061 1498 1117 ignorarit.
1560 1059 1621 1101 At

88 1146 188 1174 vero
227 1131 373 1174 Freier
410 1138 641 1174 ceterorum
683 1132 736 1175 de
782 1132 937 1174 viventi
977 1133 1172 1188 Augusto
1217 1130 1620 1188 argumentationem

87 1200 140 1243 ad
181 1201 356 1243 nihilum
397 1215 486 1244 sese
524 1200 735 1257 redegisse
778 1209 890 1243 ratus
928 1202 1106 1258 probare
1148 1207 1320 1243 conatur
1357 1200 1432 1242 hos
1473 1213 1619 1241 versus

87 1269 235 1313 melius
267 1269 518 1314 Germanico
552 1286 675 1327 quam
707 1271 874 1320 Tiberio
906 1271 1139 1324 convenire,
1163 1285 1246 1327 qua
1276 1270 1317 1311 in
1334 1284 1379 1312 re
1410 1267 1618 1311 neminem

86 1339 197 1382 illius
239 1340 328 1382 fore
369 1346 660 1382 assectatorem
704 1355 837 1397 spero.
902 1340 987 1382 Vix
1029 1340 1188 1383 Freieri
1234 1337 1617 1396 interpretationem

87 1408 223 1452 refelli
251 1424 354 1466 opus
378 1423 468 1452 esse
500 1409 624 1452 timeo
656 1424 708 1452 ne
740 1409 872 1463 dieas3
905 1425 1063 1464 verum,
1096 1425 1147 1452 ne
1178 1409 1277 1467 quid
1300 1408 1459 1451 minore
1491 1423 1615 1465 quam

87 1476 207 1521 decet
238 1478 454 1535 diligentia
485 1485 679 1522 tractasse
710 1479 864 1534 videar,
899 1479 951 1523 de
980 1479 1090 1522 illius
1118 1477 1480 1535 argumentatione
1509 1492 1618 1535 quae

90 1547 271 1591 notanda
302 1548 385 1590 sint
414 1563 635 1606 apponam.

222 1617 395 1660 Etiamsi
428 1618 536 1660 enim
570 1616 867 1661 Germanicum
899 1632 1066 1675 quoque
1103 1617 1145 1659 in
1176 1616 1324 1660 Asiam
1355 1616 1616 1675 proficiscen-

28 1710 42 1717 κ
83 1686 216 1741 tem2)
262 1686 422 1744 aliquot
461 1686 549 1729 dies
594 1687 636 1728 in
677 1687 812 1729 insula
843 1686 992 1729 Rhodo
1034 1692 1240 1729 moratum
1276 1686 1402 1729 fuisse
1434 1701 1456 1729 e
1482 1685 1616 1728 Taciti

82 1755 300 1798 annalibus
327 1755 490 1810 scimus,
521 1763 672 1810 tamen,
705 1771 798 1798 cum
827 1756 919 1814 quis
954 1756 1114 1799 Romae
1143 1755 1195 1798 de
1226 1755 1403 1813 hospitio
1444 1755 1616 1798 alicuius

81 1824 277 1883 principis
304 1825 532 1868 Rhodiensi
562 1826 820 1883 loquebatur,
863 1841 946 1868 non
979 1825 1032 1868 de
1064 1825 1329 1879 Germanico,
1360 1825 1433 1868 sed
1462 1825 1514 1868 de
1545 1825 1615 1868 Ti-

82 1894 196 1937 berio
227 1895 510 1952 unusquisque
541 1895 762 1952 cogitabat,
796 1910 920 1952 quem
952 1894 1090 1938 Rhodi
1122 1901 1330 1937 versatum
1363 1909 1453 1938 esse
1483 1895 1614 1938 multo

83 1964 216 2022 magis
247 1971 390 2008 notum
423 1971 511 2007 erat
539 1980 664 2022 quam
697 1965 827 2017 illum,
871 1965 985 2007 cuius
1017 1979 1167 2008 navem
1200 1980 1248 2008 eo
1279 1965 1495 2022 appulsam
1525 1980 1614 2008 esse

81 2033 222 2091 ibique
262 2034 304 2076 in
337 2035 498 2077 ancoris
539 2035 794 2092 aliquamdiu
837 2034 1066 2077 constitisse
1105 2049 1189 2077 non
1230 2034 1286 2077 ita
1324 2034 1456 2088 multi,
1499 2041 1611 2091 puto,

80 2103 200 2160 gnari
232 2104 412 2149 fuerunt.
473 2104 632 2147 Tiberii
674 2104 869 2146 nimirum
911 2103 1076 2146 Rhodia
1117 2104 1384 2146 commoratio
1426 2104 1612 2146 omnium

225 2218 255 2263 ¹)
281 2221 386 2253 Errat
409 2221 484 2254 sine
518 2220 623 2254 dubio
651 2221 686 2252 in
713 2220 832 2252 Paulii
859 2220 1053 2254 litterarum
1088 2221 1364 2264 encyclopaedia
1397 2221 1440 2254 de
1466 2221 1612 2255 Manilio

81 2277 264 2320 disputans
293 2278 527 2321 Broeckelius,
554 2289 630 2311 cum
656 2278 718 2310 hos
736 2288 856 2312 versus
880 2278 1026 2321 scriptos
1052 2288 1127 2311 esse
1146 2279 1335 2321 contendit,
1363 2290 1431 2321 quo
1457 2282 1613 2321 tempore

81 2334 241 2369 Tiberius
267 2336 382 2369 Rhodi
408 2342 563 2369 versatus
592 2336 648 2369 sit.

218 2391 252 2437 ²]
277 2393 350 2426 Hic
374 2394 480 2426 liceat
504 2404 776 2427 commemorare
800 2393 893 2426 haud
909 2393 1014 2427 dubie
1036 2393 1214 2427 Freierum
1240 2406 1272 2427 v.
1297 2394 1347 2427 IV
1371 2395 1437 2428 776
1462 2396 1550 2429 falso
1569 2396 1613 2428 de

82 2449 291 2484 Germanico
315 2451 582 2494 interpretatum
609 2462 693 2495 esse,
720 2452 778 2495 qui
804 2462 867 2494 per
886 2452 1069 2485 Graeciam
1088 2453 1265 2495 Asiaeque
1288 2457 1412 2496 gentes
1438 2454 1611 2496 profectus

83 2508 276 2552 „profecto“
291 2509 409 2542 orbem
425 2510 636 2542 condidisset
651 2509 704 2554 (p.
722 2509 806 2553 80);
834 2520 916 2542 nam
942 2511 1096 2552 optimus
1122 2510 1233 2543 codex
1260 2510 1524 2546 Gemblacensis
1551 2513 1611 2551 (cf.

11 2578 15 2579 ⁷
81 2564 230 2600 Thomas
253 2566 277 2598 l.
302 2566 326 2600 1.
349 2577 383 2609 p.
411 2566 477 2610 49]
503 2577 580 2600 cum
606 2569 683 2601 aliis
709 2568 832 2602 habet:
883 2568 974 2609 Qua
1007 2568 1187 2611 genitus
1220 2579 1313 2601 cum
1349 2570 1494 2603 fratre
1529 2571 1611 2604 Re-

82 2632 171 2655 mus
196 2623 307 2656 hanc
332 2625 542 2657 condidit
566 2625 732 2659 urbem.
782 2626 850 2667 Qui
876 2636 1007 2669 versus,
1033 2637 1111 2659 cum
1140 2627 1312 2669 producta
1330 2630 1410 2660 ante
1429 2638 1609 2662 caesuram

80 2680 219 2723 syllaba.
243 2680 323 2725 (sed
348 2683 391 2718 cf.
418 2682 558 2716 Cramer
584 2684 606 2716 1.
631 2684 654 2716 1.
680 2694 714 2726 p.
732 2686 773 2717 18
799 2687 832 2716 et
852 2683 914 2727 19]
940 2685 1095 2718 offendat
1119 2685 1158 2716 in
1182 2685 1290 2717 verbo
1309 2686 1419 2728 Remi,
1445 2697 1466 2718 a.
1492 2687 1610 2720 multis

80 2737 217 2779 spurius
245 2738 404 2780 dueitur;
431 2741 474 2773 cf.
499 2741 605 2774 Iacob
630 2752 744 2785 progr.
772 2742 902 2775 Lubec.
932 2743 1031 2783 1835,
1058 2754 1093 2784 p.
1119 2744 1173 2776 ⁶29.
1199 2743 1245 2775 Et
1271 2744 1482 2776 monendum
1508 2755 1610 2786 prae-

80 2797 177 2828 terea
201 2799 253 2828 est
276 2797 471 2840 Tiberium,
497 2809 598 2840 quem
624 2802 811 2840 patronum
844 2801 917 2834 eius
942 2801 1051 2834 fuisse
1077 2805 1187 2844 putat,
1220 2811 1325 2843 aegre
1350 2801 1462 2843 magis
1488 2812 1508 2833 a
1535 2803 1610 2835 Ma-

81 2852 168 2886 nilio
192 2853 323 2886 irritari
348 2856 503 2897 potuisse
532 2866 635 2897 quam
662 2857 691 2888 si
716 2858 778 2900 ita,
805 2861 843 2890 ut
867 2859 988 2891 Freier
1012 2869 1046 2900 p.
1070 2860 1113 2892 81
1140 2859 1302 2900 opinatus
1328 2861 1390 2900 est,
1426 2858 1609 2897 Germani-

81 2919 162 2950 cum
186 2919 218 2944 a.
242 2909 286 2945 U.
313 2911 351 2945 Ο.
377 2912 443 2945 772
471 2913 519 2955 (a.
545 2923 578 2964 p.
605 2913 688 2947 Chr.
714 2924 748 2947 n.
777 2914 837 2958 19)
864 2915 1086 2958 celebrasset,
