1936 3392
995 286 1046 292 -
1074 262 1123 302 3⁶2
1151 285 1202 291 -

417 353 576 393 Ethis:

547 451 630 484 Jam
649 457 836 493 nusquam
854 448 988 482 natura
1007 447 1099 482 latet
1120 458 1129 482 ι
1151 447 1378 493 pervidimus
1397 458 1550 482 omnem

549 502 593 535 Et
611 502 720 545 capto
741 499 906 545 potimur
925 500 1080 542 mundo,
1102 501 1348 545 nostrumque
1367 502 1562 546 parentem

549 553 638 587 Pars
660 561 725 586 sua
745 550 1007 597 conspicimus,
1029 550 1222 598 genitique
1242 551 1453 586 accedimus
1472 551 1577 586 astris
1595 553 1620 586 ¹.

366 658 464 706 Age,
488 654 579 707 quis
605 654 732 694 nescit
752 667 843 705 quae
871 653 1094 705 saepissime
1111 658 1151 692 et
1170 654 1377 693 altissimis
1396 667 1492 694 sane
1509 653 1642 694 verbis
1667 654 1717 694 de
1744 654 1830 693 fato

366 719 492 759 locuti
525 719 605 757 sint
637 718 777 756 stoici?
806 717 895 769 quis
923 717 1079 756 vividas
1109 718 1269 757 Senecae
1294 717 1610 769 splendidasque
1639 718 1830 757 adhorta-

367 783 500 822 tiones
517 795 599 821 non
621 782 792 820 miratus
810 785 884 831 est,
901 781 1060 832 quoties
1077 781 1286 820 hominem
1303 781 1486 832 increpat
1503 785 1666 820 aeternae
1683 781 1833 820 rationi

370 846 613 894 obstantem,
632 846 906 895 admonetque
928 848 972 882 ut
989 844 1095 883 idem
1114 856 1205 883 cum
1220 845 1303 883 Deo
1323 844 1435 891 velit,
1451 857 1501 883 ne
1520 844 1606 896 pati
1619 857 1710 896 quae
1729 843 1831 884 nolit

369 914 555 960 cogatur,
575 913 699 959 utque
722 909 851 947 fatum
871 907 1138 958 intelligendo
1156 907 1198 945 in
1215 907 1445 946 libertatem
1464 911 1612 947 vertat.

554 1014 698 1048 Ducunt
717 1012 905 1047 volentem
925 1011 1014 1055 fata,
1032 1011 1223 1046 nolentem
1242 1011 1409 1046 trahunt.

367 1118 469 1157 Hine
487 1119 640 1157 fluxere
660 1117 871 1157 Maniliani
891 1117 930 1155 in
952 1120 1099 1168 quarto
1116 1116 1220 1155 libro
1241 1128 1380 1155 versus
1402 1129 1410 1154 ε

555 1223 645 1256 Fata
664 1222 800 1266 regunt
819 1220 964 1263 orbem,
985 1221 1085 1255 certa
1104 1220 1206 1254 stant
1225 1219 1352 1254 omnia
1372 1220 1467 1266 lege,

557 1274 759 1318 Longaque
777 1283 846 1317 per
865 1274 985 1306 certos
1005 1271 1201 1318 signantur
1217 1274 1389 1316 tempora
1409 1281 1551 1306 cursus.

556 1325 756 1359 Nascentes
773 1323 972 1365 morimur,
991 1323 1151 1368 finisque
1172 1323 1218 1357 ab
1245 1322 1389 1368 origine
1406 1322 1559 1367 pendet.

557 1376 650 1410 Hinc
670 1376 707 1409 et
726 1385 814 1419 opes
836 1377 873 1409 et
890 1384 1009 1419 regna
1027 1373 1160 1417 fluunt,
1179 1375 1216 1408 et
1235 1374 1368 1419 saepius
1383 1375 1470 1408 ‘orta

557 1427 760 1471 Paupertas
780 1427 956 1470 artesque
974 1424 1072 1460 datae
1078 1450 1179 1460 .......

557 1479 673 1514 Nemo
695 1479 797 1513 caret
817 1477 969 1520 damno,
989 1476 1128 1522 poterit
1146 1487 1215 1512 nec
1234 1476 1374 1512 habere
1394 1478 1583 1523 negatum,

556 1531 806 1565 Fortunamve
827 1529 903 1564 suis
923 1528 1077 1563 invitam
1096 1529 1280 1574 prendere
1299 1528 1403 1572 votis,

557 1583 631 1617 Aut
652 1582 781 1628 fugere
799 1581 1005 1616 instantem
1029 1595 1035 1615 :
1058 1591 1137 1616 sors
1157 1583 1213 1616 est
1231 1591 1299 1616 sua
1315 1580 1446 1626 cuique
1466 1579 1621 1616 ferenda
1633 1579 1662 1615 2.

423 1686 576 1725 Deinde
606 1686 790 1723 animum
820 1685 942 1723 etiam
971 1697 1065 1723 vere
1094 1684 1266 1723 stoicum
1297 1684 1476 1735 reperias
1510 1684 1552 1722 in
1587 1683 1839 1722 admirandis

369 1750 450 1789 illis
463 1749 660 1798 versibus,
677 1761 780 1800 quos
797 1751 942 1787 eontra
955 1747 1187 1788 Lucretium
1205 1746 1392 1785 Manilius
1409 1746 1555 1797 fundit,
1573 1750 1618 1785 ut
1634 1759 1716 1785 non
1731 1758 1838 1786 caeca

370 1814 491 1861 forte,
515 1813 585 1852 sed
604 1812 759 1851 ratione
781 1811 920 1850 divina
941 1814 1122 1850 creatum
1145 1810 1287 1849 orbem
1308 1810 1542 1849 universum
1563 1810 1781 1849 ostendat?

555 1917 628 1952 Nec
649 1915 852 1962 quicquam
872 1914 910 1949 in
930 1916 1034 1949 tanta
1050 1914 1171 1960 magis
1191 1916 1246 1948 est
1266 1913 1437 1948 mirabile
1458 1913 1573 1955 mole,

559 1969 678 2011 Quam
697 1967 794 2003 ratio
815 1970 852 2002 et
873 1966 981 2002 certis
999 1967 1099 2012 quod
1120 1966 1264 2012 legibus
1282 1965 1408 2000 omnia
1428 1967 1574 2010 parent.

559 2021 752 2066 Nusquam
772 2020 882 2054 turha
898 2021 1021 2063 nocet,
1044 2017 1134 2053 nihil
1155 2017 1237 2052 ullis
1258 2016 1423 2063 partibus
1443 2019 1553 2061 errat,
1586 2032 1590 2036 -

559 2072 694 2108 Laxius
714 2073 777 2106 aut
797 2070 914 2108 levius
930 2072 1123 2105 mutatove
1144 2069 1273 2104 ordine
1295 2069 1422 2104 fertur.

561 2123 656 2165 Quid
674 2126 751 2158 tam
772 2122 970 2157 confusum
990 2121 1124 2167 specie,
1145 2120 1236 2166 quid
1255 2123 1335 2155 tam
1355 2119 1430 2154 vice
1452 2121 1596 2154 certum
1615 2118 1703 2154 est?

558 2176 612 2210 Ac
627 2174 718 2210 mihi
737 2176 818 2210 tam
834 2184 1001 2220 praesens
1020 2172 1116 2208 ratio
1136 2183 1213 2207 non
1232 2172 1309 2207 ulla
1327 2171 1485 2214 videtur,

562 2227 643 2268 Qua
663 2228 788 2272 pateat
807 2226 990 2261 mundum
1010 2225 1132 2260 divino
1153 2223 1308 2258 numine
1328 2222 1434 2265 verti,

558 2281 678 2324 Atque
698 2278 822 2324 ipsum
842 2288 922 2313 esse
944 2277 1070 2320 deum,
1093 2286 1162 2311 nec
1180 2275 1276 2310 forte
1296 2274 1412 2309 coisse
1432 2273 1629 2319 magistra,

560 2331 606 2366 Ut
621 2330 735 2364 voluit
755 2329 869 2373 credi,
893 2329 956 2375 qui
973 2328 1116 2374 primus
1135 2326 1275 2362 moenia
1294 2325 1424 2360 mundi

560 2381 771 2417 Seminibus
792 2381 926 2416 struxit
943 2379 1113 2415 minimis
1134 2379 1247 2424 inque
1267 2378 1332 2413 illa
1350 2377 1499 2413 resolvit
1517 2378 1543 2412 3.

373 2489 463 2526 Non
485 2486 592 2525 enim
613 2485 667 2524 ibi
693 2485 795 2523 illud
823 2484 944 2523 modo
972 2457 1261 2535 argumentum
1288 2481 1458 2533 profert,
1480 2485 1542 2520 tot
1564 2493 1639 2532 per
1665 2481 1801 2520 secula
1818 2493 1842 2519 a

372 2549 641 2602 Pythagoreis
674 2560 851 2599 moxque
889 2560 913 2586 a
944 2546 1174 2586 christianis
1206 2544 1462 2598 philosophis
1497 2544 1728 2596 repetitum,
1757 2556 1839 2596 quo

416 2670 445 2700 1.
466 2667 565 2705 Ibid„
587 2669 642 2707 lv,
660 2668 740 2707 8833
761 2668 894 2706 Ferraz,
914 2677 947 2708 p.
972 2669 1039 2699 119.

415 2715 444 2746 2.
465 2714 566 2751 Ibid„
587 2714 642 2753 1v,
664 2716 718 2753 14;
738 2715 871 2751 Feri-zm,
893 2723 926 2754 p.
948 2714 998 2745 53.

415 2761 445 2793 3.
463 2761 567 2801 Man„
589 2760 738 2797 Astron„
760 2760 786 2799 Ι,
808 2761 877 2792 478.
