1910 3250
781 278 1063 320 ..85-

185 405 312 445 ducto
347 415 421 444 suo
459 405 634 444 fortasse
666 404 752 443 iure
780 403 823 454 ii,
859 403 1006 454 quibus
1033 403 1108 442 illa
1132 401 1408 454 persuadeam,
1442 402 1666 454 postulant)

184 478 232 514 ut
249 473 467 514 Manilium
494 473 543 512 de
572 473 699 512 exitio
730 483 890 522 quoque
918 473 1036 512 amici
1063 471 1220 521 aliquid
1251 473 1431 522 quamvis
1450 472 1590 512 furtim
1606 472 1666 511 in—

186 543 360 583 seruisse
396 542 620 582 ostendam.
672 541 817 591 Neque
852 542 1038 592 equidem
1071 541 1211 582 deesse
1245 540 1364 580 video
1397 553 1482 580 eam
1512 541 1666 591 querel-

182 612 276 663 lam,
305 623 424 662 quam
451 611 502 650 ad
529 611 804 650 tristissimam
822 611 935 650 illam
952 622 1035 650 rem
1055 611 1305 650 referendam
1323 622 1408 649 esse
1427 610 1666 650 existimem·

181 680 486 720 Exclamantem
525 680 634 720 enim
677 680 799 719 audio
840 683 1016 730 poetam,
1058 691 1158 730 quae
1200 681 1363 719 exstant
1402 679 1444 718 in
1478 678 1585 719 libro
1622 680 1666 717 II

181 749 276 790 inde
303 762 328 789 a
353 761 474 790 versu
500 751 596 790 596:

322 835 443 880 „Quid
467 836 598 882 loquar
625 845 772 871 eversas
796 836 906 871 urbes
931 837 970 871 et
992 835 1140 881 prodita
1164 835 1306 882 templa

317 893 369 929 Et
391 893 548 929 varias
572 893 704 940 pacis
731 893 892 929 clades
918 895 956 928 et
980 893 1124 928 mixta
1146 904 1322 928 venena

318 950 551 998 Insidiasque
575 950 643 986 fori
667 950 875 996 caedesque
900 951 936 986 in
962 950 1152 986 moenibus
1178 951 1269 997 ipsis

319 1008 378 1045 Et
401 1009 484 1045 sub
509 1008 748 1044 amicitiae
774 1010 1068 1054 grassantem
1093 1008 1273 1044 nomine
1298 1009 1524 1044 turbam“?

173 1135 176 1138 ,
285 1094 408 1134 Pacis
443 1107 538 1134 sane
572 1094 727 1134 cladem
761 1095 903 1133 civitas
931 1094 1118 1133 Romana
1152 1095 1367 1146 accepist),
1401 1106 1489 1134 curn
1515 1094 1559 1133 in
1587 1094 1666 1133 Ur-

180 1164 271 1204 bem
304 1163 473 1203 allatum
508 1166 570 1203 est
605 1162 887 1203 Germanicum
921 1163 963 1202 in
998 1162 1116 1214 Syria
1149 1163 1262 1203 lento
1297 1164 1439 1203 morbo
1475 1175 1562 1203 esse
1596 1164 1666 1202 ab·

181 1236 359 1284 reptum3
394 1243 509 1271 nemo
545 1245 566 1271 e
601 1237 723 1284 gente
754 1232 869 1272 Julia
904 1232 1117 1271 memoriae
1145 1232 1336 1283 proditus
1365 1218 1453 1280 ests
1473 1233 1586 1271 cuius
1615 1233 1664 1272 de

181 1305 312 1342 morte
338 1301 459 1341 dolor
486 1302 699 1352 luctusque
727 1302 904 1340 omnium
931 1302 1133 1340 bonorum
1158 1302 1288 1341 maior
1314 1302 1449 1341 fuerit.
1495 1302 1666 1342 Deside-

98 1364 107 1373 '‘
179 1371 327 1411 rabant
360 1371 478 1421 enim,
514 1371 557 1408 in
593 1382 672 1420 quo
708 1383 804 1420 uno,
842 1371 1046 1410 saeviente
1079 1372 1208 1422 magis
1242 1371 1450 1422 magisque
1484 1371 1666 1421 Tiberio,

181 1451 294 1492 spem
325 1439 469 1478 salutis
498 1439 782 1478 collocassent.
837 1439 940 1478 Mox
967 1440 1019 1479 ad
1046 1441 1219 1491 gemitus
1248 1442 1419 1480 accessit
1446 1441 1507 1480 ira
1532 1453 1665 1480 rumo-

178 1509 292 1548 ribus
320 1509 575 1560 pervulgatis
603 1509 653 1548 de
682 1509 823 1548 fraude
850 1509 1050 1560 principis
1079 1512 1121 1549 et
1146 1510 1196 1549 de
1224 1510 1391 1549 Pisonis
1419 1510 1666 1550 ministerio:

180 1578 288 1618 hunc
322 1591 347 1617 a
372 1578 495 1617 Livia
521 1578 715 1629 Augusta
749 1579 916 1629 eiusque
950 1579 1035 1618 filio
1071 1591 1144 1629 per
1172 1578 1412 1617 Plancinam
1446 1579 1570 1618 fuisse
1598 1579 1666 1618 ad-

181 1648 358 1697 ductum,
387 1651 434 1686 ut
453 1646 685 1687 Germanici
713 1648 875 1687 decreta
902 1647 1152 1687 rescinderet
1171 1647 1289 1697 eique
1311 1658 1429 1696 quam
1447 1648 1666 1698 plurimum

181 1716 431 1756 stomachum
458 1720 650 1766 moveret,
677 1718 800 1766 atque
828 1728 1090 1767 progressum
1117 1716 1167 1754 ad
1194 1719 1350 1755 tantam
1369 1717 1592 1767 audaciam,
1621 1719 1667 1757 ut

180 1786 399 1826 adiuvante
427 1778 787 1825 uxoreCaesarem
817 1786 858 1823 in
887 1787 1087 1825 extremas
1114 1788 1244 1824 terras
1271 1788 1468 1825 remotum
1488 1789 1530 1825 et
1547 1787 1666 1826 bene-

180 1856 282 1896 ficiis
301 1855 674 1904 devotionibusque
695 1855 954 1906 impugnaret
973 1857 1014 1894 et
1028 1867 1192 1906 aegrum
1211 1855 1436 1894 immodicis
1453 1857 1667 1895 verborum

181 1928 223 1964 et
246 1936 382 1964 rerum
409 1924 704 1964 acerbitatibus
733 1923 980 1968 afficeretw).
1020 1924 1108 1964 Nec
1136 1924 1268 1964 defuit
1295 1925 1400 1964 fama
1427 1925 1477 1964 de
1496 1938 1666 1967 veneno.

179 1992 367 2043 Denique
403 1992 597 2032 Pisonem
641 1996 681 2031 et
717 1992 957 2032 Plancinam
998 1993 1122 2032 alacri
1159 1994 1293 2032 animo
1330 1993 1502 2034 Romam
1536 2007 1667 2034 rever-

181 2073 248 2102 sos
276 2065 398 2112 atque
425 2061 660 2111 Martinam,
694 2072 795 2111 quae
826 2060 898 2099 illo
927 2065 1108 2111 tempore
1138 2062 1179 2100 in
1210 2061 1329 2113 Syria
1355 2064 1554 2102 veneficae
1582 2067 1666 2103 tur-

179 2131 372 2182 pissimae
400 2131 506 2170 fama
534 2130 720 2179 florebat,
747 2133 999 2181 grassantem
1026 2131 1134 2170 haud
1164 2131 1285 2171 dubie
1296 2131 1339 2178 ¹¹)
1369 2133 1443 2171 sub
1465 2133 1666 2173 amicitiae

182 2200 344 2240 nomine
372 2200 545 2250 turbam,
573 2201 726 2240 totiens
755 2204 915 2250 tamque
934 2200 1189 2240 vehementer
1207 2202 1506 2252 insimulavere‚
1533 2207 1579 2242 ut
1598 2202 1666 2242 Ti-

179 2269 320 2309 berius
347 2270 390 2308 in
417 2269 612 2309 iudicium
639 2271 785 2321 capitis
814 2281 1014 2309 arcessere
1044 2275 1270 2321 cogeretur.
1313 2271 1415 2311 Tum
1436 2272 1665 2311 instruxere

180 2338 477 2379 accusationem
504 2340 682 2390 proximi
703 2339 935 2379 Germanici
962 2339 1092 2388 amici,
1125 2352 1295 2390 quorum
1322 2342 1364 2380 in
1393 2353 1556 2380 numero
1576 2341 1664 2380 Ma-

181 2407 325 2448 nilium
346 2408 471 2448 fuisse
491 2410 680 2460 probavi,
708 2412 830 2460 atque
850 2409 1024 2457 effecere,
1052 2412 1099 2449 ut
1119 2422 1255 2450 omnes
1276 2411 1457 2461 quamvis
1477 2410 1663 2461 principe

183 2477 315 2516 invito
344 2489 465 2516 causa
492 2479 682 2518 caderent
694 2479 752 2525 12).
1246 2471 1251 2476 ’

283 2546 425 2597 Atque
458 2547 530 2586 has
565 2549 618 2588 ad
653 2561 717 2588 res
753 2549 883 2588 relata
919 2561 1006 2588 esse
1039 2550 1134 2588 volo
1162 2550 1299 2600 verba,
1335 2562 1436 2600 quae
1465 2552 1586 2590 antea
1613 2562 1663 2589 ex

181 2615 484 2656 Astronomicis
519 2619 652 2657 attuli.
708 2619 863 2669 Quidni
897 2619 1000 2658 enim
1037 2623 1152 2659 caute
1180 2620 1427 2670 significasse
1456 2620 1662 2671 putandus

272 2770 301 2816 ⁹)
328 2771 419 2807 Tac.
443 2771 543 2809 Anu.
567 2771 636 2817 111,
661 2774 693 2810 4.
743 2773 784 2819 ¹⁰)
810 2773 912 2811 Suet.
938 2773 1016 2811 Cal.
1043 2785 1074 2811 c.
1097 2776 1130 2812 2.
1183 2775 1226 2821 ¹¹)
1250 2773 1352 2812 Suet.
1379 2774 1496 2822 Calig.
1519 2777 1540 2811 3
1569 2778 1660 2812 extr.

183 2825 224 2875 ᾳ)
247 2827 346 2866 Ann.
370 2827 438 2874 111,
467 2831 524 2866 13.
549 2830 601 2866 14.
