<?xml version="1.0" encoding="UTF-8"?>
<!DOCTYPE html PUBLIC "-//W3C//DTD XHTML 1.0 Transitional//EN"
    "http://www.w3.org/TR/xhtml1/DTD/xhtml1-transitional.dtd">
<html xmlns="http://www.w3.org/1999/xhtml" xml:lang="en" lang="en">
 <head>
  <title>
</title>
<meta http-equiv="Content-Type" content="text/html;charset=utf-8" />
  <meta name='ocr-system' content='tesseract 3.04.00' />
  <meta name='ocr-capabilities' content='ocr_page ocr_carea ocr_par ocr_line ocrx_word'/>
</head>
<body>
  <div class='ocr_page' id='page_1' title='image "./lucubrationesman00thomuoft_0271.png"; bbox 0 0 1930 3320; ppageno 0'>
   <div class='ocr_carea' id='block_1_1' title="bbox 711 289 926 331">
    <p class='ocr_par' dir='ltr' id='par_1_1' title="bbox 711 289 926 331">
     <span class='ocr_line' id='line_1_1' title="bbox 711 289 926 331; baseline 0 -11"><span class='ocrx_word' id='word_1_1' title='bbox 711 289 926 331; x_wconf 72' lang='grc'><strong>-93-</strong></span> 
     </span>
    </p>
   </div>
   <div class='ocr_carea' id='block_1_2' title="bbox 64 376 1574 432">
    <p class='ocr_par' dir='ltr' id='par_1_2' title="bbox 64 376 1574 432">
     <span class='ocr_line' id='line_1_2' title="bbox 64 376 1574 432; baseline -0.001 -12"><span class='ocrx_word' id='word_1_2' title='bbox 64 382 206 420; x_wconf 83' lang='lat' dir='ltr'><strong>autem</strong></span> <span class='ocrx_word' id='word_1_3' title='bbox 228 379 328 432; x_wconf 91' lang='lat' dir='ltr'><strong>quid</strong></span> <span class='ocrx_word' id='word_1_4' title='bbox 348 391 435 419; x_wconf 92' lang='lat' dir='ltr'><strong>non</strong></span> <span class='ocrx_word' id='word_1_5' title='bbox 461 377 621 419; x_wconf 82' lang='lat' dir='ltr'><strong>inducit</strong></span> <span class='ocrx_word' id='word_1_6' title='bbox 642 377 786 418; x_wconf 89' lang='lat' dir='ltr'><strong>dolore</strong></span> <span class='ocrx_word' id='word_1_7' title='bbox 810 378 916 418; x_wconf 89' lang='lat' dir='ltr'><strong>tanti</strong></span> <span class='ocrx_word' id='word_1_8' title='bbox 935 389 1054 418; x_wconf 86' lang='lat' dir='ltr'><strong>casus</strong></span> <span class='ocrx_word' id='word_1_9' title='bbox 1082 377 1330 431; x_wconf 78' lang='lat' dir='ltr'><strong>perfusum?</strong></span> <span class='ocrx_word' id='word_1_10' title='bbox 1353 376 1459 417; x_wconf 89' lang='lat' dir='ltr'>nihil</span> <span class='ocrx_word' id='word_1_11' title='bbox 1484 389 1574 418; x_wconf 90' lang='lat' dir='ltr'><strong>non</strong></span> 
     </span>
    </p>
   </div>
   <div class='ocr_carea' id='block_1_3' title="bbox 0 444 486 486">
    <p class='ocr_par' dir='ltr' id='par_1_3' title="bbox 0 444 486 486">
     <span class='ocr_line' id='line_1_3' title="bbox 0 444 486 486; baseline -0.006 0"><span class='ocrx_word' id='word_1_12' title='bbox 0 450 4 453; x_wconf 87' lang='grc'><strong>’</strong></span> <span class='ocrx_word' id='word_1_13' title='bbox 61 444 108 486; x_wconf 88' lang='lat' dir='ltr'><strong>in</strong></span> <span class='ocrx_word' id='word_1_14' title='bbox 127 448 283 486; x_wconf 84' lang='lat' dir='ltr'><strong>natura</strong></span> <span class='ocrx_word' id='word_1_15' title='bbox 308 447 453 484; x_wconf 90' lang='lat' dir='ltr'><strong>movet</strong></span> <span class='ocrx_word' id='word_1_16' title='bbox 475 454 486 483; x_wconf 90' lang='lat'>:</span> 
     </span>
    </p>
   </div>
   <div class='ocr_carea' id='block_1_4' title="bbox 253 537 1252 1011">
    <p class='ocr_par' dir='ltr' id='par_1_4' title="bbox 253 537 1252 691">
     <span class='ocr_line' id='line_1_4' title="bbox 253 537 1252 584; baseline -0.001 -9"><span class='ocrx_word' id='word_1_17' title='bbox 253 540 324 575; x_wconf 87' lang='lat' dir='ltr'><strong>Ter</strong></span> <span class='ocrx_word' id='word_1_18' title='bbox 342 538 486 574; x_wconf 87' lang='lat' dir='ltr'><strong>circum</strong></span> <span class='ocrx_word' id='word_1_19' title='bbox 504 538 693 584; x_wconf 84' lang='lat' dir='ltr'>Alcyones</span> <span class='ocrx_word' id='word_1_20' title='bbox 713 537 843 584; x_wconf 84' lang='lat' dir='ltr'>pinnis</span> <span class='ocrx_word' id='word_1_21' title='bbox 859 538 1042 584; x_wconf 81' lang='lat' dir='ltr'><strong>planxere</strong></span> <span class='ocrx_word' id='word_1_22' title='bbox 1068 537 1252 583; x_wconf 83' lang='lat' dir='ltr'><strong>volantes,</strong></span> 
     </span>
     <span class='ocr_line' id='line_1_5' title="bbox 255 590 1219 638; baseline -0.001 -10"><span class='ocrx_word' id='word_1_23' title='bbox 255 590 534 638; x_wconf 86' lang='lat' dir='ltr'><strong>Fleveruntque</strong></span> <span class='ocrx_word' id='word_1_24' title='bbox 556 593 644 627; x_wconf 86' lang='lat' dir='ltr'><strong>tuos</strong></span> <span class='ocrx_word' id='word_1_25' title='bbox 665 590 882 627; x_wconf 86' lang='lat' dir='ltr'><strong>miserando</strong></span> <span class='ocrx_word' id='word_1_26' title='bbox 904 591 1075 627; x_wconf 84' lang='lat' dir='ltr'><strong>carmine</strong></span> <span class='ocrx_word' id='word_1_27' title='bbox 1095 602 1219 636; x_wconf 86' lang='lat' dir='ltr'><strong>casus,</strong></span> 
     </span>
     <span class='ocr_line' id='line_1_6' title="bbox 253 645 1113 691; baseline -0.001 -10"><span class='ocrx_word' id='word_1_28' title='bbox 253 646 300 682; x_wconf 86' lang='lat' dir='ltr'><strong>Et</strong></span> <span class='ocrx_word' id='word_1_29' title='bbox 319 645 385 681; x_wconf 74' lang='lat' dir='ltr'><strong>tibi</strong></span> <span class='ocrx_word' id='word_1_30' title='bbox 405 647 591 680; x_wconf 70' lang='lat' dir='ltr'><strong>conte-reas</strong></span> <span class='ocrx_word' id='word_1_31' title='bbox 611 645 780 681; x_wconf 84' lang='lat' dir='ltr'><strong>umbram</strong></span> <span class='ocrx_word' id='word_1_32' title='bbox 798 645 914 689; x_wconf 79' lang='lat' dir='ltr'><strong>fecere</strong></span> <span class='ocrx_word' id='word_1_33' title='bbox 932 655 1001 691; x_wconf 82' lang='lat' dir='ltr'><strong>per</strong></span> <span class='ocrx_word' id='word_1_34' title='bbox 1020 645 1113 680; x_wconf 88' lang='lat' dir='ltr'><strong>alas.</strong></span> 
     </span>
    </p>

    <p class='ocr_par' dir='ltr' id='par_1_5' title="bbox 253 696 1232 894">
     <span class='ocr_line' id='line_1_7' title="bbox 253 696 1166 745; baseline -0.001 -11"><span class='ocrx_word' id='word_1_35' title='bbox 253 697 313 734; x_wconf 88' lang='lat' dir='ltr'><strong>Ad</strong></span> <span class='ocrx_word' id='word_1_36' title='bbox 331 699 401 733; x_wconf 85' lang='lat' dir='ltr'><strong>tua</strong></span> <span class='ocrx_word' id='word_1_37' title='bbox 420 697 596 733; x_wconf 85' lang='lat' dir='ltr'><strong>sustinuit</strong></span> <span class='ocrx_word' id='word_1_38' title='bbox 611 696 750 734; x_wconf 79' lang='lat' dir='ltr'><strong>fluctus</strong></span> <span class='ocrx_word' id='word_1_39' title='bbox 768 698 988 745; x_wconf 83' lang='lat' dir='ltr'><strong>spectacula</strong></span> <span class='ocrx_word' id='word_1_40' title='bbox 1010 700 1166 744; x_wconf 86' lang='lat' dir='ltr'><strong>pontus,</strong></span> 
     </span>
     <span class='ocr_line' id='line_1_8' title="bbox 253 749 1232 799; baseline -0.001 -12"><span class='ocrx_word' id='word_1_41' title='bbox 253 752 510 798; x_wconf 86' lang='lat' dir='ltr'><strong>Assuetasque</strong></span> <span class='ocrx_word' id='word_1_42' title='bbox 528 749 599 786; x_wconf 91' lang='lat' dir='ltr'><strong>sibi</strong></span> <span class='ocrx_word' id='word_1_43' title='bbox 619 750 733 787; x_wconf 89' lang='lat' dir='ltr'><strong>desiit</strong></span> <span class='ocrx_word' id='word_1_44' title='bbox 751 750 796 799; x_wconf 64' lang='lat'><strong>(7⁷)</strong></span> <span class='ocrx_word' id='word_1_45' title='bbox 819 750 1050 798; x_wconf 81' lang='lat' dir='ltr'><strong>perfundere</strong></span> <span class='ocrx_word' id='word_1_46' title='bbox 1068 761 1181 797; x_wconf 91' lang='lat' dir='ltr'><strong>rupes</strong></span> <span class='ocrx_word' id='word_1_47' title='bbox 1203 753 1232 793; x_wconf 78' lang='lat'><strong>¹,</strong></span> 
     </span>
     <span class='ocr_line' id='line_1_9' title="bbox 255 803 1198 852; baseline -0.002 -11"><span class='ocrx_word' id='word_1_48' title='bbox 255 803 397 841; x_wconf 84' lang='lat' dir='ltr'><strong>Extulit</strong></span> <span class='ocrx_word' id='word_1_49' title='bbox 416 807 455 840; x_wconf 87' lang='lat' dir='ltr'><strong>et</strong></span> <span class='ocrx_word' id='word_1_50' title='bbox 472 803 619 851; x_wconf 88' lang='lat' dir='ltr'><strong>liquido</strong></span> <span class='ocrx_word' id='word_1_51' title='bbox 642 804 773 840; x_wconf 86' lang='lat' dir='ltr'><strong>Nereis</strong></span> <span class='ocrx_word' id='word_1_52' title='bbox 793 805 840 841; x_wconf 87' lang='lat' dir='ltr'><strong>ab</strong></span> <span class='ocrx_word' id='word_1_53' title='bbox 861 815 1017 852; x_wconf 85' lang='lat' dir='ltr'><strong>aequore</strong></span> <span class='ocrx_word' id='word_1_54' title='bbox 1035 804 1198 847; x_wconf 81' lang='lat' dir='ltr'><strong>vultum,</strong></span> 
     </span>
     <span class='ocr_line' id='line_1_10' title="bbox 253 857 1079 894; baseline -0.001 -1"><span class='ocrx_word' id='word_1_55' title='bbox 253 859 301 894; x_wconf 85' lang='lat' dir='ltr'><strong>Et</strong></span> <span class='ocrx_word' id='word_1_56' title='bbox 319 867 425 893; x_wconf 79' lang='lat' dir='ltr'><strong>casus</strong></span> <span class='ocrx_word' id='word_1_57' title='bbox 440 858 616 894; x_wconf 78' lang='lat' dir='ltr'><strong>miserata</strong></span> <span class='ocrx_word' id='word_1_58' title='bbox 638 861 717 894; x_wconf 79' lang='lat' dir='ltr'><strong>tuos</strong></span> <span class='ocrx_word' id='word_1_59' title='bbox 734 859 874 894; x_wconf 75' lang='lat' dir='ltr'><strong>roravit</strong></span> <span class='ocrx_word' id='word_1_60' title='bbox 894 861 928 894; x_wconf 82' lang='lat' dir='ltr'><strong>et</strong></span> <span class='ocrx_word' id='word_1_61' title='bbox 944 857 1079 893; x_wconf 83' lang='lat' dir='ltr'><strong>undas.</strong></span> 
     </span>
    </p>

    <p class='ocr_par' dir='ltr' id='par_1_6' title="bbox 253 909 1167 1011">
     <span class='ocr_line' id='line_1_11' title="bbox 255 909 1167 958; baseline 0 -12"><span class='ocrx_word' id='word_1_62' title='bbox 255 909 342 957; x_wconf 87' lang='lat' dir='ltr'><strong>Ipsa</strong></span> <span class='ocrx_word' id='word_1_63' title='bbox 362 910 434 946; x_wconf 88' lang='lat' dir='ltr'><strong>levi</strong></span> <span class='ocrx_word' id='word_1_64' title='bbox 452 910 545 946; x_wconf 83' lang='lat' dir='ltr'><strong>flatu</strong></span> <span class='ocrx_word' id='word_1_65' title='bbox 567 911 744 947; x_wconf 76' lang='lat' dir='ltr'>refovens</span> <span class='ocrx_word' id='word_1_66' title='bbox 761 910 972 958; x_wconf 83' lang='lat' dir='ltr'><strong>pendentia</strong></span> <span class='ocrx_word' id='word_1_67' title='bbox 990 910 1167 947; x_wconf 89' lang='lat' dir='ltr'><strong>membra</strong></span> 
     </span>
     <span class='ocr_line' id='line_1_12' title="bbox 253 964 1159 1011; baseline -0.001 -11"><span class='ocrx_word' id='word_1_68' title='bbox 253 965 356 1000; x_wconf 83' lang='lat' dir='ltr'><strong>Aura</strong></span> <span class='ocrx_word' id='word_1_69' title='bbox 372 974 442 1011; x_wconf 87' lang='lat' dir='ltr'><strong>per</strong></span> <span class='ocrx_word' id='word_1_70' title='bbox 460 966 653 1000; x_wconf 88' lang='lat' dir='ltr'><strong>extremas</strong></span> <span class='ocrx_word' id='word_1_71' title='bbox 669 964 862 1001; x_wconf 83' lang='lat' dir='ltr'><strong>resonavit</strong></span> <span class='ocrx_word' id='word_1_72' title='bbox 880 964 1008 1000; x_wconf 89' lang='lat' dir='ltr'><strong>flebile</strong></span> <span class='ocrx_word' id='word_1_73' title='bbox 1027 974 1159 1010; x_wconf 88' lang='lat' dir='ltr'><strong>rupes.</strong></span> 
     </span>
    </p>
   </div>
   <div class='ocr_carea' id='block_1_5' title="bbox 61 1062 1568 1171">
    <p class='ocr_par' dir='ltr' id='par_1_7' title="bbox 61 1062 1568 1171">
     <span class='ocr_line' id='line_1_13' title="bbox 62 1062 1568 1117; baseline -0.001 -12"><span class='ocrx_word' id='word_1_74' title='bbox 62 1065 166 1105; x_wconf 83' lang='lat' dir='ltr'><strong>Ecce</strong></span> <span class='ocrx_word' id='word_1_75' title='bbox 180 1067 323 1105; x_wconf 84' lang='lat' dir='ltr'><strong>autem</strong></span> <span class='ocrx_word' id='word_1_76' title='bbox 341 1065 514 1105; x_wconf 85' lang='lat' dir='ltr'><strong>Perseus</strong></span> <span class='ocrx_word' id='word_1_77' title='bbox 535 1065 667 1113; x_wconf 83' lang='lat' dir='ltr'><strong>adest,</strong></span> <span class='ocrx_word' id='word_1_78' title='bbox 691 1077 816 1117; x_wconf 90' lang='lat' dir='ltr'><strong>quem</strong></span> <span class='ocrx_word' id='word_1_79' title='bbox 838 1064 1039 1117; x_wconf 85' lang='lat' dir='ltr'><strong>adspecta</strong></span> <span class='ocrx_word' id='word_1_80' title='bbox 1059 1064 1177 1116; x_wconf 84' lang='lat' dir='ltr'><strong>virgo</strong></span> <span class='ocrx_word' id='word_1_81' title='bbox 1204 1063 1359 1104; x_wconf 87' lang='lat' dir='ltr'><strong>amoris</strong></span> <span class='ocrx_word' id='word_1_82' title='bbox 1380 1062 1568 1117; x_wconf 88' lang='lat' dir='ltr'><strong>quodam</strong></span> 
     </span>
     <span class='ocr_line' id='line_1_14' title="bbox 61 1129 573 1171; baseline 0 0"><span class='ocrx_word' id='word_1_83' title='bbox 61 1129 175 1171; x_wconf 85' lang='lat' dir='ltr'><strong>velut</strong></span> <span class='ocrx_word' id='word_1_84' title='bbox 196 1129 375 1170; x_wconf 81' lang='lat' dir='ltr'><strong>fulmine</strong></span> <span class='ocrx_word' id='word_1_85' title='bbox 394 1133 573 1171; x_wconf 78' lang='lat' dir='ltr'><strong>attonat.</strong></span> 
     </span>
    </p>
   </div>
   <div class='ocr_carea' id='block_1_6' title="bbox 250 1224 1261 1529">
    <p class='ocr_par' dir='ltr' id='par_1_8' title="bbox 250 1224 1261 1529">
     <span class='ocr_line' id='line_1_15' title="bbox 251 1224 1188 1272; baseline -0.001 -10"><span class='ocrx_word' id='word_1_86' title='bbox 251 1224 422 1262; x_wconf 79' lang='lat' dir='ltr'><strong>Tandem</strong></span> <span class='ocrx_word' id='word_1_87' title='bbox 443 1225 637 1272; x_wconf 86' lang='lat' dir='ltr'><strong>Gorgonei</strong></span> <span class='ocrx_word' id='word_1_88' title='bbox 658 1224 842 1261; x_wconf 85' lang='lat' dir='ltr'><strong>victorem</strong></span> <span class='ocrx_word' id='word_1_89' title='bbox 862 1226 1003 1261; x_wconf 87' lang='lat' dir='ltr'><strong>Persea</strong></span> <span class='ocrx_word' id='word_1_90' title='bbox 1023 1225 1188 1261; x_wconf 83' lang='lat' dir='ltr'><strong>monstri</strong></span> 
     </span>
     <span class='ocr_line' id='line_1_16' title="bbox 252 1277 1134 1315; baseline 0.001 -1"><span class='ocrx_word' id='word_1_91' title='bbox 252 1278 356 1315; x_wconf 84' lang='lat' dir='ltr'><strong>Felix</strong></span> <span class='ocrx_word' id='word_1_92' title='bbox 372 1277 438 1314; x_wconf 87' lang='lat' dir='ltr'><strong>illa</strong></span> <span class='ocrx_word' id='word_1_93' title='bbox 458 1278 540 1314; x_wconf 89' lang='lat' dir='ltr'><strong>dies</strong></span> <span class='ocrx_word' id='word_1_94' title='bbox 561 1278 789 1314; x_wconf 88' lang='lat' dir='ltr'><strong>redeuntem</strong></span> <span class='ocrx_word' id='word_1_95' title='bbox 811 1278 861 1314; x_wconf 87' lang='lat' dir='ltr'><strong>ad</strong></span> <span class='ocrx_word' id='word_1_96' title='bbox 882 1278 997 1314; x_wconf 88' lang='lat' dir='ltr'><strong>litora</strong></span> <span class='ocrx_word' id='word_1_97' title='bbox 1014 1278 1134 1315; x_wconf 87' lang='lat' dir='ltr'><strong>duxit.</strong></span> 
     </span>
     <span class='ocr_line' id='line_1_17' title="bbox 250 1331 1189 1379; baseline -0.002 -11"><span class='ocrx_word' id='word_1_98' title='bbox 250 1332 360 1379; x_wconf 82' lang='lat' dir='ltr'><strong>Isque</strong></span> <span class='ocrx_word' id='word_1_99' title='bbox 382 1331 444 1367; x_wconf 91' lang='lat' dir='ltr'><strong>ubi</strong></span> <span class='ocrx_word' id='word_1_100' title='bbox 464 1331 701 1378; x_wconf 89' lang='lat' dir='ltr'><strong>pendentem</strong></span> <span class='ocrx_word' id='word_1_101' title='bbox 714 1331 808 1366; x_wconf 85' lang='lat' dir='ltr'><strong>vidit</strong></span> <span class='ocrx_word' id='word_1_102' title='bbox 822 1331 869 1367; x_wconf 92' lang='lat' dir='ltr'><strong>de</strong></span> <span class='ocrx_word' id='word_1_103' title='bbox 892 1341 987 1377; x_wconf 91' lang='lat' dir='ltr'><strong>rupe</strong></span> <span class='ocrx_word' id='word_1_104' title='bbox 1004 1331 1189 1377; x_wconf 86' lang='lat' dir='ltr'><strong>puellam,</strong></span> 
     </span>
     <span class='ocr_line' id='line_1_18' title="bbox 250 1384 1170 1430; baseline -0.001 -9"><span class='ocrx_word' id='word_1_105' title='bbox 250 1386 413 1430; x_wconf 70' lang='lat' dir='ltr'><strong>Diriquit</strong></span> <span class='ocrx_word' id='word_1_106' title='bbox 431 1386 539 1429; x_wconf 77' lang='lat' dir='ltr'><strong>facie,</strong></span> <span class='ocrx_word' id='word_1_107' title='bbox 562 1395 673 1430; x_wconf 82' lang='lat' dir='ltr'><strong>quam</strong></span> <span class='ocrx_word' id='word_1_108' title='bbox 687 1395 762 1420; x_wconf 85' lang='lat' dir='ltr'><strong>non</strong></span> <span class='ocrx_word' id='word_1_109' title='bbox 781 1386 1027 1430; x_wconf 70' lang='lat' dir='ltr'><strong>stupefecerat</strong></span> <span class='ocrx_word' id='word_1_110' title='bbox 1045 1384 1170 1429; x_wconf 73' lang='lat' dir='ltr'><strong>hostis,</strong></span> 
     </span>
     <span class='ocr_line' id='line_1_19' title="bbox 253 1437 1261 1484; baseline 0.001 -11"><span class='ocrx_word' id='word_1_111' title='bbox 253 1437 396 1484; x_wconf 86' lang='lat' dir='ltr'><strong>Vixque</strong></span> <span class='ocrx_word' id='word_1_112' title='bbox 416 1448 536 1473; x_wconf 88' lang='lat' dir='ltr'><strong>manu</strong></span> <span class='ocrx_word' id='word_1_113' title='bbox 556 1437 724 1483; x_wconf 90' lang='lat' dir='ltr'><strong>spolium</strong></span> <span class='ocrx_word' id='word_1_114' title='bbox 745 1437 882 1482; x_wconf 87' lang='lat' dir='ltr'><strong>tenuit,</strong></span> <span class='ocrx_word' id='word_1_115' title='bbox 899 1438 1083 1484; x_wconf 81' lang='lat' dir='ltr'><strong>victorque</strong></span> <span class='ocrx_word' id='word_1_116' title='bbox 1101 1437 1261 1474; x_wconf 79' lang='lat' dir='ltr'><strong>Medusae</strong></span> 
     </span>
     <span class='ocr_line' id='line_1_20' title="bbox 255 1491 715 1529; baseline -0.007 0"><span class='ocrx_word' id='word_1_117' title='bbox 255 1492 383 1529; x_wconf 82' lang='lat' dir='ltr'><strong>Victus</strong></span> <span class='ocrx_word' id='word_1_118' title='bbox 402 1492 443 1527; x_wconf 86' lang='lat' dir='ltr'><strong>in</strong></span> <span class='ocrx_word' id='word_1_119' title='bbox 461 1491 715 1526; x_wconf 84' lang='lat' dir='ltr'><strong>Andromeda.</strong></span> 
     </span>
    </p>
   </div>
   <div class='ocr_carea' id='block_1_7' title="bbox 59 1590 1571 1776">
    <p class='ocr_par' dir='ltr' id='par_1_9' title="bbox 59 1590 1571 1776">
     <span class='ocr_line' id='line_1_21' title="bbox 59 1590 1569 1644; baseline -0.001 -11"><span class='ocrx_word' id='word_1_120' title='bbox 59 1594 196 1642; x_wconf 88' lang='lat' dir='ltr'><strong>Quam</strong></span> <span class='ocrx_word' id='word_1_121' title='bbox 235 1591 558 1632; x_wconf 81' lang='lat' dir='ltr'><strong>admirationem</strong></span> <span class='ocrx_word' id='word_1_122' title='bbox 591 1592 806 1643; x_wconf 85' lang='lat' dir='ltr'><strong>eleganter</strong></span> <span class='ocrx_word' id='word_1_123' title='bbox 832 1591 990 1644; x_wconf 87' lang='lat' dir='ltr'><strong>prodit,</strong></span> <span class='ocrx_word' id='word_1_124' title='bbox 1010 1604 1086 1631; x_wconf 83' lang='lat' dir='ltr'><strong>nec</strong></span> <span class='ocrx_word' id='word_1_125' title='bbox 1125 1591 1304 1631; x_wconf 79' lang='lat' dir='ltr'><strong>Italicus·</strong></span> <span class='ocrx_word' id='word_1_126' title='bbox 1334 1590 1569 1632; x_wconf 88' lang='lat' dir='ltr'><strong>Gallicusve</strong></span> 
     </span>
     <span class='ocr_line' id='line_1_22' title="bbox 61 1656 1571 1710; baseline -0.002 -10"><span class='ocrx_word' id='word_1_127' title='bbox 61 1657 364 1700; x_wconf 84' lang='lat' dir='ltr'><strong>versiculorum</strong></span> <span class='ocrx_word' id='word_1_128' title='bbox 401 1657 502 1698; x_wconf 92' lang='lat' dir='ltr'><strong>olim</strong></span> <span class='ocrx_word' id='word_1_129' title='bbox 542 1657 736 1697; x_wconf 84' lang='lat' dir='ltr'><strong>eonditor</strong></span> <span class='ocrx_word' id='word_1_130' title='bbox 773 1656 1022 1709; x_wconf 87' lang='lat' dir='ltr'><strong>lepidiorem</strong></span> <span class='ocrx_word' id='word_1_131' title='bbox 1068 1657 1238 1697; x_wconf 90' lang='lat' dir='ltr'><strong>laudem</strong></span> <span class='ocrx_word' id='word_1_132' title='bbox 1276 1656 1328 1697; x_wconf 93' lang='lat' dir='ltr'><strong>de</strong></span> <span class='ocrx_word' id='word_1_133' title='bbox 1359 1657 1571 1710; x_wconf 87' lang='lat' dir='ltr'><strong>pendente</strong></span> 
     </span>
     <span class='ocr_line' id='line_1_23' title="bbox 61 1722 680 1776; baseline -0.005 -12"><span class='ocrx_word' id='word_1_134' title='bbox 61 1723 223 1776; x_wconf 83' lang='lat' dir='ltr'><strong>virgine</strong></span> <span class='ocrx_word' id='word_1_135' title='bbox 239 1723 492 1764; x_wconf 85' lang='lat' dir='ltr'><strong>concinnare</strong></span> <span class='ocrx_word' id='word_1_136' title='bbox 507 1722 645 1775; x_wconf 84' lang='lat' dir='ltr'><strong>potuit</strong></span> <span class='ocrx_word' id='word_1_137' title='bbox 670 1733 680 1761; x_wconf 89' lang='lat'><strong>:</strong></span> 
     </span>
    </p>
   </div>
   <div class='ocr_carea' id='block_1_8' title="bbox 252 1814 1270 1918">
    <p class='ocr_par' dir='ltr' id='par_1_10' title="bbox 252 1814 1270 1918">
     <span class='ocr_line' id='line_1_24' title="bbox 607 1814 1151 1863; baseline -0.002 -11"><span class='ocrx_word' id='word_1_138' title='bbox 607 1817 692 1852; x_wconf 88' lang='lat' dir='ltr'><strong>Jam</strong></span> <span class='ocrx_word' id='word_1_139' title='bbox 710 1815 883 1852; x_wconf 87' lang='lat' dir='ltr'><strong>cautibus</strong></span> <span class='ocrx_word' id='word_1_140' title='bbox 899 1815 1045 1852; x_wconf 89' lang='lat' dir='ltr'><strong>invidet</strong></span> <span class='ocrx_word' id='word_1_141' title='bbox 1059 1814 1151 1863; x_wconf 76' lang='lat' dir='ltr'><strong>ipsIs</strong></span> 
     </span>
     <span class='ocr_line' id='line_1_25' title="bbox 252 1868 1270 1918; baseline 0 -12"><span class='ocrx_word' id='word_1_142' title='bbox 252 1869 472 1918; x_wconf 82' lang='lat' dir='ltr'><strong>Felicesque</strong></span> <span class='ocrx_word' id='word_1_143' title='bbox 486 1872 598 1906; x_wconf 85' lang='lat' dir='ltr'><strong>vocat</strong></span> <span class='ocrx_word' id='word_1_144' title='bbox 614 1871 772 1905; x_wconf 90' lang='lat' dir='ltr'><strong>teneant</strong></span> <span class='ocrx_word' id='word_1_145' title='bbox 793 1880 880 1916; x_wconf 81' lang='lat' dir='ltr'><strong>quae</strong></span> <span class='ocrx_word' id='word_1_146' title='bbox 902 1868 1081 1905; x_wconf 86' lang='lat' dir='ltr'><strong>membra</strong></span> <span class='ocrx_word' id='word_1_147' title='bbox 1100 1870 1270 1906; x_wconf 84' lang='lat' dir='ltr'><strong>catenas.</strong></span> 
     </span>
    </p>
   </div>
   <div class='ocr_carea' id='block_1_9' title="bbox 61 1969 1217 2023">
    <p class='ocr_par' dir='ltr' id='par_1_11' title="bbox 61 1969 1217 2023">
     <span class='ocr_line' id='line_1_26' title="bbox 61 1969 1217 2023; baseline -0.002 -11"><span class='ocrx_word' id='word_1_148' title='bbox 61 1971 218 2012; x_wconf 80' lang='lat' dir='ltr'><strong>Credas</strong></span> <span class='ocrx_word' id='word_1_149' title='bbox 236 1970 519 2011; x_wconf 85' lang='lat' dir='ltr'><strong>Mascarillum</strong></span> <span class='ocrx_word' id='word_1_150' title='bbox 539 1969 670 2022; x_wconf 90' lang='lat' dir='ltr'><strong>loqui.</strong></span> <span class='ocrx_word' id='word_1_151' title='bbox 694 1969 816 2019; x_wconf 86' lang='lat' dir='ltr'><strong>Quid,</strong></span> <span class='ocrx_word' id='word_1_152' title='bbox 839 1983 933 2023; x_wconf 77' lang='lat' dir='ltr'><strong>quae</strong></span> <span class='ocrx_word' id='word_1_153' title='bbox 955 1971 1217 2022; x_wconf 83' lang='lat' dir='ltr'><strong>sequuntur?</strong></span> 
     </span>
    </p>
   </div>
   <div class='ocr_carea' id='block_1_10' title="bbox 253 2063 1222 2218">
    <p class='ocr_par' dir='ltr' id='par_1_12' title="bbox 253 2063 1222 2218">
     <span class='ocr_line' id='line_1_27' title="bbox 254 2063 1222 2112; baseline -0.001 -11"><span class='ocrx_word' id='word_1_154' title='bbox 254 2066 299 2101; x_wconf 83' lang='lat' dir='ltr'><strong>Et</strong></span> <span class='ocrx_word' id='word_1_155' title='bbox 316 2065 518 2112; x_wconf 88' lang='lat' dir='ltr'><strong>postquam</strong></span> <span class='ocrx_word' id='word_1_156' title='bbox 539 2074 662 2110; x_wconf 83' lang='lat' dir='ltr'><strong>poenae</strong></span> <span class='ocrx_word' id='word_1_157' title='bbox 684 2074 845 2100; x_wconf 85' lang='lat' dir='ltr'><strong>eausam</strong></span> <span class='ocrx_word' id='word_1_158' title='bbox 869 2063 1046 2110; x_wconf 85' lang='lat' dir='ltr'><strong>cognovit</strong></span> <span class='ocrx_word' id='word_1_159' title='bbox 1066 2064 1222 2110; x_wconf 88' lang='lat' dir='ltr'><strong>abipsa,</strong></span> 
     </span>
     <span class='ocr_line' id='line_1_28' title="bbox 253 2117 1196 2163; baseline -0.002 -9"><span class='ocrx_word' id='word_1_160' title='bbox 253 2119 419 2154; x_wconf 75' lang='lat' dir='ltr'><strong>Destinat</strong></span> <span class='ocrx_word' id='word_1_161' title='bbox 437 2119 478 2153; x_wconf 83' lang='lat' dir='ltr'><strong>in</strong></span> <span class='ocrx_word' id='word_1_162' title='bbox 496 2117 669 2153; x_wconf 79' lang='lat' dir='ltr'><strong>thalamos</strong></span> <span class='ocrx_word' id='word_1_163' title='bbox 686 2127 756 2162; x_wconf 85' lang='lat' dir='ltr'><strong>per</strong></span> <span class='ocrx_word' id='word_1_164' title='bbox 775 2117 907 2153; x_wconf 86' lang='lat' dir='ltr'><strong>bellum</strong></span> <span class='ocrx_word' id='word_1_165' title='bbox 927 2117 1059 2152; x_wconf 84' lang='lat' dir='ltr'><strong>vadere</strong></span> <span class='ocrx_word' id='word_1_166' title='bbox 1076 2119 1196 2163; x_wconf 72' lang='lat' dir='ltr'><strong>ponti,</strong></span> 
     </span>
     <span class='ocr_line' id='line_1_29' title="bbox 253 2169 1089 2218; baseline 0 -11"><span class='ocrx_word' id='word_1_167' title='bbox 253 2170 384 2207; x_wconf 83' lang='lat' dir='ltr'><strong>Altera</strong></span> <span class='ocrx_word' id='word_1_168' title='bbox 401 2170 431 2206; x_wconf 92' lang='lat' dir='ltr'><strong>si</strong></span> <span class='ocrx_word' id='word_1_169' title='bbox 446 2171 571 2218; x_wconf 83' lang='lat' dir='ltr'><strong>Gorgo</strong></span> <span class='ocrx_word' id='word_1_170' title='bbox 593 2170 721 2207; x_wconf 87' lang='lat' dir='ltr'><strong>veniat</strong></span> <span class='ocrx_word' id='word_1_171' title='bbox 742 2181 819 2206; x_wconf 91' lang='lat' dir='ltr'><strong>non</strong></span> <span class='ocrx_word' id='word_1_172' title='bbox 840 2169 996 2206; x_wconf 81' lang='lat' dir='ltr'><strong>territus</strong></span> <span class='ocrx_word' id='word_1_173' title='bbox 1021 2170 1089 2207; x_wconf 91' lang='lat' dir='ltr'><strong>ire.</strong></span> 
     </span>
    </p>
   </div>
   <div class='ocr_carea' id='block_1_11' title="bbox 62 2271 1568 2392">
    <p class='ocr_par' dir='ltr' id='par_1_13' title="bbox 62 2271 1568 2392">
     <span class='ocr_line' id='line_1_30' title="bbox 64 2271 1568 2325; baseline -0.001 -12"><span class='ocrx_word' id='word_1_174' title='bbox 64 2273 124 2313; x_wconf 90' lang='lat' dir='ltr'><strong>Ne</strong></span> <span class='ocrx_word' id='word_1_175' title='bbox 143 2275 285 2312; x_wconf 89' lang='lat' dir='ltr'><strong>tamen</strong></span> <span class='ocrx_word' id='word_1_176' title='bbox 313 2272 413 2325; x_wconf 89' lang='lat' dir='ltr'><strong>quid</strong></span> <span class='ocrx_word' id='word_1_177' title='bbox 446 2276 592 2312; x_wconf 85' lang='lat' dir='ltr'><strong>contra</strong></span> <span class='ocrx_word' id='word_1_178' title='bbox 621 2284 781 2312; x_wconf 90' lang='lat' dir='ltr'><strong>morem</strong></span> <span class='ocrx_word' id='word_1_179' title='bbox 805 2271 897 2324; x_wconf 83' lang='lat' dir='ltr'><strong>fiat,</strong></span> <span class='ocrx_word' id='word_1_180' title='bbox 921 2272 974 2311; x_wconf 88' lang='lat' dir='ltr'><strong>ad</strong></span> <span class='ocrx_word' id='word_1_181' title='bbox 1006 2275 1202 2325; x_wconf 89' lang='lat' dir='ltr'><strong>parentes</strong></span> <span class='ocrx_word' id='word_1_182' title='bbox 1231 2272 1405 2324; x_wconf 86' lang='lat' dir='ltr'><strong>virginis</strong></span> <span class='ocrx_word' id='word_1_183' title='bbox 1438 2273 1568 2321; x_wconf 82' lang='lat' dir='ltr'><strong>volat,</strong></span> 
     </span>
     <span class='ocr_line' id='line_1_31' title="bbox 62 2337 843 2392; baseline -0.001 -13"><span class='ocrx_word' id='word_1_184' title='bbox 62 2337 227 2392; x_wconf 84' lang='lat' dir='ltr'><strong>sibique</strong></span> <span class='ocrx_word' id='word_1_185' title='bbox 246 2349 339 2378; x_wconf 89' lang='lat' dir='ltr'><strong>eam</strong></span> <span class='ocrx_word' id='word_1_186' title='bbox 365 2337 615 2390; x_wconf 84' lang='lat' dir='ltr'><strong>desponderi</strong></span> <span class='ocrx_word' id='word_1_187' title='bbox 642 2337 843 2390; x_wconf 86' lang='lat' dir='ltr'><strong>postulat.</strong></span> 
     </span>
    </p>
   </div>
   <div class='ocr_carea' id='block_1_12' title="bbox 250 2479 1164 2623">
    <p class='ocr_par' dir='ltr' id='par_1_14' title="bbox 250 2479 1164 2623">
     <span class='ocr_line' id='line_1_32' title="bbox 253 2479 1164 2526; baseline -0.001 -10"><span class='ocrx_word' id='word_1_188' title='bbox 253 2479 427 2517; x_wconf 81' lang='lat' dir='ltr'><strong>Concitat</strong></span> <span class='ocrx_word' id='word_1_189' title='bbox 443 2480 566 2516; x_wconf 87' lang='lat' dir='ltr'><strong>aerios</strong></span> <span class='ocrx_word' id='word_1_190' title='bbox 585 2491 730 2523; x_wconf 78' lang='lat' dir='ltr'><strong>cursuS,</strong></span> <span class='ocrx_word' id='word_1_191' title='bbox 746 2479 962 2526; x_wconf 86' lang='lat' dir='ltr'><strong>flentesque</strong></span> <span class='ocrx_word' id='word_1_192' title='bbox 982 2482 1164 2526; x_wconf 87' lang='lat' dir='ltr'><strong>parentes</strong></span> 
     </span>
     <span class='ocr_line' id='line_1_33' title="bbox 250 2533 1140 2580; baseline -0.001 -11"><span class='ocrx_word' id='word_1_193' title='bbox 250 2533 442 2570; x_wconf 87' lang='lat' dir='ltr'><strong>Promissu</strong></span> <span class='ocrx_word' id='word_1_194' title='bbox 461 2533 546 2569; x_wconf 83' lang='lat' dir='ltr'><strong>vitae</strong></span> <span class='ocrx_word' id='word_1_195' title='bbox 561 2536 721 2580; x_wconf 81' lang='lat' dir='ltr'><strong>recreat,</strong></span> <span class='ocrx_word' id='word_1_196' title='bbox 734 2537 941 2580; x_wconf 77' lang='lat' dir='ltr'><strong>pactusque</strong></span> <span class='ocrx_word' id='word_1_197' title='bbox 960 2535 1140 2570; x_wconf 78' lang='lat' dir='ltr'><strong>maritum</strong></span> 
     </span>
     <span class='ocr_line' id='line_1_34' title="bbox 251 2587 589 2623; baseline 0.003 -1"><span class='ocrx_word' id='word_1_198' title='bbox 251 2587 309 2623; x_wconf 91' lang='lat' dir='ltr'><strong>Ad</strong></span> <span class='ocrx_word' id='word_1_199' title='bbox 325 2587 412 2622; x_wconf 91' lang='lat' dir='ltr'><strong>litus</strong></span> <span class='ocrx_word' id='word_1_200' title='bbox 428 2589 589 2623; x_wconf 87' lang='lat' dir='ltr'><strong>remeat.</strong></span> 
     </span>
    </p>
   </div>
   <div class='ocr_carea' id='block_1_13' title="bbox 61 2668 1566 2830">
    <p class='ocr_par' dir='ltr' id='par_1_15' title="bbox 61 2668 1566 2830">
     <span class='ocr_line' id='line_1_35' title="bbox 61 2668 1566 2711; baseline -0.001 -9"><span class='ocrx_word' id='word_1_201' title='bbox 61 2669 273 2703; x_wconf 84' lang='lat' dir='ltr'><strong>meminisse</strong></span> <span class='ocrx_word' id='word_1_202' title='bbox 295 2668 452 2702; x_wconf 83' lang='lat' dir='ltr'><strong>credam.</strong></span> <span class='ocrx_word' id='word_1_203' title='bbox 473 2670 561 2702; x_wconf 87' lang='lat' dir='ltr'><strong>Nam</strong></span> <span class='ocrx_word' id='word_1_204' title='bbox 582 2670 679 2703; x_wconf 91' lang='lat' dir='ltr'><strong>idem</strong></span> <span class='ocrx_word' id='word_1_205' title='bbox 700 2671 795 2703; x_wconf 88' lang='lat' dir='ltr'><strong>valet</strong></span> <span class='ocrx_word' id='word_1_206' title='bbox 821 2670 880 2703; x_wconf 85' lang='lat' dir='ltr'><strong>hic</strong></span> <span class='ocrx_word' id='word_1_207' title='bbox 907 2679 1046 2710; x_wconf 86' lang='lat' dir='ltr'><strong>versus,</strong></span> <span class='ocrx_word' id='word_1_208' title='bbox 1076 2679 1159 2702; x_wconf 83' lang='lat' dir='ltr'><strong>oum</strong></span> <span class='ocrx_word' id='word_1_209' title='bbox 1180 2669 1224 2702; x_wconf 91' lang='lat' dir='ltr'><strong>de</strong></span> <span class='ocrx_word' id='word_1_210' title='bbox 1253 2670 1367 2702; x_wconf 86' lang='lat' dir='ltr'><strong>Tauro</strong></span> <span class='ocrx_word' id='word_1_211' title='bbox 1395 2669 1566 2711; x_wconf 84' lang='lat' dir='ltr'><strong>loquitur,</strong></span> 
     </span>
     <span class='ocr_line' id='line_1_36' title="bbox 61 2716 241 2760; baseline -0.006 -10"><span class='ocrx_word' id='word_1_212' title='bbox 61 2716 124 2760; x_wconf 89' lang='lat' dir='ltr'><strong>qui</strong></span> <span class='ocrx_word' id='word_1_213' title='bbox 143 2717 241 2750; x_wconf 87' lang='lat' dir='ltr'><strong>vexit</strong></span> 
     </span>
     <span class='ocr_line' id='line_1_37' title="bbox 400 2759 1424 2830; baseline 0 -44"><span class='ocrx_word' id='word_1_214' title='bbox 400 2761 549 2794; x_wconf 84' lang='lat' dir='ltr'><strong>Europam</strong></span> <span class='ocrx_word' id='word_1_215' title='bbox 566 2759 654 2787; x_wconf 63' lang='lat' dir='ltr'><strong>dorso</strong></span> <span class='ocrx_word' id='word_1_216' title='bbox 671 2759 854 2787; x_wconf 83' lang='lat' dir='ltr'><strong>retinentem</strong></span> <span class='ocrx_word' id='word_1_217' title='bbox 873 2767 984 2787; x_wconf 76' lang='lat' dir='ltr'><strong>cornua</strong></span> <span class='ocrx_word' id='word_1_218' title='bbox 1001 2759 1085 2787; x_wconf 82' lang='lat' dir='ltr'><strong>laeva.</strong></span> <span class='ocrx_word' id='word_1_219' title='bbox 1280 2795 1318 2830; x_wconf 56' lang='lat' dir='ltr'><strong>(H</strong></span> <span class='ocrx_word' id='word_1_220' title='bbox 1352 2793 1424 2829; x_wconf 46' lang='lat'>490).</span> 
     </span>
    </p>
   </div>
   <div class='ocr_carea' id='block_1_14' title="bbox 105 2858 1568 2901">
    <p class='ocr_par' dir='ltr' id='par_1_16' title="bbox 105 2858 1568 2901">
     <span class='ocr_line' id='line_1_38' title="bbox 105 2858 1568 2901; baseline -0.001 -11"><span class='ocrx_word' id='word_1_221' title='bbox 105 2859 136 2891; x_wconf 80' lang='lat'><strong>1.</strong></span> <span class='ocrx_word' id='word_1_222' title='bbox 149 2859 282 2892; x_wconf 79' lang='lat' dir='ltr'><strong>Forsan</strong></span> <span class='ocrx_word' id='word_1_223' title='bbox 296 2858 379 2901; x_wconf 79' lang='lat' dir='ltr'><strong>defit</strong></span> <span class='ocrx_word' id='word_1_224' title='bbox 390 2859 595 2900; x_wconf 82' lang='lat' dir='ltr'><strong>legendum,</strong></span> <span class='ocrx_word' id='word_1_225' title='bbox 605 2869 686 2892; x_wconf 86' lang='lat' dir='ltr'><strong>cum</strong></span> <span class='ocrx_word' id='word_1_226' title='bbox 703 2860 738 2892; x_wconf 92' lang='lat' dir='ltr'><strong>in</strong></span> <span class='ocrx_word' id='word_1_227' title='bbox 751 2861 875 2893; x_wconf 88' lang='lat' dir='ltr'><strong>codice</strong></span> <span class='ocrx_word' id='word_1_228' title='bbox 886 2860 1060 2894; x_wconf 87' lang='lat' dir='ltr'><strong>Vossiano</strong></span> <span class='ocrx_word' id='word_1_229' title='bbox 1073 2859 1231 2893; x_wconf 88' lang='lat' dir='ltr'><strong>seeundo</strong></span> <span class='ocrx_word' id='word_1_230' title='bbox 1247 2859 1337 2891; x_wconf 77' lang='lat' dir='ltr'><strong>desit</strong></span> <span class='ocrx_word' id='word_1_231' title='bbox 1351 2858 1568 2890; x_wconf 85' lang='lat' dir='ltr'><strong>inveniatur.</strong></span> 
     </span>
    </p>
   </div>
  </div>
 </body>
</html>
