1910 3250
3 3235 7 3243 s
6 3190 7 3194 „
0 3170 15 3182 ‘f
0 3151 10 3164 *v
0 3131 5 3146 ⁴·
0 3114 15 3126 Γ
0 3091 6 3107 2⁴
0 3004 21 3086 κῦμ’-ζ-
0 2982 9 2998 ’»
0 2918 15 2974 ,qw—
0 2870 11 2909 ι-νι
0 2853 10 2862 ι
0 2805 20 2846 -ssl'f

0 768 26 804 '5221'

0 805 34 843 &w
46 815 49 818 ⁴

0 845 33 887 ²92

3 921 35 955 ς

0 958 19 994 ,ιιι
31 960 35 963 ,

946 275 1221 314 -32-

368 391 483 430 ciatis
519 392 705 440 quoniam
733 393 916 431 omnibus
945 394 1042 432 satis
1069 394 1240 432 literatis
1268 395 1393 444 pestis
1419 395 1695 446 Atheniensis,
1731 407 1808 445 qua

365 459 541 497 Pericles
569 459 702 508 periit,
738 459 778 496 in
807 464 974 499 mentem
1002 462 1123 509 venit,
1157 461 1351 504 Manilius
1379 465 1418 501 et
1444 464 1529 514 ipse
1558 463 1807 502 occasionem

366 530 532 564 nanctus
561 531 620 564 est
648 528 815 566 canendi
845 529 876 576 I,
904 531 997 567 881:
1025 540 1195 578 corpora

565 603 748 650 „Corripit
772 607 948 641 exustis
973 606 1131 641 letalis
1155 606 1334 641 flamma
1358 609 1567 644 medullis

571 660 822 706 Labentisque
843 662 939 707 rapit
962 663 1116 707 populos
1139 664 1308 707 totasque
1335 674 1396 705 per
1419 665 1527 700 urbes

569 717 724 752 Publica
747 718 932 752 succensis
957 721 1176 763 peraguntur
1200 718 1276 753 fata
1301 719 1508 764 sepulcris.“

466 795 550 833 Iam
588 808 679 834 vero
717 808 798 844 eos,
836 797 903 846 qui
938 808 999 834 res
1035 809 1058 834 a
1086 796 1226 835 Tacito
1264 798 1434 836 traditas
1462 799 1649 837 memoria
1676 803 1806 838 custo-

363 863 490 912 diunt,
540 864 656 902 simul
703 865 860 912 quando
906 865 1034 914 prima
1078 864 1372 903 Astronomicis
1417 878 1553 904 manus
1599 867 1808 906 accesserit

364 935 598 978 quaerentes
640 932 755 969 valde
795 932 1012 970 delectabit
1053 945 1098 971 ea
1138 933 1268 982 legere
1314 934 1448 981 verba,
1484 945 1582 982 quae
1616 937 1708 973 ante
1741 934 1808 972 de-

363 998 622 1048 scriptionem
650 999 903 1048 pestilentiae
933 1002 1042 1038 sunt:

610 1083 823 1128 „Nunquam
849 1084 1007 1118 futilibus
1032 1084 1226 1119 excanduit
1249 1085 1390 1129 ignibus
1415 1086 1540 1120 aether

610 1139 917 1184 squalidaque
944 1140 1045 1175 effusi
1071 1141 1262 1185 deplorant
1287 1152 1392 1175 arva
1419 1140 1538 1175 coloni

610 1197 658 1230 Et
683 1196 871 1231 steriles
895 1197 988 1231 inter
1011 1196 1164 1231 sulcos
1189 1197 1350 1232 defessus
1375 1199 1499 1232 arator

615 1251 676 1286 Ad
700 1252 784 1297 iuga
809 1255 1012 1287 maerentes
1038 1253 1134 1298 cogit
1159 1253 1330 1287 frustrata
1353 1253 1557 1288 iuvencos.“

465 1335 606 1383 Neque
642 1336 746 1374 enim
779 1348 889 1374 secus
918 1339 1036 1384 atque
1065 1349 1121 1386 ea,
1151 1348 1249 1385 quae
1278 1341 1395 1375 antea
1422 1337 1462 1374 in
1491 1340 1668 1376 nostrum
1695 1349 1807 1376 usum

363 1404 554 1453 converti,
596 1405 713 1442 rebus
748 1404 842 1441 anni
876 1403 1001 1442 Urbis
1039 1406 1111 1443 770
1145 1404 1511 1443 accommodantur:
1553 1404 1682 1443 victus
1715 1405 1804 1444 dico

360 1472 586 1521 angustias,
635 1483 733 1520 quae
784 1476 866 1510 tum
913 1471 953 1508 in
996 1472 1199 1510 nonnullis
1242 1472 1350 1510 orbis
1390 1475 1585 1511 terrarum
1623 1472 1806 1522 partibus

364 1540 536 1578 suerunt.
601 1539 803 1578 Certiores
850 1540 954 1578 enim
999 1540 1066 1577 ille
1110 1539 1331 1577 Annalium
1375 1539 1548 1589 scriptor
1593 1551 1665 1578 nos
1711 1539 1808 1579 facit

363 1608 539 1656 undique
586 1619 632 1645 eo
678 1609 857 1656 tempore
903 1607 1057 1645 venisse
1103 1607 1257 1656 legatos
1298 1606 1604 1656 provinciarum,
1650 1607 1718 1656 qui
1756 1608 1806 1646 de

363 1676 512 1714 exactis
541 1675 806 1724 vectigalibus
835 1675 1087 1724 gravioribus
1116 1676 1476 1722 conquererentur:
1505 1673 1807 1724 Syriam-atque

362 1743 568 1791 Iudaeam,
610 1743 734 1780 fessas
772 1742 982 1791 oneribus,
1020 1741 1330 1779 deminutionem
1366 1741 1506 1780 tributi
1536 1753 1691 1788 orasse3
1726 1742 1806 1781 fru-

359 1811 490 1849 ctibus
534 1810 817 1860 Cappadocum
857 1810 1028 1847 levatum
1071 1821 1154 1847 esse
1195 1808 1430 1846 centesimae
1471 1809 1663 1858 vectiga13
1705 1810 1806 1848 alias

361 1889 518 1926 quoque
554 1878 679 1915 Asiae
724 1877 909 1915 civitates
952 1876 1076 1914 levari
1111 1876 1276 1914 tributis
1309 1875 1506 1924 placuisse
1540 1875 1724 1925 mittique
1758 1888 1806 1916 ex

363 1950 514 1992 senatu,
558 1946 625 1993 qui
669 1945 898 1994 praesentia
940 1947 1137 1994 spectaret
1176 1943 1464 1991 refoveretque.
1517 1943 1604 1982 Nec
1643 1944 1807 1983 dubium

361 2025 445 2051 esse
478 2016 626 2062 potest,
665 2013 760 2062 quin
797 2013 890 2050 talis
919 2012 1109 2062 pecuniae
1139 2011 1276 2060 inopia
1305 2013 1393 2049 orta
1419 2010 1541 2049 fuerit
1566 2011 1730 2050 maxime
1757 2023 1806 2050 ex

361 2081 574 2119 sterilitate
623 2093 819 2130 agrorum,
870 2080 1056 2128 quoniam
1095 2082 1217 2129 poeta
1256 2079 1341 2127 ipse
1383 2077 1536 2128 Syriam
1577 2079 1668 2128 (IV,
1713 2078 1804 2129 624)

360 2152 563 2197 perustam
604 2160 688 2186 esse
731 2150 912 2186 testatur.
972 2147 1090 2185 Adde
1134 2147 1239 2195 quod
1275 2159 1309 2184 a.
1343 2146 1396 2184 U.
1431 2158 1462 2185 c.
1498 2149 1570 2185 ’768
1604 2147 1805 2184 continuis

362 2215 554 2253 imbribus
589 2215 736 2253 accidit
770 2216 911 2264 ingens
941 2215 1097 2253 Tiberis
1133 2214 1342 2252 inundatio
1382 2225 1542 2262 eamque
1577 2217 1710 2252 secuta
1745 2218 1806 2253 est

361 2283 630 2321 aedificiorum
668 2287 707 2321 et
740 2283 941 2321 hominum
976 2286 1129 2331 strages
1166 2293 1210 2320 ae
1246 2281 1427 2319 nimirum
1462 2281 1595 2319 nescio
1630 2285 1728 2330 quot
1761 2282 1802 2319 in

360 2362 486 2388 annos
523 2351 651 2389 aratio
693 2351 860 2389 deserta.
925 2350 1014 2398 Qua
1047 2362 1089 2388 re
1123 2349 1320 2387 miseriam
1355 2348 1593 2387 rusticorum
1627 2353 1672 2387 ut
1705 2349 1803 2387 foris

361 2418 418 2456 sic
451 2430 577 2468 prope
605 2418 772 2456 Romam
808 2430 894 2456 eum
927 2417 1239 2456 animadvertere
1275 2416 1446 2463 licuerit,
1488 2416 1666 2464 querelas
1698 2416 1803 2466 apud

362 2485 566 2523 Tiberium
608 2486 926 2534 frequentissime
969 2486 1074 2523 certe
1115 2484 1271 2522 auditas
1314 2494 1444 2522 nonne
1485 2484 1679 2523 Manilius
1721 2484 1803 2522 suis

361 2553 494 2591 verbis
522 2557 702 2602 repetere
729 2552 912 2591 videtur?

460 2621 526 2659 An
559 2620 791 2671 probaturis
826 2619 902 2657 hoc
937 2620 1053 2658 nobis
1090 2631 1190 2669 opus
1225 2622 1285 2657 est
1315 2619 1587 2658 demonstrare
1624 2619 1801 2669 singulas

363 2700 460 2737 quas
487 2689 572 2727 dixi
600 2702 634 2727 a.
662 2688 713 2726 U.
742 2690 815 2726 770
843 2699 905 2725 res
934 2687 1170 2726 caelestibus
1200 2687 1397 2726 ominibus
1424 2699 1509 2726 esse
1530 2685 1801 2736 significatas?

361 2757 497 2807 Immo,
532 2757 607 2796 hoe
641 2756 805 2806 dignum
839 2755 1029 2794 mehercle
1056 2757 1119 2794 est
1144 2755 1421 2794 lucubratione
1448 2754 1691 2794 anicularum
1719 2754 1802 2792 sive
