1930 3320
0 2003 5 2021 ””
0 1993 4 1998 ’
0 1928 20 1986 *⁵212
0 1886 22 1924 ..0⁷⁵
0 1823 18 1881 ..ἰὲ
0 1770 22 1818 ‘⁹:³-
0 1734 29 1760 {5

0 2201 15 2266 ’.μ-ι

929 263 1205 303 ..18-

456 392 610 438 „Cetera
634 405 706 430 non
731 394 879 437 aeduum
903 406 975 430 uno
998 395 1186 430 vincuntur
1209 395 1246 431 in
1271 397 1379 440 astro,

452 450 709 495 Augustum
733 449 859 485 sidus
882 453 1005 485 nostro
1031 451 1126 496 quod
1151 451 1302 496 contigit
1325 452 1423 489 orbi:

456 505 627 541 Caesar
649 515 764 541 nunc
786 506 949 550 terris,
973 509 1078 551 post
1102 508 1230 543 caelo
1254 508 1477 543 maximus
1502 507 1701 543 auctor!“

438 583 505 622 Ad
551 585 648 623 haec
695 585 816 622 verba
861 585 1070 623 adnotavit
1109 586 1326 624 Merkelius
1374 587 1415 623 in
1458 587 1694 636 prolusione
1732 587 1784 626 ad

339 651 450 690 Ibin:
478 663 640 701 „versus
668 652 929 700 intellegendi
958 656 1051 690 sunt
1078 653 1126 691 de
1145 648 1262 690 stella
1282 653 1406 702 Julia,
1436 653 1618 692 Caesaris
1639 655 1784 693 statuis

339 720 495 769 apponi
529 720 650 757 solita
684 721 734 757 ab
760 720 961 768 Augusto,
997 732 1096 768 quae
1131 721 1181 757 ad
1214 721 1343 769 ipsum
1372 732 1528 769 quoque
1554 721 1785 772 Augustum

342 787 548 825 referenda
574 787 746 834 videtur,
774 788 806 824 si
844 787 1000 835 quidem
1028 799 1076 824 ex
1105 787 1286 836 augurali
1313 788 1527 838 disciplina
1546 789 1783 839 explicanda

341 855 432 903 sit“‚
466 856 586 903 atque
621 855 723 892 hanc
756 868 837 893 rem
870 854 1050 892 defendit
1085 855 1168 893 sine
1205 855 1327 892 dubio
1363 858 1466 894 recte
1501 868 1618 895 versu
1651 855 1784 894 Hora-

338 921 496 971 tiano‚2)
538 923 643 960 unde
680 923 826 961 Iulium
870 922 979 960 sidus
1014 922 1189 971 Augusti
1224 923 1348 971 ipsius
1377 918 1544 972 *quoque
1577 923 1785 973 proprium

337 989 460 1027 fuisse
494 990 571 1028 iam
603 990 674 1027 alii
707 990 962 1038 collegerant.
1015 988 1180 1028 Nullum
1222 995 1353 1028 tamen
1389 991 1548 1029 videtur
1581 1002 1784 1040 argumen-

338 1060 432 1105 tum,
463 1068 540 1106 quo
561 1057 629 1095 ille
649 1058 788 1106 utitur,
816 1062 861 1095 ut
881 1058 1012 1106 verba,
1042 1068 1140 1105 quae
1161 1059 1277 1096 modo
1298 1059 1534 1107 interposui,
1561 1058 1786 1096 Maniliana

337 1125 538 1174 pertinere
573 1125 628 1163 -ad
665 1125 926 1163 Octavianum
967 1127 1135 1163 statuat:
1177 1125 1278 1173 nihil
1319 1138 1483 1175 prorsus
1525 1126 1704 1174 interest,
1740 1129 1786 1164 ut

337 1195 449 1240 puto,
477 1193 524 1241 is,
551 1193 662 1230 cuius
690 1194 738 1231 de
759 1197 867 1230 astro
890 1193 1037 1230 mentio
1057 1193 1113 1240 fit,
1142 1192 1327 1230 Juliaene
1346 1194 1459 1242 genti
1479 1205 1518 1231 se
1537 1193 1783 1234 accensuerit

336 1272 387 1298 an
422 1261 547 1310 aliia),
588 1261 655 1298 sed
692 1261 879 1309 quoniam
914 1260 1068 1298 ‚Iulium
1101 1261 1210 1297 sidus
1243 1261 1471 1308 Augustum
1505 1271 1661 1310 quoque
1697 1272 1784 1299 esse

337 1328 484 1377 potuit,
511 1328 603 1377 plus
630 1328 680 1365 ad
708 1327 967 1365 dirimendam
995 1339 1149 1365 causam
1178 1331 1218 1366 et
1243 1329 1307 1365 hic
1336 1332 1375 1366 et
1401 1328 1499 1366 alibi
1531 1329 1648 1378 valet,
1677 1328 1785 1378 quod

340 1395 522 1443 quisquis
560 1394 722 1432 Caesari
756 1395 798 1432 in
834 1395 999 1444 imperio
1036 1399 1290 1443 successerat,
1326 1395 1509 1434 Caesaris
1541 1399 1582 1434 et
1607 1395 1787 1445 Augusti

337 1462 574 1511 cognomine
603 1465 767 1500 ornatus
795 1462 882 1499 fuit.
939 1463 1056 1510 Quod
1087 1463 1120 1500 si
1149 1463 1306 1511 quidem
1341 1468 1413 1512 est,
1446 1463 1563 1501 facile
1595 1463 1681 1501 fieri
1712 1474 1785 1512 po-

336 1530 426 1578 tuit,
454 1533 499 1567 ut
525 1530 683 1567 vivente
714 1529 936 1567 Octaviano
966 1530 1076 1567 sidus
1105 1531 1206 1568 illud
1227 1530 1391 1578 Julium,
1419 1533 1575 1568 mortuo
1602 1530 1784 1580 principe

336 1596 567 1646 Augustum
612 1597 818 1646 appellare
862 1597 1061 1646 astrologi
1105 1598 1451 1645 consuescerent⁴).
1520 1597 1603 1635 Vix
1642 1601 1784 1646 autem,

337 1675 571 1712 quamquam
619 1664 696 1701 iam
742 1664 866 1702 multo
918 1670 1010 1702 ante
1057 1665 1251 1702 Horatius
1295 1664 1499 1713 Vergilius
1547 1663 1784 1713 Propertius

338 1730 507 1770 Ovidius
536 1731 691 1769 Julium
718 1732 790 1770 sub
817 1731 1048 1780 Augustum
1074 1733 1368 1781 depresserunt,
1407 1732 1520 1780 quasi
1547 1731 1786 1779 timuissent,

337 1811 386 1837 ne
418 1799 490 1837 illo
526 1799 730 1848 magnifice
769 1800 969 1838 celebrato
1005 1801 1121 1837 huius
1156 1799 1291 1837 laudes
1321 1800 1591 1847 obscurarent,
1622 1819 1672 1826 ——
1703 1798 1784 1847 vix,

339 1867 512 1916 inquam,
541 1870 602 1905 est
628 1867 832 1914 credibile,
860 1868 937 1904 nisi
966 1868 1069 1906 forte
1099 1868 1140 1905 in
1169 1867 1411 1916 ,‚augustus“
1431 1866 1630 1904 adiectivo
1648 1865 1786 1916 vulga·

338 1935 394 1972 ris
430 1946 568 1973 sensus
602 1934 717 1983 inest,
758 1939 918 1983 poetam
958 1935 1165 1984 scripsisse
1202 1935 1457 1983 „Augustum
1492 1935 1641 1972 astrum
1675 1933 1786 1972 caelo

339 2002 650 2052 septentrionali
685 2003 945 2052 contigisse“,
982 2007 1193 2051 antequam
1223 2002 1434 2040 Octaviani
1467 2002 1599 2040 anima
1632 2002 1674 2043 in
1702 2012 1786 2040 cae-

336 2069 418 2108 lum
450 2069 735 2108 adscendisset.
798 2070 908 2108 Ante
941 2070 1019 2108 hoc
1054 2075 1207 2119 tempus
1247 2069 1392 2107 mensis
1425 2069 1636 2119 Augustus
1674 2068 1788 2107 iuxta.

338 2137 504 2185 Julium,
533 2149 605 2175 nec
631 2149 726 2175 vero
756 2137 866 2175 sidus
884 2137 1113 2186 Augustum
1141 2138 1226 2175 vice
1255 2137 1395 2175 sideris
1417 2135 1518 2175 ‚Iuli-i
1538 2147 1623 2174 esse
1639 2135 1786 2185 potuit.

337 2204 479 2253 Itaque
506 2205 654 2243 rectius
683 2216 798 2253 quam
826 2205 1007 2254 principe
1035 2206 1083 2243 de
1111 2206 1239 2253 vivo,
1269 2216 1382 2252 quem
1400 2203 1616 2242 Merkelius
1635 2202 1785 2250 aliique

337 2273 582 2322 praeferunt,
625 2272 657 2321 Ι,
699 2275 898 2311 384—386
941 2273 1138 2311 adnuente
1166 2273 1419 2310 Lachmanno
1460 2270 1710 2319 accipiuntur
1736 2269 1784 2307 de

336 2339 456 2379 Divo.
484 2361 534 2368 —
561 2338 719 2378 Deinde
747 2352 860 2378 nemo
881 2352 1008 2378 rerum
1028 2340 1301 2378 Romanorum
1320 2340 1455 2376 obstat
1474 2338 1659 2386 scriptor,
1689 2347 1784 2385 quo-

425 2526 455 2572 2)
481 2525 553 2562 cfr.
580 2525 704 2562 Orellii
727 2524 816 2560 Hor.
842 2523 909 2560 od.
933 2523 962 2567 Ι,
988 2526 1040 2567 12,
1063 2524 1118 2559 47.
1163 2522 1191 2565 3)
1218 2522 1288 2558 cfr.
1313 2523 1393 2558 Dio.
1411 2521 1514 2558 Cass.
1539 2521 1593 2562 55,
1616 2522 1671 2557 27.
1719 2519 1784 2557 Ov.

338 2581 438 2619 Fast.
462 2581 531 2628 IV,
560 2584 637 2618 859.
707 2581 734 2626 4)
767 2573 1027 2616 Animadverte
1058 2590 1193 2626 quaeso
1220 2590 1399 2624 nunquam
1424 2579 1507 2613 Divi
1529 2579 1554 2614 J
1561 2577 1639 2612 ulii
1663 2577 1785 2612 memi-

337 2640 434 2675 nisse
461 2641 547 2674 acta
573 2638 759 2673 Arvalium
793 2638 838 2672 ad
864 2636 995 2672 cultum
1020 2637 1136 2682 gentis
1160 2636 1279 2671 Juliae
1304 2635 1522 2681 pertinentia
1550 2634 1784 2680 primumque,

337 2695 398 2740 qui
426 2696 520 2731 inter
549 2695 662 2730 Divos
695 2696 1002 2737 commemoretur,
1027 2693 1264 2728 Octavianum
1290 2703 1381 2727 esse.
1429 2690 1500 2728 cfr.
1523 2689 1688 2726 Henneni
1711 2690 1782 2727 act.

337 2751 437 2788 fratr.
461 2751 586 2787 Arval.
611 2762 647 2797 p.
674 2751 748 2786 149.
