1942 3308
808 222 1086 269 ...49-„

182 362 320 399 utrum
370 372 444 413 pro
483 355 662 397 ludibrio
703 370 754 396 an
802 370 878 412 pro
919 352 1176 396 blandieellis
1217 351 1325 394 dicta
1365 351 1470 405 sint,
1523 348 1712 393 dubitare

183 441 411 484 possumus.
473 424 557 468 Sed
590 424 792 481 prodeant
822 430 862 466 et
891 438 1057 465 carmen
1090 421 1298 479 quoddam
1331 436 1383 464 ex
1413 420 1587 464 Anthol.
1618 419 1711 464 Lat.

183 496 248 540 ed.
280 495 402 538 Riese
439 495 520 537 376
552 493 798 547 (Florentini
831 493 872 534 in
913 492 1079 534 laudem
1110 490 1418 534 Thrasamundi
1450 489 1581 548 regis)
1616 506 1654 534 v,
1685 490 1714 532 4

183 563 298 622 sq.‚¹)
330 564 399 605 ubi
431 563 482 606 de
510 578 610 619 rege
639 562 832 605 dicuntur
861 562 984 604 haec:

1021 636 1103 673 tot-o
1135 631 1206 673 sed
1237 631 1400 672 clarior
1432 629 1538 682 orbe,

361 702 444 744 Sed
473 703 676 745 radiante
702 704 866 744 micans
896 703 1056 744 cunetis
1082 702 1361 756 supereminet
1392 700 1547 741 astris!

186 778 228 814 et
267 771 438 826 Statius,
484 772 553 829 qui
596 779 751 814 astrum
795 771 892 812 dicit
932 770 1216 812 Domitianum
1253 770 1310 811 ita
1345 769 1519 826 loquens
1552 766 1663 821 (silv.
1694 766 1715 808 I

189 842 226 895 1,
258 842 357 896 55):

578 911 662 952 Hie
693 911 857 953 domini
886 923 1117 965 numquam
1146 910 1325 950 mutavit
1355 907 1540 950 habenas

419 981 654 1036 Perpetuus
673 981 833 1036 freni3‚
866 985 989 1036 atque
1015 981 1094 1021 mii
1120 980 1269 1020 serviet
1298 983 1454 1020 astro

147 1076 151 1078 -
189 1049 235 1104 (i.
260 1064 296 1092 e.
327 1049 611 1106 Domitiano);
652 1050 799 1107 quibus
824 1049 971 1089 similia
1003 1054 1097 1089 sunt
1128 1047 1251 1089 haec:
1296 1046 1404 1101 (silv.
1439 1046 1458 1087 I
1494 1047 1529 1099 1,
1570 1044 1669 1095 103)

423 1124 499 1161 tua
529 1120 718 1162 sidereas
748 1119 966 1160 imitantia
985 1117 1195 1171 flammas
1222 1117 1425 1158 Lumina.

189 1188 362 1230 Dolebis
391 1195 526 1230 autem
552 1189 724 1231 fortasse
747 1203 921 1239 mecum,
954 1186 1065 1244 quod
1088 1186 1140 1228 ad
1162 1193 1408 1242 argumenta
1441 1183 1606 1226 trahere
1635 1197 1716 1223 non

189 1257 284 1300 lieet
310 1272 362 1299 cx
393 1258 693 1300 astronomicon
727 1257 831 1299 libro
866 1257 905 1298 ΙΙ
938 1273 976 1301 v.
1006 1257 1089 1299 507
1122 1271 1207 1312 sq.:

787 1331 936 1368 contra
967 1325 1258 1381 Capricornus
1289 1326 1334 1366 in
1363 1326 1503 1380 ipsum

367 1395 579 1438 Convertit
610 1398 746 1450 visz‹s;
777 1396 881 1452 quid
912 1398 1022 1438 enim
1053 1394 1285 1437 mirabitur
1316 1395 1388 1435 ille

366 1465 524 1518 Maius,
552 1467 598 1508 in
629 1466 814 1522 Auqasti
827 1466 948 1521 felix
978 1479 1067 1507 cnm
1091 1465 1276 1519 fulserit
1305 1469 1501 1506 ortam.

191 1533 300 1577 Nam
333 1534 526 1591 quoniam
556 1535 714 1577 oriendi
744 1535 918 1577 verbum
950 1534 1062 1577 etde
1093 1534 1212 1575 astris
1243 1532 1405 1588 fulgere
1433 1530 1720 1587 incipientibus

192 1609 233 1645 et
261 1602 314 1645 de
343 1604 578 1645 hominibus
620 1604 660 1645 in
693 1603 824 1646 lucem
858 1604 989 1646 editis·
1009 1603 1296 1659 usurpabatur,
1340 1602 1380 1642 in
1411 1601 1566 1641 incerto
1599 1598 1720 1640 relin-

192 1672 402 1729 quendum
442 1679 514 1724 est,
558 1679 692 1714 utrum
731 1672 869 1729 aliqua
908 1673 1054 1715 allusio
1096 1672 1203 1724 insit,
1247 1687 1329 1728 qua
1373 1671 1442 1727 qui
1486 1668 1630 1724 legunt
1670 1667 1722 1709 de

193 1748 303 1784 astro
332 1742 539 1798 Augusto,
581 1741 692 1798 quod
733 1742 842 1784 orbis
872 1741 1085 1784 Romanus
1128 1740 1344 1798 acceperit,
1384 1743 1723 1780 commoneantur

196 1826 338 1855 necne.

334 1879 420 1924 Sed
449 1895 701 1937 quamquam
743 1880 870 1923 cuivis
909 1879 1170 1937 perspicuum
1202 1892 1290 1919 osse
1319 1876 1442 1919 credo
1475 1891 1540 1918 me
1578 1875 1618 1916 in
1652 1874 1723 1927 eis,

197 1964 303 2007 quae
323 1950 375 1992 de
396 1949 646 2006 imperatore
663 1950 779 2007 quasi
802 1954 957 1992 astro
979 1965 1002 1990 a
1019 1948 1216 1991 Romanis
1239 1946 1348 1988 culto
1371 1945 1556 2002 exposui,
1580 1961 1604 1986 a
1626 1960 1724 1987 vero

198 2035 280 2062 non
302 2019 532 2071 deflexisse,
557 2026 692 2062 tamen
711 2019 791 2060 alia
813 2019 962 2060 indicia
984 2016 1184 2060 nonnulla
1206 2031 1287 2057 non
1307 2015 1478 2056 vetabor
1499 2014 1724 2067 cumulare,

199 2088 348 2146 quibus
374 2088 513 2146 paullo
536 2089 668 2144 magis
695 2087 982 2134 adminiculari
1004 2102 1090 2129 rem
1114 2092 1294 2128 nostram
1327 2083 1539 2127 concedes.
1576 2083 1726 2140 Neque

200 2157 308 2200 enim
349 2157 452 2199 illud
482 2158 679 2199 intactum
720 2158 964 2214 relinquam,
1008 2156 1117 2214 quod
1149 2155 1245 2196 inde
1274 2170 1299 2195 a
1330 2152 1378 2197 C.
1411 2153 1514 2194 Iulio
1547 2151 1727 2195 Caesare

199 2226 376 2269 Romani
406 2241 580 2281 menseS,
619 2227 689 2284 qui
725 2242 799 2269 suo
839 2227 1014 2283 quisque
1055 2225 1132 2267 deo
1175 2223 1240 2266 vel
1279 2222 1366 2265 deis
1407 2222 1555 2263 sacrati
1597 2228 1725 2275 erant,

201 2295 496 2354 imperatorum
544 2296 710 2338 nomine
759 2296 970 2354 appellare
1013 2299 1250 2351 coeperunt.
1328 2291 1481 2333 Mensis
1530 2289 1728 2341 Quintilis

203 2365 298 2407 Iulii
330 2379 479 2407 nomen
507 2365 665 2421 accepit
695 2371 735 2407 et
765 2364 887 2406 simili
911 2363 1031 2406 modo
1055 2363 1226 2407 Sextilis
1254 2362 1295 2402 in
1320 2361 1521 2402 honorem
1546 2358 1730 2415 Augusti

204 2433 349 2477 eodem
371 2434 536 2476 nomine
558 2434 789 2492 appellatus
818 2440 891 2487 est,
924 2433 1020 2490 quia
1051 2433 1128 2474 hoc
1152 2445 1294 2473 mense
1326 2430 1505 2487 primum
1537 2429 1605 2470 ille
1635 2443 1728 2470 con-

204 2502 382 2544 sulatum
413 2503 553 2546 inisset
596 2503 826 2560 eodemque
865 2503 956 2544 finis
996 2501 1210 2559 impositus
1240 2506 1347 2542 esset
1379 2498 1496 2541 bellis
1527 2498 1729 2550 civicis.²]

206 2571 419 2615 Habemus
451 2572 503 2615 de
533 2573 739 2615 mensibus
774 2572 956 2615 carmina
997 2572 1075 2614 tria
1115 2570 1245 2627 ignoti
1287 2568 1499 2611 cuiusdam
1539 2567 1729 2621 auctoris,

347 2710 372 2752 ¹)
397 2710 439 2742 cf.
464 2709 569 2742 Anth.
594 2713 660 2742 vet.
694 2711 775 2757 Lat.
808 2711 916 2754 epigr.
951 2714 985 2743 et
1017 2719 1128 2753 poem.
1162 2708 1244 2741 edit.
1271 2706 1571 2740 Burmannianam
1597 2705 1667 2748 dig.
1694 2709 1729 2737 et

207 2769 311 2802 auxit
335 2768 380 2800 H.
407 2768 527 2810 Meyer
551 2768 634 2810 Lps.
664 2768 752 2800 1835
778 2772 802 2801 t.
826 2769 842 2800 I
867 2780 903 2812 p.
933 2770 994 2801 121
1023 2768 1080 2800 Nr.
1105 2768 1184 2800 290.

347 2826 373 2867 ²)
404 2825 511 2859 Maur.
548 2829 611 2858 sat.
644 2826 674 2868 1,
714 2827 753 2858 12
787 2826 824 2857 in
859 2823 1126 2870 Eyssenhardtii
1161 2823 1316 2857 editione
1352 2821 1439 2855 1868
1474 2832 1506 2864 p.
1543 2820 1605 2860 65;
1637 2819 1732 2857 Suet.

211 2883 288 2921 Oet.
316 2884 369 2918 31.

1597 2947 1619 2982 4
