1872 3250
289 171 369 213 858
787 172 1001 206 ThBreiter:
1022 183 1065 205 zu
1086 170 1271 205 Manilius.

290 285 482 321 vehentem
511 279 610 330 (Cio.
630 281 744 318 Brut.
768 281 842 317 331
874 281 984 317 cuius
1010 281 1055 316 in
1079 278 1373 316 adulescentiam
1393 288 1465 324 per
1489 278 1633 316 medias
1651 278 1783 316 mades

292 339 402 384 quasi
428 337 625 383 quadriyis
650 331 857 384 vehentem)
886 334 950 370 fflr
975 333 1177 381 gesichert.
1227 332 1413 370 demnach
1436 332 1516 370 lese
1543 333 1624 370 ioh:
1655 333 1782 372 sidera

291 394 555 430 vectantem
580 393 621 427 et
643 386 844 439 (Bentley)
866 391 938 426 toto
959 389 1154 426 decurrere
1173 387 1280 424 caelo.

403 445 439 481 V
460 447 511 483 46
533 446 616 482 tolle
635 446 725 481 istos
737 446 878 491 partus
896 443 1092 480 hominum
1110 442 1181 480 sub
1200 442 1320 479 sidere
1338 442 1428 479 tali:

533 521 583 525 —
646 519 692 525 —-
752 519 804 524 —
862 509 942 535 non
960 497 1105 535 invehet
1124 497 1240 534 undis

528 553 689 591 Persida
709 564 776 590 nec
792 554 950 599 pcfagyus
969 553 1114 589 Xerxes
1133 551 1316 598 facietque
1334 553 1516 599 teyetque3

465 614 507 645 50
526 610 624 646 victa
643 608 845 655 Syracusis
863 607 1031 645 Salamis
1049 618 1128 644 non
1147 609 1284 654 meryet
1303 605 1488 644 Athenas.

291 678 327 702 v.
350 665 402 702 46
423 667 528 702 ortus
548 663 592 708 Gr,
611 666 746 710 portus
762 674 809 700 ω.
835 663 944 709 jenes
965 662 1017 699 ist
1036 662 1108 698 mit
1121 661 1290 709 Bentley
1309 673 1354 697 zu
1375 661 1507 703 hulten
1527 656 1627 712 (vgl.
1644 661 1782 700 stellen

291 719 363 756 wie
391 719 429 756 ΙΙ
451 719 529 755 239
558 729 624 756 nec
653 719 753 765 capit
779 720 847 755 aut
875 720 1002 764 captos
1027 716 1187 762 effundit
1213 716 1400 762 aquarius
1426 714 1564 764 ortus).
1613 716 1655 753 in
1673 728 1710 753 v.
1731 716 1784 754 50

293 774 381 822 gibt
400 773 461 808 V2
482 776 654 820 utraque,
678 784 711 810 ω
732 783 907 819 veraque.
947 771 1068 809 Jacob
1089 771 1258 809 schreibt
1276 772 1375 808 victa
1394 770 1447 807 im
1467 771 1569 817 text,
1589 773 1783 808 vermutet

292 829 386 865 aber
412 839 522 866 versa
550 829 590 864 in
619 828 687 865 der
714 827 874 865 vorrede
902 839 931 864 s.
953 826 1056 863 XIX.
1106 826 1162 863 als
1189 825 1341 863 vorbild
1369 825 1500 862 diente
1527 825 1629 862 wohl
1649 824 1783 863 Cicero

296 884 408 920 Tusc.
430 882 449 919 I
469 883 541 929 46,
569 884 646 920 110
672 885 761 920 ante
788 883 889 920 enim
909 881 1111 920 Salamina
1136 882 1261 928 ipsam
1279 879 1484 927 Neptunus
1501 880 1648 926 obruet,
1669 892 1783 928 quam

293 938 502 976 Salaminii
536 939 681 985 tropaei
714 938 954 980 memoriam,
990 937 1068 973 und
1098 937 1142 973 in
1176 935 1326 973 Verrem
1353 933 1390 970 V
1417 935 1469 972 98
1495 935 1541 972 in
1573 935 1642 973 hoc
1665 938 1785 982 portu

289 992 580 1030 Atheniensium
592 993 800 1030 nobilitatis
809 993 959 1039 imperii
967 992 1110 1039 yloriae
1121 990 1373 1038 naufragium
1382 989 1528 1035 factum
1535 991 1783 1028 existimatur.

293 1047 464 1085 dieselbe
478 1047 705 1096 auffassung
721 1047 834 1084 kehrt
847 1046 989 1084 wieder
1001 1046 1064 1083 bei
1079 1045 1197 1083 Silius
1209 1044 1302 1082 XIV
1319 1045 1397 1082 282
1410 1043 1450 1084 ff.
1465 1047 1499 1082 et
1514 1044 1786 1083 Salaminiacis

291 1105 478 1149 quantam
503 1103 649 1149 eoisque
674 1103 838 1149 tropaeis
863 1102 1016 1149 inyenio
1038 1104 1175 1148 portus
1201 1100 1294 1138 urbs
1312 1100 1419 1137 invia
1443 1099 1574 1146 fecerit
1590 1100 1781 1138 umbram.

288 1161 496 1204 spectatum
515 1158 693 1204 proavis,
722 1160 780 1195 ter
806 1159 954 1194 centum
980 1159 1069 1194 ante
1095 1167 1164 1194 ora
1187 1156 1357 1192 triremes
1381 1165 1505 1192 unum
1531 1154 1786 1202 naufragium

290 1223 568 1259 mersasque
585 1214 731 1259 inpune
744 1211 941 1259 profundo
961 1212 1064 1249 clade
1084 1239 1093 1247 .
1117 1239 1126 1247 .
1146 1209 1330 1248 Athenas.
1359 1209 1427 1246 das
1447 1209 1531 1247 bild
1550 1209 1786 1248 festhaltend

293 1267 448 1315 schlage
468 1267 529 1304 ich
549 1279 641 1303 vor:
662 1279 699 1303 m
711 1278 818 1304 ersa
837 1266 1040 1314 Syracusis
1057 1266 1227 1303 Salamis
1245 1276 1326 1302 non
1344 1267 1482 1312 merqet
1499 1262 1684 1304 Athenas.
1722 1264 1785 1301 die

293 1322 583 1369 wiederholung
604 1322 806 1359 desselben
829 1323 969 1358 wortes
989 1321 1087 1358 liebt
1108 1321 1232 1357 Mam:
1264 1320 1343 1368 vgl.
1365 1318 1384 1356 I
1402 1319 1482 1356 775
1508 1319 1787 1366 damnatusque

290 1389 383 1415 suas
401 1378 535 1414 melius
554 1378 754 1414 damnavit
773 1375 957 1414 Athenas.
993 1375 1053 1413 III
1078 1376 1125 1413 16
1145 1377 1281 1412 victam
1301 1375 1393 1422 quia
1411 1375 1552 1412 vicerat
1568 1374 1715 1412 urbem.

402 1431 435 1466 V
461 1432 538 1469 105
1049 1442 1118 1468 nec
1136 1430 1240 1468 crede
1258 1440 1407 1467 severae

557 1486 698 1531 frontis
718 1498 813 1534 opu-s
832 1487 935 1534 siyni
954 1487 1100 1524 strictos
1119 1497 1187 1522 nec
1206 1485 1322 1522 corda
1343 1483 1503 1522 Catones

557 1542 827 1589 abreptumque
840 1542 951 1589 patri
971 1541 1206 1587 Torquatum
1226 1542 1260 1577 et
1277 1539 1444 1577 Horatia
1461 1538 1577 1584 facta.

287 1597 438 1634 strictos
465 1608 509 1645 ος
537 1598 580 1634 in
608 1597 700 1634 coda
721 1595 751 1633 G
764 1596 826 1632 V2
839 1597 912 1644 Lo,
941 1597 1078 1634 incude
1105 1606 1139 1632 ω
1170 1595 1277 1642 (dasz
1295 1596 1341 1632 in
1359 1594 1452 1632 coda
1470 1594 1527 1631 als
1547 1593 1611 1631 ein
1630 1595 1729 1631 wort
1747 1593 1787 1630 in

291 1650 324 1687 G
339 1651 591 1699 geschrieben
609 1652 676 1696 sei,
695 1652 791 1688 habe
808 1651 868 1689 ioh
884 1651 992 1688 nicht
1007 1646 1222 1701 bemerkt);
1247 1647 1402 1686 Catonis
1417 1661 1450 1686 o.
1489 1648 1588 1686 auch
1598 1648 1786 1685 Firmicus

292 1706 350 1743 las
374 1705 529 1744 Catonis
549 1702 666 1757 (VIII
694 1718 726 1743 c.
750 1705 813 1752 6):
843 1709 934 1744 sunt
954 1707 1054 1743 enim
1073 1708 1226 1743 austera
1251 1703 1350 1750 facie
1365 1705 1517 1751 prolixa
1537 1703 1657 1741 barba
1674 1703 1787 1741 obsti-

288 1764 385 1799 nata
412 1761 557 1810 fronte,
584 1763 640 1799 ita
666 1764 708 1798 ut
744 1760 949 1799 Catonis
977 1772 1138 1808 prorsus
1163 1760 1382 1797 institutum
1408 1759 1556 1796 imitari
1573 1759 1788 1796 videantur.

290 1815 474 1853 hiernach
490 1816 620 1853 dfirfte
634 1829 679 1852 zu
697 1816 899 1853 schreiben
915 1815 1017 1853 sein:
1037 1827 1106 1853 nec
1120 1815 1224 1853 crede
1242 1824 1391 1852 severae
1408 1813 1549 1859 frontis
1568 1824 1662 1860 opus
1675 1813 1787 1861 siqni,

288 1873 437 1909 strictos
464 1869 518 1908 in
544 1872 657 1909 corda
690 1870 858 1909 Catonis.
906 1883 951 1907 zu
978 1872 1125 1908 strictos
1149 1871 1194 1908 in
1219 1869 1334 1907 corda
1354 1868 1434 1917 vgl.
1454 1867 1495 1905 H
1515 1868 1595 1906 246
1616 1869 1717 1906 aries
1743 1869 1788 1906 in

290 1937 436 1964 cornua
456 1929 587 1964 tortus.

403 1981 437 2016 V
460 1982 538 2018 132
559 1980 682 2027 officio
701 1982 837 2028 maqni
856 1983 978 2019 mater
996 1980 1116 2018 Iovis.
1155 1980 1222 2017 illa
1242 1979 1393 2016 tonanti

555 2037 750 2082 quondam
770 2037 954 2074 alimenta
973 2036 1073 2073 dedit
1085 2037 1290 2082 pectusque
1308 2033 1464 2080 inplevit
1483 2033 1626 2070 hiantis

560 2091 652 2128 lacte
670 2102 739 2128 suo
759 2091 859 2128 dedit
880 2094 913 2128 et
932 2091 1072 2138 diynas
1090 2090 1143 2128 ad
1159 2090 1330 2135 fulmina
1348 2089 1459 2126 vires.

293 2158 331 2180 v.
357 2146 435 2183 133
461 2145 718 2191 fundamenta
746 2146 846 2183 dedit
873 2158 906 2185 0.
964 2144 1131 2192 Bentley
1157 2144 1318 2181 suderte
1345 2143 1426 2180 dies
1458 2141 1578 2191 (‘quis
1607 2141 1670 2180 hic
1688 2141 1790 2179 ferat

290 2200 557 2246 fundamenta,
575 2201 685 2248 quasi
702 2200 748 2238 de
764 2213 861 2246 arce,
878 2212 956 2238 non
974 2200 1020 2236 de
1037 2211 1156 2247 puero
1172 2197 1423 2246 loqueretur?
1451 2209 1595 2245 repone
1612 2224 1622 2234 .
1640 2225 1650 2233 .
1665 2198 1789 2234 mitri-

292 2252 476 2306 menta’)3
498 2255 621 2292 Jacob
637 2255 690 2292 im
707 2255 909 2292 anschlusz
925 2267 973 2291 an
989 2255 1180 2292 Firmicus
1199 2253 1383 2302 (emoritur
1397 2263 1526 2300 capra,
1545 2263 1660 2299 quam
1674 2251 1788 2297 fabu-

290 2310 361 2347 losi
381 2313 515 2357 poetae
543 2311 724 2348 alimenta
750 2311 882 2348 volunt
908 2310 995 2347 Iovi
1021 2309 1214 2355 infantulo
1236 2304 1476 2356 praebuisse)
1498 2306 1650 2344 schrieb
1669 2317 1788 2353 quon-

291 2365 382 2402 dam
403 2365 596 2402 alimenta.
637 2377 676 2401 es
697 2365 750 2402 ist
771 2365 863 2401 aber
883 2365 951 2402 das
973 2364 1044 2402 hsl.
1066 2364 1321 2409 fundamenta
1340 2361 1595 2398 festzuhalten
1615 2361 1696 2398 und
1716 2361 1789 2398 mit

291 2419 513 2457 leichtester
533 2419 736 2467 {index-ung
752 2420 791 2456 in
809 2420 885 2456 132
906 2420 1109 2457 tonandi
1129 2431 1173 2455 zu
1190 2420 1335 2455 setzen:
1360 2417 1437 2465 vgl.
1449 2415 1468 2452 I
1481 2417 1559 2453 367
1572 2415 1599 2453 f.
1616 2417 1725 2454 cuius
1739 2416 1788 2453 ab

291 2471 473 2512 uberibus
486 2486 671 2521 maynum
685 2475 746 2512 ille
761 2475 930 2512 ascendit
947 2473 1158 2522 Olympum,
1175 2473 1267 2510 lacte
1279 2471 1360 2517 fero
1375 2482 1540 2509 crescens
1554 2471 1606 2509 ad
1620 2470 1788 2516 fulmina

290 2530 438 2576 vimque
455 2529 628 2567 tonandi.

405 2583 440 2619 V
463 2584 543 2621 140
562 2587 700 2622 taurus
718 2584 762 2620 in
782 2595 932 2621 aversos
945 2594 1127 2630 praeceps
1147 2594 1231 2620 cum
1251 2582 1395 2619 tollitur
1413 2589 1537 2627 ortus,

559 2641 665 2676 sexta
677 2641 791 2685 parte
808 2639 871 2676 sui
890 2641 1074 2676 certantes
1092 2638 1171 2676 luce
1190 2648 1336 2675 sorores

556 2693 740 2731 Pleiadas
758 2694 873 2731 ducit.

291 2749 476 2787 Pleiadas
495 2748 563 2786 hat
577 2748 743 2796 Bentley
759 2749 984 2796 eingesetzt,
1005 2747 1090 2784 hier
1105 2747 1207 2784 wohl
1224 2747 1324 2784 ohne
1338 2746 1411 2784 hsl.
1427 2745 1585 2794 gewtthr
1600 2743 1789 2793 (Peliades

292 2803 338 2850 G,
360 2804 538 2842 Pleiades
559 2800 620 2854 C).
659 2803 700 2841 in
723 2803 803 2840 140
823 2803 892 2840 hat
913 2801 947 2840 G
959 2813 1211 2851 praecepsque
1230 2802 1427 2848 attollitur,
1449 2798 1592 2839 CLV1
1607 2810 1790 2848 praeceps
