1936 3392
982 309 1187 349 ..26-

352 396 538 435 dedimus
559 396 586 433 ¹.
610 409 630 430 >³
656 393 817 432 Crescet
841 397 979 433 autem
1003 396 1185 446 Augusto
1212 396 1288 435 sub
1317 397 1501 448 principe
1531 397 1691 445 caelum,
1713 411 1814 450 quo-

350 459 461 497 niam
492 461 532 496 et
561 457 723 495 additus
751 457 827 495 diis
861 456 997 497 Caesar
1023 459 1113 506 fuit,
1142 463 1182 498 et
1214 459 1300 511 ipse
1330 461 1514 500 nondum
1544 461 1628 500 vita
1654 462 1818 502 functus

351 521 607 560 divinitatem
627 521 832 569 Augustus
852 521 997 560 induit.

403 584 475 622 Hic
507 596 592 622 esse
631 583 911 622 adnotandum
945 589 1060 635 puto,
1091 598 1184 625 eum
1211 599 1352 625 omnes
1379 588 1599 626 sententias
1623 599 1669 627 ac
1696 600 1819 628 voces

351 647 580 687 conferrem
608 659 709 698 quas
733 659 783 685 ex
809 648 951 686 Ovidio
977 652 1163 688 nostrum
1192 650 1458 701 assumpsisse
1483 651 1544 689 vir
1563 651 1703 690 multae
1724 651 1818 690 dili-

351 711 500 762 gentiae
530 711 696 749 Cramer
719 709 920 761 judicavit
945 711 974 762 ²,
994 711 1094 751 illud
1127 713 1228 751 mihi
1256 714 1378 752 fuisse
1408 713 1589 761 obvium,
1619 714 1744 765 quod,
1772 718 1817 753 ut

349 775 482 814 multa
500 775 541 812 in
563 778 649 813 toto
670 778 858 824 poemate
880 787 904 813 a
929 775 1072 814 ceteris
1098 776 1230 815 Ovidii
1255 776 1450 827 operibus
1474 780 1606 815 tracta
1631 790 1818 816 occurre-

350 838 466 885 bant,
496 838 552 876 ita
588 837 689 876 nihil
721 838 848 876 ferme
880 850 905 876 a
935 839 1113 877 Ponticis
1149 839 1332 890 epistolis
1368 843 1602 879 mutuatum
1637 840 1818 891 reperie-

349 902 485 949 batur,
508 901 586 940 nisi
618 914 709 952 quae
739 902 842 940 forte
871 914 965 941 rara
989 914 1063 941 nee
1091 915 1253 953 semper
1283 902 1501 941 manifesta
1530 903 1572 940 in
1604 906 1751 954 quarto
1776 908 1818 942 et

349 966 493 1016 quinto
528 965 843 1003 Astronomicon
880 964 984 1004 libro
1025 966 1443 1017 deprehenderentur.
1474 965 1685 1017 Pleraeque
1718 978 1846 1005 veros.

350 1041 399 1068 ex
415 1030 548 1068 Ponto
566 1028 749 1079 epistolae
771 1041 853 1067 non
875 1032 969 1067 ante
995 1042 1148 1068 annum
1175 1033 1268 1080 post
1295 1029 1500 1070 Christum
1521 1029 1687 1068 tertium
1713 1030 1820 1068 deci-

348 1105 462 1131 mum
489 1094 662 1131 Romam
689 1097 980 1143 pervenerunt;
1004 1093 1062 1131 ita
1081 1097 1127 1131 ut
1147 1093 1338 1132 extremis
1365 1093 1620 1143 temporibus
1643 1092 1817 1143 Augusti

349 1159 519 1206 quartus
551 1160 590 1194 et
622 1155 788 1206 quintus
820 1156 913 1194 libri
942 1156 1230 1204 redderentur;
1263 1157 1369 1195 unde
1402 1155 1657 1207 probabilior
1687 1156 1816 1195 exsis-

348 1222 452 1258 teret
472 1219 593 1266 ratio,
613 1231 686 1257 cur
710 1219 751 1257 in
773 1224 920 1270 quarto
948 1219 1069 1267 libro,
1091 1233 1183 1258 cum
1206 1220 1294 1270 jam
1314 1220 1493 1258 moriens
1518 1220 1725 1270 Augustus
1749 1219 1816 1259 vix

348 1283 543 1333 languido
566 1282 711 1332 spiritu
732 1282 924 1320 heredem
949 1295 972 1320 a
995 1295 1155 1322 summo
1175 1283 1336 1334 fastigio
1358 1287 1529 1331 arceret,
1551 1283 1816 1330 Tiberiicum

347 1344 506 1384 honore
527 1345 865 1383 commemoratio
887 1345 1153 1384 inveniretur.

400 1410 484 1448 Nec
505 1408 905 1458 praetermittendum
927 1412 1000 1455 est,
1018 1420 1090 1447 cur
1110 1421 1192 1446 non
1214 1408 1255 1446 in
1277 1411 1566 1458 argumentum
1585 1408 1817 1447 vocaverim

347 1472 502 1524 primos
531 1471 759 1510 Germanici
790 1472 1034 1510 Arateorum
1071 1484 1226 1519 versus,
1254 1471 1295 1509 in
1329 1471 1477 1522 quibus
1506 1471 1662 1510 Manilii
1694 1483 1814 1510 exor-

346 1536 458 1574 dium
490 1535 673 1573 imitatus
699 1539 772 1573 est.
796 1536 900 1574 Nam
929 1535 1005 1573 etsi
1030 1536 1092 1573 vir
1120 1534 1377 1574 doctissimus
1402 1534 1595 1573 Baehrens
1623 1535 1694 1586 qui
1719 1536 1817 1574 Ger-

347 1598 497 1636 manici
532 1610 671 1637 versus
702 1598 843 1647 edidit,
870 1598 1148 1637 Phaenomena
1179 1598 1304 1636 latine
1334 1598 1455 1637 fuisse
1483 1610 1601 1636 versa
1635 1599 1818 1647 Augusto

346 1662 521 1708 vivente,
547 1665 587 1700 et
615 1662 798 1711 Augusto
829 1661 1015 1700 dedicata
1045 1661 1269 1699 arbitratur
1298 1662 1327 1708 ³,
1351 1673 1434 1700 non
1467 1661 1554 1711 ejus
1584 1661 1817 1700 auctoritati

347 1728 508 1764 tantum
530 1724 724 1774 tribuam,
747 1728 791 1762 ut
814 1724 1048 1774 opinionem
1071 1724 1245 1762 aliorum
1262 1724 1302 1761 in
1325 1724 1546 1775 primisque
1572 1723 1709 1762 Freier
1728 1736 1818 1762 om-

346 1788 444 1826 nino
473 1787 679 1838 negligam
701 1788 732 1835 ²⁸,
757 1789 826 1839 qui
849 1787 998 1826 Tiberii
1022 1787 1275 1838 temporibus
1304 1787 1500 1838 scriptum
1528 1799 1630 1839 opus
1655 1787 1817 1827 Tiberio

346 1851 578 1891 dedicatum
605 1851 727 1889 fuisse
748 1855 1012 1902 putaverunt.
1034 1852 1132 1889 Rem
1153 1850 1278 1900 igitur
1295 1850 1462 1888 dubiam
1489 1850 1531 1888 in
1551 1850 1675 1889 dubio
1692 1850 1815 1889 relin-

346 1927 470 1966 quam
492 1927 622 1966 neque
644 1927 692 1953 ex
713 1915 870 1953 incerta
890 1927 933 1953 re
954 1918 1108 1953 certum
1130 1913 1324 1952 indicium
1346 1917 1498 1964 petam.

397 1979 459 2017 Ad
485 1991 688 2017 summam
709 1978 767 2016 ita
790 1979 986 2029 scriptum
1016 1978 1138 2015 fuisse
1160 1976 1312 2015 Manilii
1331 1989 1432 2027 opus
1452 1976 1555 2014 mihi
1573 1976 1748 2024 videtur,
1770 1980 1816 2016 ut

344 2046 439 2092 post
457 2042 552 2081 Vari
575 2042 733 2081 cladem
755 2041 880 2092 (quod
902 2053 1028 2079 unum
1050 2040 1319 2079 certissimum
1343 2044 1382 2078 et
1398 2052 1472 2091 per
1491 2052 1532 2079 se
1550 2039 1813 2079 manifestum

344 2104 419 2157 est)
451 2108 545 2144 ante
574 2106 703 2144 editas
731 2117 781 2144 ex
809 2106 940 2144 Ponto
971 2104 1180 2155 epistolas,
1214 2107 1405 2142 octavum
1436 2103 1543 2141 inter
1574 2106 1615 2142 et
1646 2103 1812 2142 tertium

344 2167 548 2207 decimum
585 2181 753 2216 annum,
787 2169 944 2220 primus
979 2172 1018 2206 et
1051 2167 1251 2206 secundus
1283 2170 1323 2205 et
1357 2166 1500 2205 tertius
1537 2165 1630 2216 libri
1661 2165 1813 2205 fuerint

344 2232 515 2280 conditi;
541 2236 710 2283 quartus
731 2245 829 2271 vero
859 2235 953 2284 post
971 2231 1161 2270 Ponticas
1186 2229 1381 2281 epistolas
1408 2232 1504 2268 ante
1526 2229 1698 2278 Augusti
1724 2229 1814 2267 obi-

343 2298 432 2333 tum
460 2294 622 2334 additus
652 2296 789 2342 fuerit,
812 2295 882 2334 sed
911 2295 1078 2346 quintus
1113 2292 1175 2332 vel
1208 2305 1301 2332 cum
1328 2296 1474 2343 quarto
1503 2291 1566 2331 vel
1593 2292 1812 2343 posterius,

343 2357 506 2397 Tiberio
520 2359 605 2409 jam
624 2362 835 2410 regnante,
855 2357 1001 2408 subjici
1018 2356 1209 2409 potuerit.

382 2499 412 2529 1.
432 2497 506 2528 Val.
527 2496 629 2536 Max„
650 2497 827 2538 Proloqus.
845 2514 885 2520 —-
905 2496 953 2528 Cf.
973 2496 1117 2535 Teuffel,
1134 2496 1200 2527 Lit.
1222 2496 1325 2532 Rom„
1349 2496 1421 2535 248,
1441 2496 1475 2526 3.

380 2543 412 2574 2.
427 2542 578 2582 Cramer,
597 2543 643 2574 De
659 2542 798 2574 Manilii
815 2543 876 2584 qui
893 2542 1024 2574 dicitur
1043 2542 1242 2578 elocutione,
1263 2551 1296 2582 p.
1315 2543 1333 2572 4
1351 2544 1384 2574 et
1401 2542 1438 2573 68
1459 2549 1535 2581 sqq.
1552 2557 1592 2564 -
1610 2540 1660 2574 Cf.
1679 2541 1811 2577 Freier,

341 2590 613 2674 P.3‹.39B{Il(irens,
634 2635 744 2667 Poetae
762 2635 881 2666 Latini
898 2635 1055 2672 minores,
1077 2634 1249 2670 Teubner,
1271 2633 1361 2672 1879,
1383 2635 1408 2664 t.
1429 2633 1456 2672 1,
1477 2641 1511 2673 p.
1533 2632 1602 2665 143.

383 2681 414 2713 4.
431 2680 562 2721 Freier,
581 2690 634 2722 op.
653 2680 689 2718 l„
711 2691 746 2723 p.
767 2682 818 2713 66.
834 2699 875 2706 —
890 2681 1032 2721 Teuffel,
1054 2681 1119 2712 Lit.
1139 2681 1244 2717 Rom„
1264 2681 1335 2719 270,
1354 2681 1384 2712 4.
