1910 3250
14 44 74 74 >>>>>

970 306 1244 347 -34-

388 425 551 464 Tiberio
592 426 719 464 virtus
759 426 892 474 fuerit,
934 426 1114 464 omnibus
1145 426 1255 464 haud
1293 426 1571 475 ignorantibus
1607 438 1708 476 opus
1742 437 1823 465 non

386 498 457 531 est.
511 493 596 531 Nec
636 505 747 531 secus
789 498 906 531 notae
941 498 1033 530 sunt
1066 493 1308 531 constitutae
1342 505 1387 531 eo
1421 498 1582 532 auctore
1610 493 1823 543 praecipue
1860 529 1864 533 .

387 561 427 598 in
463 560 611 598 nostris
641 561 783 598 finibus
811 560 1006 598 coloniae.
1061 559 1152 597 Hoc
1180 571 1275 598 vero
1304 572 1422 598 unum
1449 560 1719 599 adnotandum
1745 565 1823 598 est:

387 628 504 665 etiam
533 639 787 676 quaecunque
815 631 935 676 poeta
962 627 1010 665 de
1038 627 1236 675 saeviente
1266 626 1448 664 Fortuna
1474 628 1624 676 posuit,
1651 622 1824 677 perbene

385 694 435 731 ad
475 694 614 733 faciem
661 694 874 732 convenire
917 693 1082 742 Tiberii,
1125 694 1310 742 quoniam
1351 706 1397 731 ea
1435 694 1484 732 de
1525 706 1566 732 re
1607 694 1823 732 Suetonius

387 761 493 810 (Tib.
522 773 554 799 e.
583 761 648 811 68)
676 761 905 810 posteritati
934 760 1135 809 prodidit:
1163 760 1334 808 „Colore
1363 766 1448 798 erat
1466 761 1648 810 candido,
1676 762 1824 811 capillo

387 841 491 878 pone
538 829 768 878 occipitium
809 828 1077 874 submissiore,
1120 832 1164 865 ut
1208 828 1400 866 cervicem
1443 828 1562 867 etiam
1606 830 1824 878 obtegeret,

390 897 495 945 quod
537 896 729 946 gentile
771 896 811 933 iu
852 896 922 933 illo
964 895 1195 942 videbatur;
1236 895 1360 933 facie
1398 895 1624 935 honesta:
1665 897 1708 935 in
1749 909 1826 946 qua

388 970 515 1003 tamen
543 964 672 1002 crebri
700 967 740 1001 et
768 963 891 1000 subiti
916 966 1142 1011 tumores,
1169 974 1254 1000 cum
1273 963 1590 1012 praegrandibus
1609 965 1736 1003 oeulis
1756 993 1764 1002 .
1787 995 1796 1002 .
1817 994 1825 1004 .

388 1031 631 1070 Valetudiue
667 1030 936 1080 prosperrima
962 1041 1054 1067 usus
1083 1033 1154 1075 est,
1190 1034 1365 1079 tempore
1395 1031 1551 1079 quidem
1577 1031 1826 1082 principatus

387 1111 512 1148 paene
553 1101 640 1137 tota
678 1110 804 1148 prope
846 1098 1022 1135 illaesa.“
1081 1097 1307 1146 Eademque
1348 1099 1471 1136 verba
1511 1099 1628 1136 nobis
1669 1100 1827 1148 quidem

387 1169 486 1215 puto
515 1166 750 1214 gravissima
776 1177 871 1213 esse,
909 1169 1049 1214 utpote
1079 1164 1220 1212 quibus
1247 1165 1342 1202 talis
1371 1177 1433 1202 res
1462 1170 1636 1215 notetur,
1671 1167 1826 1216 qualem

387 1238 481 1282 post
509 1233 714 1271 Tiberium
747 1233 915 1271 aliorum
953 1237 1109 1280 quoque
1142 1231 1367 1282 principum
1395 1234 1577 1281 genitore
1606 1233 1826 1284 Sagittario

387 1300 509 1338 fuisse
554 1301 786 1338 nesciamus.
841 1299 1019 1348 Namque
1066 1300 1106 1336 in
1150 1299 1314 1347 reliquis
1360 1299 1459 1337 nihil
1503 1311 1667 1349 prorsus
1712 1302 1827 1349 inest,

386 1368 494 1415 quod
540 1369 580 1405 in
623 1369 750 1406 solum
790 1367 995 1405 Tiberium
1036 1367 1180 1414 valeat,
1229 1367 1364 1404 multis
1407 1367 1524 1404 urbes
1564 1369 1827 1407 condentibus

384 1435 662 1473 delentibusve
691 1440 810 1483 atque
838 1447 886 1472 ex
914 1434 1030 1472 bellis
1060 1434 1410 1483 triumphantibus.

487 1502 627 1550 Itaque
664 1502 945 1540 assentientem
982 1514 1040 1539 me
1075 1514 1154 1539 non
1190 1502 1309 1539 habet
1337 1502 1526 1551 Jacobus,
1558 1515 1644 1542 cum
1670 1504 1710 1542 in
1738 1516 1828 1554 pro-

385 1575 599 1619 grammate
634 1557 858 1608 Lubeceusi
899 1573 954 1619 (p.
990 1570 1028 1617 7)
1066 1569 1268 1607 Tiberium
1303 1570 1359 1606 sic
1393 1569 1584 1619 defendit,
1625 1574 1668 1608 ut
1701 1570 1827 1609 dicat:

384 1638 455 1686 „In
494 1637 758 1687 myriogenesi
794 1637 933 1686 Nepae
968 1649 1032 1675 eas
1070 1642 1233 1684 tantum,
1274 1648 1370 1684 quas
1406 1642 1579 1675 extrema
1612 1639 1736 1676 cauda
1770 1639 1828 1687 gi—

384 1708 492 1754 gnat,
534 1707 694 1742 naturas
735 1705 874 1742 edocet
907 1704 980 1751 IV,
1021 1706 1113 1751 5533
1154 1704 1332 1751 idemque
1368 1704 1419 1752 V,
1460 1706 1533 1743 340
1567 1705 1683 1743 unius
1717 1706 1827 1743 Arae

384 1773 623 1811 mentionem
664 1771 806 1819 iuiicit,
848 1771 941 1819 quia
980 1774 1188 1819 utrumque
1230 1776 1378 1809 astrum
1419 1772 1468 1810 ad
1505 1772 1708 1811 Tiberium
1740 1784 1828 1822 per—

386 1841 540 1878 tinebat
574 1869 581 1877 .
618 1869 625 1877 .
661 1869 669 1876 .
732 1839 830 1877 Cum
870 1842 1000 1876 autem
1042 1839 1256 1876 maioribus
1298 1839 1482 1876 laudibus
1523 1851 1588 1876 eas
1624 1839 1828 1888 genituras

385 1908 532 1955 efferat,
574 1919 688 1955 quam
728 1906 834 1956 apud
875 1906 998 1943 ullum
1039 1906 1285 1955 scriptorem,
1327 1907 1393 1954 qui
1435 1907 1482 1944 de
1517 1907 1589 1944 hac
1622 1909 1707 1945 arte
1740 1918 1828 1955 ege—

384 1980 490 2022 runt,
526 1974 718 2022 invenias,
754 1986 885 2011 nonne
921 1974 1099 2022 proclive
1127 1974 1203 2010 erit
1230 1975 1385 2027 putare,
1421 1974 1472 2010 ob
1501 1972 1704 2011 Tiberium
1731 1973 1828 2012 cele-

385 2042 579 2079 brandum
614 2042 653 2079 id
687 2053 771 2079 esse
807 2040 1055 2079 factitatum?
1110 2041 1250 2088 Neque
1285 2041 1411 2078 minus
1447 2041 1495 2079 ad
1531 2040 1735 2079 Tiberium
1770 2053 1828 2079 re-

388 2110 565 2158 spexisse
584 2109 661 2156 aio,
689 2120 775 2145 cum
793 2107 948 2157 Nepam
969 2110 1194 2157 respectare
1214 2108 1263 2145 ad
1283 2108 1441 2146 Italiam
1460 2108 1601 2146 doceat
1619 2108 1692 2157 IV,
1721 2110 1830 2147 781.“

387 2178 469 2215 Ubi
511 2189 627 2225 quam
669 2176 905 2214 sententiam
941 2175 1118 2213 ultimam
1152 2175 1323 2224 aperuit,
1362 2186 1408 2212 ea
1443 2187 1522 2213 non
1559 2177 1620 2214 est
1648 2175 1706 2212 ita
1738 2187 1828 2213 eon-

387 2245 569 2292 formata,
604 2250 646 2282 ut
683 2255 798 2281 versu
834 2243 905 2291 1V,
936 2246 1005 2281 781
1042 2254 1213 2281 amorem
1240 2243 1395 2292 patriae
1416 2242 1578 2280 Tiberio
1608 2243 1828 2291 ingenitum

391 2313 606 2361 significari
649 2311 761 2360 quasi
797 2324 820 2349 a
866 2311 1000 2348 limine
1036 2322 1184 2359 negem,
1227 2311 1295 2348 sed
1330 2311 1380 2347 ob
1416 2309 1713 2358 ambiguitatem
1747 2321 1830 2346 ver-

387 2380 537 2426 borum,
580 2391 679 2427 quae
715 2385 819 2416 sunt:
866 2377 1084 2426 „Scorpius
1113 2407 1120 2414 .
1153 2407 1159 2414 .
1200 2377 1343 2414 Italiae
1380 2382 1508 2414 tamen
1544 2379 1742 2424 respectat
1779 2376 1828 2413 ad

388 2446 540 2483 undas‘⁴
580 2458 625 2483 ne
663 2446 703 2482 id
740 2446 895 2494 quidem
930 2445 1087 2482 videtur
1120 2444 1382 2493 improbabile
1414 2447 1575 2493 poetam
1608 2443 1830 2491 aequalium

391 2524 556 2563 prorsus
591 2514 855 2551 immemorem
889 2512 965 2550 hoe
1002 2512 1089 2560 ipso
1119 2511 1207 2548 loco
1237 2511 1334 2548 solis
1362 2511 1459 2549 artis
1488 2522 1580 2548 suae
1606 2511 1829 2560 praeceptis

390 2582 675 2630 obtemperare,
704 2584 1007 2629 proptereaque,
1037 2590 1084 2616 ne
1103 2579 1143 2615 in
1164 2579 1342 2627 argutias
1363 2578 1544 2625 incidam,
1572 2577 1675 2615 hunc
1701 2577 1829 2615 locum

394 2648 611 2698 praeterire
638 2647 782 2685 malim.
812 2669 857 2674 -
886 2647 1044 2684 Deinde
1071 2658 1157 2684 cum
1184 2648 1336 2684 ceteros
1366 2657 1513 2694 versus,
1543 2656 1641 2693 quos
1661 2644 1829 2682 Iacobus

391 2716 617 2766 proposuit,
659 2715 744 2764 ipse
786 2715 986 2764 inspicies,
1029 2725 1192 2763 sperans
1234 2713 1318 2750 fore
1354 2717 1397 2750 ut
1429 2712 1650 2762 peculiares
1678 2711 1829 2749 Tiberii

393 2795 519 2822 mores
563 2783 838 2829 ostendantur,
882 2782 1030 2820 frustra
1070 2782 1208 2820 oculos
1250 2780 1445 2829 intendes,
1484 2782 1530 2818 ut
1564 2779 1680 2828 plura
1715 2790 1830 2828 quam
