1910 3250
902 285 1175 326 -48-

320 408 460 447 minini
488 419 620 445 vocem
649 428 694 434 ——
722 406 796 454 IV,
825 407 898 444 823
924 406 993 443 diu
1022 407 1046 444 i.
1076 419 1108 444 e.
1136 407 1211 445 die.
1268 406 1347 445 Sed
1375 408 1470 446 haec
1500 407 1655 456 quidem
1675 407 1765 446 hae-

322 480 447 523 tenus,
477 487 523 512 ne
553 485 653 511 mere
682 473 946 510 enumerando
975 473 1037 510 vel
1065 473 1163 511 folia
1190 474 1317 511 literis
1337 475 1573 523 expleantur
1594 475 1654 512 vel
1673 478 1766 512 tem-

320 554 394 592 pus
430 542 576 579 frustra
607 544 873 578 consumatur.
927 540 1086 577 Etenim
1113 541 1206 578 lieet
1232 542 1323 590 plus
1352 543 1548 580 sexcentis
1577 542 1766 580 mehercle

321 608 560 647 testimoniis
594 608 746 657 possim
777 607 948 656 probare
975 606 1260 645 Astronomica
1296 610 1507 657 praecipue
1534 609 1767 646 Lucretiani

321 676 504 714 carminis
533 675 582 713 ad
611 674 909 712 similitudinem
936 686 1020 711 esse
1049 676 1270 723 composita
1297 677 1540 725 maximeque
1563 677 1604 713 in
1623 676 1767 715 docen-

321 745 382 781 dis
418 743 535 781 rebus
570 753 852 790 saepenumero
890 741 1184 789 simplicitatem
1211 742 1391 780 Lucretii
1418 743 1624 793 propriam
1657 743 1768 780 affec-

321 815 457 859 tatam,
490 810 587 848 satis
616 814 745 847 tamen
773 813 834 846 est
860 809 998 857 paucis
1025 809 1317 847 demonstrasse
1347 815 1504 859 poetam
1532 823 1632 858 eum,
1658 810 1769 848 cuius

322 883 492 917 aetatem
523 877 781 925 anquirimus,
817 876 889 914 tali
916 876 1074 914 dicendi
1103 889 1245 925 genere
1274 885 1383 921 usum
1411 890 1507 927 esse,
1545 878 1659 926 quale
1687 877 1770 925 qui-

322 946 410 983 dem
437 945 642 982 Tiberium
676 943 897 981 cacozelum
932 943 1043 980 illum
1079 949 1118 981 et
1153 945 1421 992 antiquarium
1456 957 1604 983 summo
1638 956 1770 982 amore

323 1013 547 1062 amplexum
574 1023 658 1049 esse
689 1011 804 1048 nobis
833 1013 1077 1059 compertum
1103 1016 1176 1048 est.
1204 1033 1250 1038 -
1282 1011 1435 1058 Quodsi
1456 1013 1573 1050 huius
1594 1011 1770 1049 in'vesti-

324 1080 401 1129 giis
443 1079 631 1117 oratoriis
667 1090 753 1116 cum
789 1082 916 1115 totum
952 1090 1023 1127 per
1059 1090 1213 1116 carmen
1249 1079 1428 1118 incedere
1462 1080 1656 1118 Manilius
1691 1091 1770 1116 non

323 1147 579 1195 dubitaverit,
609 1158 686 1194 qua
713 1145 870 1183 tandem
898 1146 1053 1183 ratione
1076 1146 1257 1194 efficitur,
1288 1152 1330 1184 ut
1350 1147 1575 1196 patrocinio
1595 1146 1772 1195 Augusti

324 1221 513 1262 tanquam
539 1214 589 1251 ab
616 1214 687 1251 illo
717 1213 894 1262 expetito
922 1213 1019 1250 fides
1048 1214 1257 1252 nascatur?
1304 1214 1421 1252 Unde
1449 1219 1570 1264 poeta
1595 1214 1634 1251 in
1665 1226 1771 1263 spem

324 1282 460 1331 potuit
493 1282 624 1319 venire
655 1282 862 1318 obscuram
892 1281 1188 1328 obsoletamque
1218 1282 1438 1319 orationem
1467 1283 1503 1320 ei
1530 1282 1615 1319 fore
1644 1281 1772 1318 oblec-

325 1354 513 1397 tamento,
550 1349 617 1396 qui
645 1349 694 1386 ab
725 1349 906 1385 omnibus
936 1348 1035 1385 nihil
1064 1348 1330 1386 vehementius
1360 1351 1551 1397 posceret,
1588 1359 1703 1396 quam
1730 1351 1774 1384 ut

326 1417 574 1466 apertissime
602 1421 642 1453 et
661 1415 939 1453 consuetudini
959 1416 1242 1452 convenienter
1260 1416 1465 1454 dicerent?
1505 1415 1678 1453 Necesse
1699 1415 1774 1452 fuit

327 1484 500 1522 earmina
541 1483 819 1532 cognoscenda
851 1482 964 1520 daret
999 1482 1048 1519 ad
1084 1494 1182 1530 eum,
1225 1483 1292 1530 qui
1326 1483 1431 1532 apud
1466 1484 1636 1521 Latinos
1673 1483 1775 1520 sieut

326 1551 549 1601 peregrinis
590 1550 817 1588 hominibus
860 1550 916 1587 ita
959 1550 1204 1588 soloecismis
1247 1551 1326 1588 suis
1367 1550 1566 1589 civitatem
1599 1550 1774 1588 tribuere

327 1621 501 1668 cuperet.
548 1617 689 1666 Longe
717 1629 810 1655 vero
839 1618 1193 1666 propensissimum
1221 1618 1270 1655 ad
1297 1619 1580 1656 Astronomica
1607 1617 1775 1666 legenda

328 1686 391 1724 vel
419 1687 537 1723 etiam
563 1685 850 1722 remuneranda
877 1685 1000 1722 fuisse
1021 1684 1223 1722 Tiberium
1251 1686 1395 1723 clarius
1426 1686 1509 1723 luce
1529 1685 1646 1732 foret,
1674 1685 1706 1722 si
1727 1696 1775 1722 ex

330 1753 455 1803 ipsius
494 1753 694 1801 operibus,
731 1764 845 1800 quam
880 1752 1009 1789 oratio
1044 1752 1284 1790 redoluisset
1320 1751 1600 1800 antiquitatem
1635 1754 1675 1790 in
1702 1753 1774 1790 illo

330 1821 501 1858 carmine
541 1821 604 1858 hic
646 1819 729 1857 illic
766 1820 1031 1868 conspicuam,
1071 1819 1373 1868 perciperemus
1435 1819 1564 1868 Atqui
1597 1820 1775 1858 dolemus

330 1888 430 1926 nihil
457 1899 506 1925 ex
535 1888 584 1924 iis
604 1899 808 1935 superesse
830 1887 904 1924 nisi
926 1887 1128 1924 orationes
1147 1887 1278 1924 verbis
1300 1887 1534 1936 Tacitinis1)
1557 1898 1776 1936 expressas,

333 1967 431 2003 quae
465 1955 515 1992 ad
550 1966 630 1992 rem
658 1955 759 1992 nihil
787 1954 946 1992 faciant.
1002 1955 1142 2002 Itaque
1172 1954 1354 1992 Suetonii
1383 1956 1423 1992 in
1451 1952 1690 1992 aucun-itate
1715 1965 1777 1991 ae—

334 2022 613 2070 quiescendum
642 2022 760 2059 nobis
787 2021 906 2070 erim)

437 2090 623 2138 Perinde,
653 2101 767 2138 quam
795 2093 901 2126 arcte
930 2088 1034 2126 inter
1063 2089 1310 2127 scribendum
1337 2089 1529 2127 Manilius
1557 2089 1607 2126 ad
1635 2099 1778 2126 sermo-

333 2155 504 2194 cinantis
533 2156 687 2194 Tiberii
715 2156 1041 2194 consuetudinem
1069 2169 1108 2194 se
1137 2156 1507 2204 accommodaverit,
1537 2157 1628 2194 inde
1655 2168 1776 2205 appa-

334 2228 407 2272 ret,
443 2224 548 2271 quod
581 2224 809 2273 praeclarus
844 2224 947 2262 inter
980 2229 1139 2273 poetam
1166 2229 1206 2261 et
1232 2225 1451 2272 principem
1477 2235 1691 2261 consensus
1719 2226 1780 2261 est

334 2291 382 2328 de
412 2290 574 2330 Graecis
602 2292 733 2329 verbis
762 2291 933 2329 Latinae
961 2292 1120 2340 linguae
1148 2291 1374 2329 inferendis.
1430 2291 1648 2329 Identidem
1675 2291 1779 2328 enim

334 2358 664 2407 deprehendimus
701 2360 947 2407 astrologum
983 2359 1136 2396 veniam
1163 2359 1445 2407 postulantem,
1473 2359 1575 2397 sicut
1599 2359 1779 2408 ‘Augusti

336 2437 538 2463 successor
555 2426 661 2474 apud
683 2430 861 2463 senatum
880 2426 1098 2474 consuevit,
1127 2427 1231 2474 quod
1251 2426 1373 2475 patrii
1393 2426 1583 2463 sermonis
1603 2428 1779 2475 egestate

337 2493 530 2531 vocabulo
560 2493 772 2542 peregrino
801 2494 859 2530 uti
887 2497 1063 2540 cogatur.
1107 2493 1216 2540 Quae
1245 2505 1307 2531 res
1336 2494 1453 2531 etiam
1476 2494 1509 2530 si
1528 2494 1577 2531 ab
1599 2493 1777 2542 exemplo

336 2559 580 2598 Lucretiano
619 2561 665 2609 (I,
698 2560 786 2609 830)
823 2559 1017 2608 originem
1051 2560 1173 2609 ducit,
1214 2561 1327 2598 simul
1364 2565 1491 2598 tamen
1524 2561 1628 2598 haud
1660 2560 1778 2598 dubie

429 2712 454 2756 Ι)
478 2714 574 2750 Ann.
599 2713 666 2756 ΙΙΙ,
690 2715 723 2755 6,
746 2712 807 2756 53;
831 2711 898 2755 IV,
922 2713 976 2747 3¹7.
1032 2712 1058 2755 ²)
1083 2712 1180 2747 Suet.
1205 2723 1315 2756 gram.
1341 2723 1371 2746 c.
1394 2713 1449 2747 22.
1473 2729 1517 2735 —
1541 2710 1612 2746 Gfr.
1639 2709 1776 2745 Charis.

340 2779 374 2813 p.
401 2769 475 2803 124.
