<?xml version="1.0" encoding="UTF-8"?>
<!DOCTYPE html PUBLIC "-//W3C//DTD XHTML 1.0 Transitional//EN"
    "http://www.w3.org/TR/xhtml1/DTD/xhtml1-transitional.dtd">
<html xmlns="http://www.w3.org/1999/xhtml" xml:lang="en" lang="en">
 <head>
  <title>
</title>
<meta http-equiv="Content-Type" content="text/html;charset=utf-8" />
  <meta name='ocr-system' content='tesseract 3.04.00' />
  <meta name='ocr-capabilities' content='ocr_page ocr_carea ocr_par ocr_line ocrx_word'/>
</head>
<body>
  <div class='ocr_page' id='page_1' title='image "./lucubrationesman00thomuoft_0227.png"; bbox 0 0 1930 3320; ppageno 0'>
   <div class='ocr_carea' id='block_1_1' title="bbox 0 0 1930 90">
    <p class='ocr_par' dir='ltr' id='par_1_1' title="bbox 0 0 1930 90">
     <span class='ocr_line' id='line_1_1' title="bbox 0 0 1930 90; baseline 0 3230"><span class='ocrx_word' id='word_1_1' title='bbox 0 0 1930 90; x_wconf 95' lang='lat' dir='ltr'> </span> 
     </span>
    </p>
   </div>
   <div class='ocr_carea' id='block_1_2' title="bbox 740 330 952 381">
    <p class='ocr_par' dir='ltr' id='par_1_2' title="bbox 740 330 952 381">
     <span class='ocr_line' id='line_1_2' title="bbox 740 330 952 381; baseline 0.005 -12"><span class='ocrx_word' id='word_1_2' title='bbox 740 330 952 381; x_wconf 47' lang='lat'>„499-</span> 
     </span>
    </p>
   </div>
   <div class='ocr_carea' id='block_1_3' title="bbox 283 427 1372 1114">
    <p class='ocr_par' dir='ltr' id='par_1_3' title="bbox 285 427 1156 475">
     <span class='ocr_line' id='line_1_3' title="bbox 285 427 1156 475; baseline 0.001 -11"><span class='ocrx_word' id='word_1_3' title='bbox 285 428 375 471; x_wconf 88' lang='lat' dir='ltr'>Quis</span> <span class='ocrx_word' id='word_1_4' title='bbox 393 429 430 463; x_wconf 87' lang='lat' dir='ltr'>te</span> <span class='ocrx_word' id='word_1_5' title='bbox 450 427 588 463; x_wconf 87' lang='lat' dir='ltr'>Niliaco</span> <span class='ocrx_word' id='word_1_6' title='bbox 609 428 822 475; x_wconf 85' lang='lat' dir='ltr'>periturum</span> <span class='ocrx_word' id='word_1_7' title='bbox 843 429 983 472; x_wconf 88' lang='lat' dir='ltr'>littore,</span> <span class='ocrx_word' id='word_1_8' title='bbox 1006 429 1156 475; x_wconf 83' lang='lat' dir='ltr'>Magne,</span> 
     </span>
    </p>

    <p class='ocr_par' dir='ltr' id='par_1_4' title="bbox 283 481 1372 582">
     <span class='ocr_line' id='line_1_4' title="bbox 283 481 1372 530; baseline 0.001 -12"><span class='ocrx_word' id='word_1_9' title='bbox 283 484 372 519; x_wconf 85' lang='lat' dir='ltr'><strong>Post</strong></span> <span class='ocrx_word' id='word_1_10' title='bbox 390 482 508 518; x_wconf 87' lang='lat' dir='ltr'>victas</span> <span class='ocrx_word' id='word_1_11' title='bbox 527 481 756 518; x_wconf 84' lang='lat' dir='ltr'>Mithridatis</span> <span class='ocrx_word' id='word_1_12' title='bbox 778 493 885 530; x_wconf 85' lang='lat' dir='ltr'>opes,</span> <span class='ocrx_word' id='word_1_13' title='bbox 906 483 1141 529; x_wconf 82' lang='lat' dir='ltr'>pelagusque</span> <span class='ocrx_word' id='word_1_14' title='bbox 1161 484 1372 530; x_wconf 80' lang='lat' dir='ltr'>receptum,</span> 
     </span>
     <span class='ocr_line' id='line_1_5' title="bbox 283 535 1210 582; baseline 0.001 -11"><span class='ocrx_word' id='word_1_15' title='bbox 283 537 330 571; x_wconf 92' lang='lat' dir='ltr'>Et</span> <span class='ocrx_word' id='word_1_16' title='bbox 348 538 425 571; x_wconf 90' lang='lat' dir='ltr'>tres</span> <span class='ocrx_word' id='word_1_17' title='bbox 446 546 601 570; x_wconf 88' lang='lat' dir='ltr'>emenso</span> <span class='ocrx_word' id='word_1_18' title='bbox 621 535 779 571; x_wconf 86' lang='lat' dir='ltr'>meritos</span> <span class='ocrx_word' id='word_1_19' title='bbox 802 547 850 571; x_wconf 84' lang='lat' dir='ltr'>ex</span> <span class='ocrx_word' id='word_1_20' title='bbox 871 537 962 571; x_wconf 89' lang='lat' dir='ltr'>orbe</span> <span class='ocrx_word' id='word_1_21' title='bbox 979 536 1210 582; x_wconf 82' lang='lat' dir='ltr'>triumphos,</span> 
     </span>
    </p>

    <p class='ocr_par' dir='ltr' id='par_1_5' title="bbox 283 588 1367 901">
     <span class='ocr_line' id='line_1_6' title="bbox 284 588 1367 638; baseline 0.003 -14"><span class='ocrx_word' id='word_1_22' title='bbox 284 589 379 625; x_wconf 88' lang='lat' dir='ltr'>Cum</span> <span class='ocrx_word' id='word_1_23' title='bbox 395 588 477 634; x_wconf 86' lang='lat' dir='ltr'>jam</span> <span class='ocrx_word' id='word_1_24' title='bbox 499 588 616 624; x_wconf 85' lang='lat' dir='ltr'>etiam</span> <span class='ocrx_word' id='word_1_25' title='bbox 636 599 769 635; x_wconf 91' lang='lat' dir='ltr'>posses</span> <span class='ocrx_word' id='word_1_26' title='bbox 788 589 907 624; x_wconf 87' lang='lat' dir='ltr'>alium</span> <span class='ocrx_word' id='word_1_27' title='bbox 925 600 1152 636; x_wconf 88' lang='lat' dir='ltr'>componere</span> <span class='ocrx_word' id='word_1_28' title='bbox 1173 591 1367 638; x_wconf 86' lang='lat' dir='ltr'>Magnum,</span> 
     </span>
     <span class='ocr_line' id='line_1_7' title="bbox 283 642 1258 690; baseline 0.002 -13"><span class='ocrx_word' id='word_1_29' title='bbox 283 642 474 687; x_wconf 80' lang='lat' dir='ltr'>Crederet,</span> <span class='ocrx_word' id='word_1_30' title='bbox 497 643 539 677; x_wconf 89' lang='lat' dir='ltr'>ut</span> <span class='ocrx_word' id='word_1_31' title='bbox 560 653 700 689; x_wconf 88' lang='lat' dir='ltr'>corpus</span> <span class='ocrx_word' id='word_1_32' title='bbox 723 642 901 689; x_wconf 82' lang='lat' dir='ltr'>sepeliret</span> <span class='ocrx_word' id='word_1_33' title='bbox 920 643 1125 690; x_wconf 83' lang='lat' dir='ltr'>naufragus</span> <span class='ocrx_word' id='word_1_34' title='bbox 1146 642 1258 690; x_wconf 83' lang='lat' dir='ltr'>ignis,</span> 
     </span>
     <span class='ocr_line' id='line_1_8' title="bbox 284 695 1272 743; baseline 0.002 -13"><span class='ocrx_word' id='word_1_35' title='bbox 284 695 496 742; x_wconf 81' lang='lat' dir='ltr'>Ejectaeque</span> <span class='ocrx_word' id='word_1_36' title='bbox 517 706 653 743; x_wconf 79' lang='lat' dir='ltr'>rogum</span> <span class='ocrx_word' id='word_1_37' title='bbox 674 695 846 731; x_wconf 84' lang='lat' dir='ltr'>facerent</span> <span class='ocrx_word' id='word_1_38' title='bbox 865 695 1085 743; x_wconf 79' lang='lat' dir='ltr'>fragmenta</span> <span class='ocrx_word' id='word_1_39' title='bbox 1106 696 1272 732; x_wconf 81' lang='lat' dir='ltr'>carinae?</span> 
     </span>
     <span class='ocr_line' id='line_1_9' title="bbox 285 748 1286 795; baseline 0.001 -12"><span class='ocrx_word' id='word_1_40' title='bbox 285 748 376 791; x_wconf 88' lang='lat' dir='ltr'>Quis</span> <span class='ocrx_word' id='word_1_41' title='bbox 396 750 549 783; x_wconf 86' lang='lat' dir='ltr'>tantum</span> <span class='ocrx_word' id='word_1_42' title='bbox 569 751 719 785; x_wconf 90' lang='lat' dir='ltr'>mutare</span> <span class='ocrx_word' id='word_1_43' title='bbox 740 751 879 795; x_wconf 87' lang='lat' dir='ltr'>potest,</span> <span class='ocrx_word' id='word_1_44' title='bbox 903 750 986 785; x_wconf 91' lang='lat' dir='ltr'>sine</span> <span class='ocrx_word' id='word_1_45' title='bbox 1007 749 1164 785; x_wconf 89' lang='lat' dir='ltr'>numine</span> <span class='ocrx_word' id='word_1_46' title='bbox 1184 749 1252 785; x_wconf 80' lang='lat' dir='ltr'>fati</span> <span class='ocrx_word' id='word_1_47' title='bbox 1268 749 1286 784; x_wconf 71' lang='grc' dir='ltr'>ἰ)</span> 
     </span>
     <span class='ocr_line' id='line_1_10' title="bbox 283 801 1262 849; baseline 0.001 -12"><span class='ocrx_word' id='word_1_48' title='bbox 283 801 349 837; x_wconf 92' lang='lat' dir='ltr'>Ille</span> <span class='ocrx_word' id='word_1_49' title='bbox 369 802 486 838; x_wconf 83' lang='lat' dir='ltr'>etiam</span> <span class='ocrx_word' id='word_1_50' title='bbox 507 801 598 837; x_wconf 82' lang='lat' dir='ltr'>caelo</span> <span class='ocrx_word' id='word_1_51' title='bbox 621 801 774 849; x_wconf 85' lang='lat' dir='ltr'>genitus</span> <span class='ocrx_word' id='word_1_52' title='bbox 795 803 966 849; x_wconf 85' lang='lat' dir='ltr'>caeloque</span> <span class='ocrx_word' id='word_1_53' title='bbox 987 805 1174 848; x_wconf 89' lang='lat' dir='ltr'>receptus,</span> <span class='ocrx_word' id='word_1_54' title='bbox 1259 843 1262 846; x_wconf 64' lang='lat'><em>‚</em></span> 
     </span>
     <span class='ocr_line' id='line_1_11' title="bbox 285 854 1200 901; baseline -0.002 -10"><span class='ocrx_word' id='word_1_55' title='bbox 285 855 382 891; x_wconf 89' lang='lat' dir='ltr'>Cum</span> <span class='ocrx_word' id='word_1_56' title='bbox 402 854 499 890; x_wconf 89' lang='lat' dir='ltr'>hene</span> <span class='ocrx_word' id='word_1_57' title='bbox 520 855 740 901; x_wconf 87' lang='lat' dir='ltr'>compositis</span> <span class='ocrx_word' id='word_1_58' title='bbox 758 854 877 890; x_wconf 83' lang='lat' dir='ltr'>victor</span> <span class='ocrx_word' id='word_1_59' title='bbox 896 855 1066 891; x_wconf 87' lang='lat' dir='ltr'>civilibus</span> <span class='ocrx_word' id='word_1_60' title='bbox 1084 854 1200 890; x_wconf 89' lang='lat' dir='ltr'>armis</span> 
     </span>
    </p>

    <p class='ocr_par' dir='ltr' id='par_1_6' title="bbox 283 908 1224 1114">
     <span class='ocr_line' id='line_1_12' title="bbox 283 908 1201 955; baseline -0.001 -12"><span class='ocrx_word' id='word_1_61' title='bbox 283 908 375 943; x_wconf 88' lang='lat' dir='ltr'>Jura</span> <span class='ocrx_word' id='word_1_62' title='bbox 393 910 494 954; x_wconf 80' lang='lat' dir='ltr'>togae</span> <span class='ocrx_word' id='word_1_63' title='bbox 516 910 681 955; x_wconf 79' lang='lat' dir='ltr'>regeret,</span> <span class='ocrx_word' id='word_1_64' title='bbox 700 908 844 944; x_wconf 87' lang='lat' dir='ltr'>totiens</span> <span class='ocrx_word' id='word_1_65' title='bbox 863 908 1049 955; x_wconf 84' lang='lat' dir='ltr'>praedicta</span> <span class='ocrx_word' id='word_1_66' title='bbox 1070 918 1201 943; x_wconf 85' lang='lat' dir='ltr'>cavere</span> 
     </span>
     <span class='ocr_line' id='line_1_13' title="bbox 284 959 1195 1007; baseline -0.001 -12"><span class='ocrx_word' id='word_1_67' title='bbox 284 960 450 995; x_wconf 85' lang='lat' dir='ltr'>Vulnera</span> <span class='ocrx_word' id='word_1_68' title='bbox 470 971 548 996; x_wconf 92' lang='lat' dir='ltr'>non</span> <span class='ocrx_word' id='word_1_69' title='bbox 570 959 704 1007; x_wconf 89' lang='lat' dir='ltr'>potuit,</span> <span class='ocrx_word' id='word_1_70' title='bbox 728 962 809 995; x_wconf 89' lang='lat' dir='ltr'>toto</span> <span class='ocrx_word' id='word_1_71' title='bbox 832 961 1027 1007; x_wconf 81' lang='lat' dir='ltr'>spectante</span> <span class='ocrx_word' id='word_1_72' title='bbox 1045 961 1195 1003; x_wconf 88' lang='lat' dir='ltr'>senatu,</span> 
     </span>
     <span class='ocr_line' id='line_1_14' title="bbox 288 1012 1224 1059; baseline -0.001 -11"><span class='ocrx_word' id='word_1_73' title='bbox 288 1012 471 1048; x_wconf 83' lang='lat' dir='ltr'>Indicium</span> <span class='ocrx_word' id='word_1_74' title='bbox 490 1013 625 1049; x_wconf 84' lang='lat' dir='ltr'>dextra</span> <span class='ocrx_word' id='word_1_75' title='bbox 644 1013 826 1058; x_wconf 88' lang='lat' dir='ltr'>retinens,</span> <span class='ocrx_word' id='word_1_76' title='bbox 848 1023 1069 1059; x_wconf 89' lang='lat' dir='ltr'>nomenque</span> <span class='ocrx_word' id='word_1_77' title='bbox 1091 1022 1224 1048; x_wconf 86' lang='lat' dir='ltr'>cruore</span> 
     </span>
     <span class='ocr_line' id='line_1_15' title="bbox 285 1066 1166 1114; baseline -0.001 -12"><span class='ocrx_word' id='word_1_78' title='bbox 285 1066 429 1103; x_wconf 90' lang='lat' dir='ltr'>Delevit</span> <span class='ocrx_word' id='word_1_79' title='bbox 448 1066 617 1114; x_wconf 85' lang='lat' dir='ltr'>proprio,</span> <span class='ocrx_word' id='word_1_80' title='bbox 635 1069 793 1113; x_wconf 86' lang='lat' dir='ltr'>possent</span> <span class='ocrx_word' id='word_1_81' title='bbox 812 1069 854 1102; x_wconf 91' lang='lat' dir='ltr'>ut</span> <span class='ocrx_word' id='word_1_82' title='bbox 872 1067 1022 1102; x_wconf 88' lang='lat' dir='ltr'>vincere</span> <span class='ocrx_word' id='word_1_83' title='bbox 1043 1066 1123 1102; x_wconf 80' lang='lat' dir='ltr'>fata</span> <span class='ocrx_word' id='word_1_84' title='bbox 1139 1066 1166 1102; x_wconf 86' lang='lat'>¹.</span> 
     </span>
    </p>
   </div>
   <div class='ocr_carea' id='block_1_4' title="bbox 95 1167 1592 1285">
    <p class='ocr_par' dir='ltr' id='par_1_7' title="bbox 95 1167 1592 1285">
     <span class='ocr_line' id='line_1_16' title="bbox 95 1167 1592 1220; baseline 0.001 -13"><span class='ocrx_word' id='word_1_85' title='bbox 95 1168 146 1207; x_wconf 87' lang='lat' dir='ltr'>Et</span> <span class='ocrx_word' id='word_1_86' title='bbox 165 1179 434 1220; x_wconf 85' lang='lat' dir='ltr'>quascunque</span> <span class='ocrx_word' id='word_1_87' title='bbox 455 1179 593 1206; x_wconf 86' lang='lat' dir='ltr'>rerum</span> <span class='ocrx_word' id='word_1_88' title='bbox 614 1167 738 1215; x_wconf 88' lang='lat' dir='ltr'>vices,</span> <span class='ocrx_word' id='word_1_89' title='bbox 763 1179 1061 1220; x_wconf 88' lang='lat' dir='ltr'>quamcunque</span> <span class='ocrx_word' id='word_1_90' title='bbox 1084 1167 1417 1220; x_wconf 80' lang='lat' dir='ltr'>inaequalitatem</span> <span class='ocrx_word' id='word_1_91' title='bbox 1444 1168 1485 1207; x_wconf 90' lang='lat' dir='ltr'>in</span> <span class='ocrx_word' id='word_1_92' title='bbox 1507 1168 1592 1209; x_wconf 89' lang='lat' dir='ltr'>vita</span> 
     </span>
     <span class='ocr_line' id='line_1_17' title="bbox 96 1232 916 1285; baseline -0.001 -13"><span class='ocrx_word' id='word_1_93' title='bbox 96 1232 364 1285; x_wconf 85' lang='lat' dir='ltr'>adspicimus,</span> <span class='ocrx_word' id='word_1_94' title='bbox 386 1232 482 1271; x_wconf 87' lang='lat' dir='ltr'>fatis</span> <span class='ocrx_word' id='word_1_95' title='bbox 503 1232 744 1272; x_wconf 88' lang='lat' dir='ltr'>auctoribus</span> <span class='ocrx_word' id='word_1_96' title='bbox 766 1232 916 1272; x_wconf 87' lang='lat' dir='ltr'>reddit.</span> 
     </span>
    </p>
   </div>
   <div class='ocr_carea' id='block_1_5' title="bbox 281 1338 1437 1970">
    <p class='ocr_par' dir='ltr' id='par_1_8' title="bbox 281 1338 1329 1705">
     <span class='ocr_line' id='line_1_18' title="bbox 281 1338 1327 1386; baseline 0 -12"><span class='ocrx_word' id='word_1_97' title='bbox 281 1339 373 1374; x_wconf 91' lang='lat' dir='ltr'>Ecce</span> <span class='ocrx_word' id='word_1_98' title='bbox 390 1338 481 1374; x_wconf 89' lang='lat' dir='ltr'>levis</span> <span class='ocrx_word' id='word_1_99' title='bbox 499 1339 653 1385; x_wconf 87' lang='lat' dir='ltr'>perimit</span> <span class='ocrx_word' id='word_1_100' title='bbox 670 1339 842 1384; x_wconf 85' lang='lat' dir='ltr'>morbus,</span> <span class='ocrx_word' id='word_1_101' title='bbox 866 1338 1094 1386; x_wconf 83' lang='lat' dir='ltr'>graviorque</span> <span class='ocrx_word' id='word_1_102' title='bbox 1115 1339 1327 1377; x_wconf 86' lang='lat' dir='ltr'>remittit...</span> 
     </span>
     <span class='ocr_line' id='line_1_19' title="bbox 285 1392 1316 1439; baseline 0 -11"><span class='ocrx_word' id='word_1_103' title='bbox 285 1392 383 1428; x_wconf 84' lang='lat' dir='ltr'>Cura</span> <span class='ocrx_word' id='word_1_104' title='bbox 403 1395 530 1437; x_wconf 89' lang='lat' dir='ltr'>nocet,</span> <span class='ocrx_word' id='word_1_105' title='bbox 552 1402 701 1428; x_wconf 85' lang='lat' dir='ltr'>cessare</span> <span class='ocrx_word' id='word_1_106' title='bbox 719 1393 848 1439; x_wconf 86' lang='lat' dir='ltr'>juvat;</span> <span class='ocrx_word' id='word_1_107' title='bbox 871 1402 981 1428; x_wconf 87' lang='lat' dir='ltr'>mora</span> <span class='ocrx_word' id='word_1_108' title='bbox 1001 1403 1102 1439; x_wconf 81' lang='lat' dir='ltr'>saepe</span> <span class='ocrx_word' id='word_1_109' title='bbox 1123 1394 1316 1429; x_wconf 88' lang='lat' dir='ltr'>malorum</span> 
     </span>
     <span class='ocr_line' id='line_1_20' title="bbox 285 1445 1307 1493; baseline 0.002 -13"><span class='ocrx_word' id='word_1_110' title='bbox 285 1445 356 1481; x_wconf 89' lang='lat' dir='ltr'>Dat</span> <span class='ocrx_word' id='word_1_111' title='bbox 372 1455 517 1489; x_wconf 85' lang='lat' dir='ltr'>causas,</span> <span class='ocrx_word' id='word_1_112' title='bbox 539 1445 760 1492; x_wconf 77' lang='lat' dir='ltr'>laeduntque</span> <span class='ocrx_word' id='word_1_113' title='bbox 781 1445 868 1489; x_wconf 87' lang='lat' dir='ltr'>cibi,</span> <span class='ocrx_word' id='word_1_114' title='bbox 893 1449 1127 1493; x_wconf 86' lang='lat' dir='ltr'>parcuntque</span> <span class='ocrx_word' id='word_1_115' title='bbox 1148 1457 1307 1482; x_wconf 89' lang='lat' dir='ltr'>venena.</span> 
     </span>
     <span class='ocr_line' id='line_1_21' title="bbox 286 1498 1326 1545; baseline 0.001 -11"><span class='ocrx_word' id='word_1_116' title='bbox 286 1499 526 1544; x_wconf 82' lang='lat' dir='ltr'>Degenerant</span> <span class='ocrx_word' id='word_1_117' title='bbox 542 1498 624 1534; x_wconf 89' lang='lat' dir='ltr'>nati</span> <span class='ocrx_word' id='word_1_118' title='bbox 645 1498 831 1545; x_wconf 83' lang='lat' dir='ltr'>patribus,</span> <span class='ocrx_word' id='word_1_119' title='bbox 851 1498 1082 1545; x_wconf 84' lang='lat' dir='ltr'>vincuntque</span> <span class='ocrx_word' id='word_1_120' title='bbox 1103 1501 1326 1545; x_wconf 83' lang='lat' dir='ltr'>parentes...</span> 
     </span>
     <span class='ocr_line' id='line_1_22' title="bbox 287 1550 1329 1595; baseline 0.001 -9"><span class='ocrx_word' id='word_1_121' title='bbox 287 1550 396 1592; x_wconf 89' lang='lat' dir='ltr'>Quod</span> <span class='ocrx_word' id='word_1_122' title='bbox 416 1550 551 1586; x_wconf 88' lang='lat' dir='ltr'>Decios</span> <span class='ocrx_word' id='word_1_123' title='bbox 566 1562 644 1587; x_wconf 91' lang='lat' dir='ltr'>non</span> <span class='ocrx_word' id='word_1_124' title='bbox 662 1561 776 1586; x_wconf 90' lang='lat' dir='ltr'>omne</span> <span class='ocrx_word' id='word_1_125' title='bbox 799 1551 897 1595; x_wconf 84' lang='lat' dir='ltr'>tulit,</span> <span class='ocrx_word' id='word_1_126' title='bbox 919 1562 994 1587; x_wconf 85' lang='lat' dir='ltr'>non</span> <span class='ocrx_word' id='word_1_127' title='bbox 1015 1562 1130 1588; x_wconf 89' lang='lat' dir='ltr'>omne</span> <span class='ocrx_word' id='word_1_128' title='bbox 1151 1552 1329 1588; x_wconf 87' lang='lat' dir='ltr'>Camillos</span> 
     </span>
     <span class='ocr_line' id='line_1_23' title="bbox 286 1602 1262 1650; baseline 0.002 -12"><span class='ocrx_word' id='word_1_129' title='bbox 286 1602 466 1650; x_wconf 88' lang='lat' dir='ltr'>Tempus,</span> <span class='ocrx_word' id='word_1_130' title='bbox 490 1605 528 1639; x_wconf 92' lang='lat' dir='ltr'>et</span> <span class='ocrx_word' id='word_1_131' title='bbox 543 1603 723 1639; x_wconf 89' lang='lat' dir='ltr'>invictum</span> <span class='ocrx_word' id='word_1_132' title='bbox 746 1604 896 1640; x_wconf 87' lang='lat' dir='ltr'>devicta</span> <span class='ocrx_word' id='word_1_133' title='bbox 915 1606 1040 1640; x_wconf 84' lang='lat' dir='ltr'>morte</span> <span class='ocrx_word' id='word_1_134' title='bbox 1061 1606 1262 1650; x_wconf 86' lang='lat' dir='ltr'>Catonem,</span> 
     </span>
     <span class='ocr_line' id='line_1_24' title="bbox 286 1656 1228 1705; baseline 0.001 -13"><span class='ocrx_word' id='word_1_135' title='bbox 286 1656 456 1693; x_wconf 86' lang='lat' dir='ltr'>Materies</span> <span class='ocrx_word' id='word_1_136' title='bbox 476 1657 515 1692; x_wconf 88' lang='lat' dir='ltr'>in</span> <span class='ocrx_word' id='word_1_137' title='bbox 536 1668 619 1692; x_wconf 89' lang='lat' dir='ltr'>rem</span> <span class='ocrx_word' id='word_1_138' title='bbox 638 1659 804 1703; x_wconf 87' lang='lat' dir='ltr'>superat,</span> <span class='ocrx_word' id='word_1_139' title='bbox 827 1658 892 1692; x_wconf 90' lang='lat' dir='ltr'>sed</span> <span class='ocrx_word' id='word_1_140' title='bbox 921 1659 1002 1703; x_wconf 82' lang='lat' dir='ltr'>lege</span> <span class='ocrx_word' id='word_1_141' title='bbox 1023 1660 1228 1705; x_wconf 88' lang='lat' dir='ltr'>repugnat.</span> 
     </span>
    </p>

    <p class='ocr_par' dir='ltr' id='par_1_9' title="bbox 284 1710 1437 1970">
     <span class='ocr_line' id='line_1_25' title="bbox 408 1710 1043 1757; baseline 0 -11"><span class='ocrx_word' id='word_1_142' title='bbox 408 1737 480 1746; x_wconf 91' lang='grc'><strong>.....</strong></span> <span class='ocrx_word' id='word_1_143' title='bbox 485 1710 678 1746; x_wconf 88' lang='lat' dir='ltr'>Promisca</span> <span class='ocrx_word' id='word_1_144' title='bbox 696 1713 733 1746; x_wconf 87' lang='lat' dir='ltr'>et</span> <span class='ocrx_word' id='word_1_145' title='bbox 753 1722 852 1757; x_wconf 85' lang='lat' dir='ltr'>saepe</span> <span class='ocrx_word' id='word_1_146' title='bbox 873 1710 1043 1746; x_wconf 86' lang='lat' dir='ltr'>ferarum</span> 
     </span>
     <span class='ocr_line' id='line_1_26' title="bbox 285 1762 1384 1809; baseline 0.002 -11"><span class='ocrx_word' id='word_1_147' title='bbox 285 1762 453 1809; x_wconf 84' lang='lat' dir='ltr'>Corpora</span> <span class='ocrx_word' id='word_1_148' title='bbox 473 1774 562 1798; x_wconf 91' lang='lat' dir='ltr'>cum</span> <span class='ocrx_word' id='word_1_149' title='bbox 582 1763 771 1799; x_wconf 85' lang='lat' dir='ltr'>membris</span> <span class='ocrx_word' id='word_1_150' title='bbox 787 1763 987 1799; x_wconf 90' lang='lat' dir='ltr'>hominum</span> <span class='ocrx_word' id='word_1_151' title='bbox 1012 1775 1019 1799; x_wconf 95' lang='lat'><strong>:</strong></span> <span class='ocrx_word' id='word_1_152' title='bbox 1044 1775 1122 1799; x_wconf 89' lang='lat' dir='ltr'>non</span> <span class='ocrx_word' id='word_1_153' title='bbox 1144 1763 1301 1800; x_wconf 89' lang='lat' dir='ltr'>seminis</span> <span class='ocrx_word' id='word_1_154' title='bbox 1322 1764 1384 1800; x_wconf 89' lang='lat' dir='ltr'>ille</span> 
     </span>
     <span class='ocr_line' id='line_1_27' title="bbox 284 1815 1437 1864; baseline 0.003 -14"><span class='ocrx_word' id='word_1_155' title='bbox 284 1816 419 1852; x_wconf 85' lang='lat' dir='ltr'>Partus</span> <span class='ocrx_word' id='word_1_156' title='bbox 440 1815 511 1851; x_wconf 85' lang='lat' dir='ltr'>erit</span> <span class='ocrx_word' id='word_1_157' title='bbox 532 1827 540 1851; x_wconf 91' lang='lat'>:</span> <span class='ocrx_word' id='word_1_158' title='bbox 563 1815 654 1862; x_wconf 93' lang='lat' dir='ltr'>quid</span> <span class='ocrx_word' id='word_1_159' title='bbox 675 1816 779 1852; x_wconf 91' lang='lat' dir='ltr'>enim</span> <span class='ocrx_word' id='word_1_160' title='bbox 800 1816 909 1852; x_wconf 91' lang='lat' dir='ltr'>nobis</span> <span class='ocrx_word' id='word_1_161' title='bbox 927 1827 1146 1862; x_wconf 89' lang='lat' dir='ltr'>commune,</span> <span class='ocrx_word' id='word_1_162' title='bbox 1167 1817 1335 1864; x_wconf 85' lang='lat' dir='ltr'>ferisque</span> <span class='ocrx_word' id='word_1_163' title='bbox 1349 1817 1367 1853; x_wconf 70' lang='grc' dir='ltr'>ἱ)</span> <span class='ocrx_word' id='word_1_164' title='bbox 1434 1840 1437 1843; x_wconf 89' lang='lat'>·</span> 
     </span>
     <span class='ocr_line' id='line_1_28' title="bbox 285 1867 1206 1916; baseline 0.001 -13"><span class='ocrx_word' id='word_1_165' title='bbox 285 1867 420 1910; x_wconf 82' lang='lat' dir='ltr'>Quisve</span> <span class='ocrx_word' id='word_1_166' title='bbox 437 1867 477 1903; x_wconf 93' lang='lat' dir='ltr'>in</span> <span class='ocrx_word' id='word_1_167' title='bbox 496 1869 664 1915; x_wconf 88' lang='lat' dir='ltr'>portenti</span> <span class='ocrx_word' id='word_1_168' title='bbox 682 1880 822 1905; x_wconf 83' lang='lat' dir='ltr'>noxam</span> <span class='ocrx_word' id='word_1_169' title='bbox 843 1868 1011 1916; x_wconf 89' lang='lat' dir='ltr'>peccarit</span> <span class='ocrx_word' id='word_1_170' title='bbox 1027 1869 1206 1905; x_wconf 80' lang='lat' dir='ltr'>adulter?</span> 
     </span>
     <span class='ocr_line' id='line_1_29' title="bbox 284 1921 1310 1970; baseline 0.003 -14"><span class='ocrx_word' id='word_1_171' title='bbox 284 1922 397 1957; x_wconf 85' lang='lat' dir='ltr'>Astra</span> <span class='ocrx_word' id='word_1_172' title='bbox 417 1923 560 1957; x_wconf 90' lang='lat' dir='ltr'>novant</span> <span class='ocrx_word' id='word_1_173' title='bbox 574 1921 718 1958; x_wconf 86' lang='lat' dir='ltr'>formas</span> <span class='ocrx_word' id='word_1_174' title='bbox 736 1922 947 1970; x_wconf 81' lang='lat' dir='ltr'>caelumque</span> <span class='ocrx_word' id='word_1_175' title='bbox 965 1922 1173 1970; x_wconf 86' lang='lat' dir='ltr'>interpolat</span> <span class='ocrx_word' id='word_1_176' title='bbox 1194 1933 1261 1958; x_wconf 86' lang='lat' dir='ltr'>ora</span> <span class='ocrx_word' id='word_1_177' title='bbox 1283 1924 1310 1959; x_wconf 75' lang='lat'>².</span> 
     </span>
    </p>
   </div>
   <div class='ocr_carea' id='block_1_6' title="bbox 96 2021 1592 2078">
    <p class='ocr_par' dir='ltr' id='par_1_10' title="bbox 96 2021 1592 2078">
     <span class='ocr_line' id='line_1_30' title="bbox 96 2021 1592 2078; baseline 0.004 -18"><span class='ocrx_word' id='word_1_178' title='bbox 96 2022 230 2074; x_wconf 91' lang='lat' dir='ltr'>Atque</span> <span class='ocrx_word' id='word_1_179' title='bbox 259 2021 412 2061; x_wconf 89' lang='lat' dir='ltr'>durum</span> <span class='ocrx_word' id='word_1_180' title='bbox 433 2022 536 2062; x_wconf 87' lang='lat' dir='ltr'>illud</span> <span class='ocrx_word' id='word_1_181' title='bbox 553 2022 686 2063; x_wconf 90' lang='lat' dir='ltr'>bonos</span> <span class='ocrx_word' id='word_1_182' title='bbox 707 2024 860 2075; x_wconf 89' lang='lat' dir='ltr'>premit</span> <span class='ocrx_word' id='word_1_183' title='bbox 876 2023 1027 2072; x_wconf 87' lang='lat' dir='ltr'>fatum,</span> <span class='ocrx_word' id='word_1_184' title='bbox 1050 2023 1278 2076; x_wconf 84' lang='lat' dir='ltr'>benignum</span> <span class='ocrx_word' id='word_1_185' title='bbox 1302 2025 1435 2066; x_wconf 89' lang='lat' dir='ltr'>malos</span> <span class='ocrx_word' id='word_1_186' title='bbox 1456 2027 1592 2078; x_wconf 77' lang='lat' dir='ltr'>Juvat.</span> 
     </span>
    </p>
   </div>
   <div class='ocr_carea' id='block_1_7' title="bbox 285 2129 1335 2336">
    <p class='ocr_par' dir='ltr' id='par_1_11' title="bbox 287 2129 1133 2172">
     <span class='ocr_line' id='line_1_31' title="bbox 287 2129 1133 2172; baseline 0.004 -8"><span class='ocrx_word' id='word_1_187' title='bbox 287 2129 388 2172; x_wconf 88' lang='lat' dir='ltr'>Quin</span> <span class='ocrx_word' id='word_1_188' title='bbox 405 2129 520 2165; x_wconf 87' lang='lat' dir='ltr'>etiam</span> <span class='ocrx_word' id='word_1_189' title='bbox 539 2129 668 2166; x_wconf 83' lang='lat' dir='ltr'>infelix</span> <span class='ocrx_word' id='word_1_190' title='bbox 687 2130 802 2166; x_wconf 88' lang='lat' dir='ltr'>virtus</span> <span class='ocrx_word' id='word_1_191' title='bbox 825 2134 862 2166; x_wconf 87' lang='lat' dir='ltr'>et</span> <span class='ocrx_word' id='word_1_192' title='bbox 879 2130 994 2167; x_wconf 81' lang='lat' dir='ltr'>noxia</span> <span class='ocrx_word' id='word_1_193' title='bbox 1013 2131 1103 2167; x_wconf 86' lang='lat' dir='ltr'>felix</span> <span class='ocrx_word' id='word_1_194' title='bbox 1127 2144 1133 2167; x_wconf 92' lang='lat'><strong>:</strong></span> 
     </span>
    </p>

    <p class='ocr_par' dir='ltr' id='par_1_12' title="bbox 285 2183 1335 2336">
     <span class='ocr_line' id='line_1_32' title="bbox 287 2183 1303 2231; baseline 0.003 -12"><span class='ocrx_word' id='word_1_195' title='bbox 287 2185 330 2219; x_wconf 87' lang='lat' dir='ltr'>Et</span> <span class='ocrx_word' id='word_1_196' title='bbox 349 2183 449 2218; x_wconf 87' lang='lat' dir='ltr'>male</span> <span class='ocrx_word' id='word_1_197' title='bbox 470 2183 653 2219; x_wconf 88' lang='lat' dir='ltr'>consultis</span> <span class='ocrx_word' id='word_1_198' title='bbox 674 2184 838 2230; x_wconf 84' lang='lat' dir='ltr'>pretium</span> <span class='ocrx_word' id='word_1_199' title='bbox 859 2186 926 2230; x_wconf 88' lang='lat' dir='ltr'>est,</span> <span class='ocrx_word' id='word_1_200' title='bbox 948 2185 1154 2231; x_wconf 89' lang='lat' dir='ltr'>prudentia</span> <span class='ocrx_word' id='word_1_201' title='bbox 1175 2185 1272 2222; x_wconf 89' lang='lat' dir='ltr'>fallit</span> <span class='ocrx_word' id='word_1_202' title='bbox 1296 2198 1303 2222; x_wconf 92' lang='lat'>:</span> 
     </span>
     <span class='ocr_line' id='line_1_33' title="bbox 285 2236 1335 2284; baseline 0.004 -13"><span class='ocrx_word' id='word_1_203' title='bbox 285 2236 361 2271; x_wconf 91' lang='lat' dir='ltr'>Nec</span> <span class='ocrx_word' id='word_1_204' title='bbox 380 2236 533 2271; x_wconf 82' lang='lat' dir='ltr'>fortuna</span> <span class='ocrx_word' id='word_1_205' title='bbox 551 2236 687 2283; x_wconf 83' lang='lat' dir='ltr'>probat</span> <span class='ocrx_word' id='word_1_206' title='bbox 705 2248 837 2273; x_wconf 87' lang='lat' dir='ltr'>causas</span> <span class='ocrx_word' id='word_1_207' title='bbox 861 2237 1105 2284; x_wconf 90' lang='lat' dir='ltr'>sequiturque</span> <span class='ocrx_word' id='word_1_208' title='bbox 1125 2242 1335 2284; x_wconf 82' lang='lat' dir='ltr'>merentes,</span> 
     </span>
     <span class='ocr_line' id='line_1_34' title="bbox 287 2289 1294 2336; baseline 0.004 -12"><span class='ocrx_word' id='word_1_209' title='bbox 287 2289 361 2325; x_wconf 92' lang='lat' dir='ltr'>Sed</span> <span class='ocrx_word' id='word_1_210' title='bbox 379 2299 476 2336; x_wconf 82' lang='lat' dir='ltr'>vaga</span> <span class='ocrx_word' id='word_1_211' title='bbox 496 2300 565 2336; x_wconf 83' lang='lat' dir='ltr'>per</span> <span class='ocrx_word' id='word_1_212' title='bbox 586 2291 740 2326; x_wconf 88' lang='lat' dir='ltr'>cunctos</span> <span class='ocrx_word' id='word_1_213' title='bbox 760 2291 866 2326; x_wconf 92' lang='lat' dir='ltr'>nullo</span> <span class='ocrx_word' id='word_1_214' title='bbox 889 2290 1106 2327; x_wconf 84' lang='lat' dir='ltr'>discrimine</span> <span class='ocrx_word' id='word_1_215' title='bbox 1127 2292 1247 2328; x_wconf 81' lang='lat' dir='ltr'>fertur</span> <span class='ocrx_word' id='word_1_216' title='bbox 1267 2293 1294 2328; x_wconf 79' lang='lat'>³.</span> 
     </span>
    </p>
   </div>
   <div class='ocr_carea' id='block_1_8' title="bbox 94 2389 1595 2574">
    <p class='ocr_par' dir='ltr' id='par_1_13' title="bbox 94 2389 1595 2574">
     <span class='ocr_line' id='line_1_35' title="bbox 95 2389 1595 2444; baseline 0.004 -16"><span class='ocrx_word' id='word_1_217' title='bbox 95 2389 192 2437; x_wconf 84' lang='lat' dir='ltr'>Quis</span> <span class='ocrx_word' id='word_1_218' title='bbox 224 2401 309 2429; x_wconf 89' lang='lat' dir='ltr'>non</span> <span class='ocrx_word' id='word_1_219' title='bbox 325 2389 383 2429; x_wconf 91' lang='lat' dir='ltr'>ibi</span> <span class='ocrx_word' id='word_1_220' title='bbox 401 2391 562 2430; x_wconf 81' lang='lat' dir='ltr'>Cottam</span> <span class='ocrx_word' id='word_1_221' title='bbox 590 2390 888 2431; x_wconf 85' lang='lat' dir='ltr'>Academicum</span> <span class='ocrx_word' id='word_1_222' title='bbox 915 2391 1200 2444; x_wconf 88' lang='lat' dir='ltr'>disputantem</span> <span class='ocrx_word' id='word_1_223' title='bbox 1223 2393 1423 2433; x_wconf 88' lang='lat' dir='ltr'>adversus</span> <span class='ocrx_word' id='word_1_224' title='bbox 1444 2394 1595 2435; x_wconf 88' lang='lat' dir='ltr'>stoicos</span> 
     </span>
     <span class='ocr_line' id='line_1_36' title="bbox 95 2454 1595 2500; baseline 0.003 -6"><span class='ocrx_word' id='word_1_225' title='bbox 95 2454 239 2494; x_wconf 86' lang='lat' dir='ltr'>audire</span> <span class='ocrx_word' id='word_1_226' title='bbox 259 2454 336 2494; x_wconf 87' lang='lat' dir='ltr'>sibi</span> <span class='ocrx_word' id='word_1_227' title='bbox 362 2455 555 2495; x_wconf 88' lang='lat' dir='ltr'>videatur</span> <span class='ocrx_word' id='word_1_228' title='bbox 574 2456 614 2494; x_wconf 73' lang='lat'>⁴?</span> <span class='ocrx_word' id='word_1_229' title='bbox 637 2472 655 2493; x_wconf 93' lang='lat'>«</span> <span class='ocrx_word' id='word_1_230' title='bbox 679 2456 852 2496; x_wconf 87' lang='lat' dir='ltr'>Telamo</span> <span class='ocrx_word' id='word_1_231' title='bbox 874 2461 1015 2497; x_wconf 87' lang='lat' dir='ltr'>autem</span> <span class='ocrx_word' id='word_1_232' title='bbox 1038 2470 1124 2498; x_wconf 92' lang='lat' dir='ltr'>uno</span> <span class='ocrx_word' id='word_1_233' title='bbox 1153 2470 1272 2498; x_wconf 90' lang='lat' dir='ltr'>versu</span> <span class='ocrx_word' id='word_1_234' title='bbox 1293 2462 1429 2498; x_wconf 89' lang='lat' dir='ltr'>totum</span> <span class='ocrx_word' id='word_1_235' title='bbox 1456 2459 1595 2500; x_wconf 92' lang='lat' dir='ltr'>locum</span> 
     </span>
     <span class='ocr_line' id='line_1_37' title="bbox 94 2520 909 2574; baseline 0.004 -14"><span class='ocrx_word' id='word_1_236' title='bbox 94 2520 274 2571; x_wconf 89' lang='lat' dir='ltr'>conficit,</span> <span class='ocrx_word' id='word_1_237' title='bbox 297 2533 370 2562; x_wconf 84' lang='lat' dir='ltr'>cur</span> <span class='ocrx_word' id='word_1_238' title='bbox 392 2521 435 2560; x_wconf 89' lang='lat' dir='ltr'>di</span> <span class='ocrx_word' id='word_1_239' title='bbox 451 2520 643 2561; x_wconf 90' lang='lat' dir='ltr'>homines</span> <span class='ocrx_word' id='word_1_240' title='bbox 663 2521 880 2574; x_wconf 84' lang='lat' dir='ltr'>negligant</span> <span class='ocrx_word' id='word_1_241' title='bbox 900 2534 909 2563; x_wconf 71' lang='grc' dir='ltr'>ε</span> 
     </span>
    </p>
   </div>
   <div class='ocr_carea' id='block_1_9' title="bbox 279 2627 1592 2678">
    <p class='ocr_par' dir='ltr' id='par_1_14' title="bbox 279 2627 1592 2678">
     <span class='ocr_line' id='line_1_38' title="bbox 279 2627 1592 2678; baseline 0.004 -15"><span class='ocrx_word' id='word_1_242' title='bbox 279 2627 376 2663; x_wconf 90' lang='lat' dir='ltr'>Nam</span> <span class='ocrx_word' id='word_1_243' title='bbox 395 2627 426 2663; x_wconf 92' lang='lat' dir='ltr'>si</span> <span class='ocrx_word' id='word_1_244' title='bbox 444 2630 590 2674; x_wconf 88' lang='lat' dir='ltr'>curent,</span> <span class='ocrx_word' id='word_1_245' title='bbox 608 2628 708 2665; x_wconf 88' lang='lat' dir='ltr'>bene</span> <span class='ocrx_word' id='word_1_246' title='bbox 729 2629 841 2666; x_wconf 86' lang='lat' dir='ltr'>bonis</span> <span class='ocrx_word' id='word_1_247' title='bbox 867 2629 927 2674; x_wconf 87' lang='lat' dir='ltr'>sit,</span> <span class='ocrx_word' id='word_1_248' title='bbox 949 2631 1050 2667; x_wconf 87' lang='lat' dir='ltr'>male</span> <span class='ocrx_word' id='word_1_249' title='bbox 1074 2630 1197 2676; x_wconf 82' lang='lat' dir='ltr'>malis,</span> <span class='ocrx_word' id='word_1_250' title='bbox 1221 2631 1326 2678; x_wconf 90' lang='lat' dir='ltr'>quod</span> <span class='ocrx_word' id='word_1_251' title='bbox 1345 2642 1445 2667; x_wconf 89' lang='lat' dir='ltr'>nunc</span> <span class='ocrx_word' id='word_1_252' title='bbox 1470 2632 1592 2669; x_wconf 81' lang='lat' dir='ltr'>abest.</span> 
     </span>
    </p>
   </div>
   <div class='ocr_carea' id='block_1_10' title="bbox 133 2761 490 2803">
    <p class='ocr_par' dir='ltr' id='par_1_15' title="bbox 133 2761 490 2803">
     <span class='ocr_line' id='line_1_39' title="bbox 133 2761 490 2803; baseline 0.008 -10"><span class='ocrx_word' id='word_1_253' title='bbox 133 2762 164 2794; x_wconf 89' lang='lat'>1.</span> <span class='ocrx_word' id='word_1_254' title='bbox 185 2761 335 2800; x_wconf 71' lang='lat' dir='ltr'>Astron„</span> <span class='ocrx_word' id='word_1_255' title='bbox 358 2763 414 2803; x_wconf 89' lang='lat' dir='ltr'>IV,</span> <span class='ocrx_word' id='word_1_256' title='bbox 435 2765 490 2796; x_wconf 83' lang='lat'>49.</span> 
     </span>
    </p>
   </div>
   <div class='ocr_carea' id='block_1_11' title="bbox 130 2808 900 2898">
    <p class='ocr_par' dir='ltr' id='par_1_16' title="bbox 130 2808 900 2898">
     <span class='ocr_line' id='line_1_40' title="bbox 130 2808 900 2857; baseline 0.01 -18"><span class='ocrx_word' id='word_1_257' title='bbox 130 2809 162 2840; x_wconf 87' lang='lat'>2.</span> <span class='ocrx_word' id='word_1_258' title='bbox 180 2808 283 2847; x_wconf 78' lang='lat' dir='ltr'>Jbid„</span> <span class='ocrx_word' id='word_1_259' title='bbox 308 2810 364 2851; x_wconf 92' lang='lat' dir='ltr'>1v,</span> <span class='ocrx_word' id='word_1_260' title='bbox 385 2812 426 2843; x_wconf 81' lang='lat'>&#39;13</span> <span class='ocrx_word' id='word_1_261' title='bbox 445 2821 538 2854; x_wconf 89' lang='lat' dir='ltr'>sqq.,</span> <span class='ocrx_word' id='word_1_262' title='bbox 559 2814 598 2846; x_wconf 77' lang='lat'>86</span> <span class='ocrx_word' id='word_1_263' title='bbox 622 2822 716 2856; x_wconf 88' lang='lat' dir='ltr'>sqq.,</span> <span class='ocrx_word' id='word_1_264' title='bbox 741 2815 797 2847; x_wconf 80' lang='lat'>101</span> <span class='ocrx_word' id='word_1_265' title='bbox 821 2823 900 2857; x_wconf 87' lang='lat' dir='ltr'>sqq.</span> 
     </span>
     <span class='ocr_line' id='line_1_41' title="bbox 132 2855 437 2898; baseline 0.013 -11"><span class='ocrx_word' id='word_1_266' title='bbox 132 2856 163 2888; x_wconf 90' lang='lat'>3.</span> <span class='ocrx_word' id='word_1_267' title='bbox 185 2855 286 2894; x_wconf 72' lang='lat' dir='ltr'>Ibid„</span> <span class='ocrx_word' id='word_1_268' title='bbox 307 2857 364 2898; x_wconf 91' lang='lat' dir='ltr'>IV,</span> <span class='ocrx_word' id='word_1_269' title='bbox 385 2859 437 2891; x_wconf 85' lang='lat'>93.</span> 
     </span>
    </p>
   </div>
   <div class='ocr_carea' id='block_1_12' title="bbox 133 2903 1401 3005">
    <p class='ocr_par' dir='ltr' id='par_1_17' title="bbox 133 2903 1401 3005">
     <span class='ocr_line' id='line_1_42' title="bbox 133 2903 834 2950; baseline 0.01 -15"><span class='ocrx_word' id='word_1_270' title='bbox 133 2904 163 2936; x_wconf 79' lang='lat'>4.</span> <span class='ocrx_word' id='word_1_271' title='bbox 183 2903 267 2944; x_wconf 67' lang='lat' dir='ltr'>Cic„</span> <span class='ocrx_word' id='word_1_272' title='bbox 284 2903 327 2937; x_wconf 83' lang='lat' dir='ltr'>de</span> <span class='ocrx_word' id='word_1_273' title='bbox 345 2905 426 2938; x_wconf 77' lang='lat' dir='ltr'>Nat.</span> <span class='ocrx_word' id='word_1_274' title='bbox 449 2905 556 2949; x_wconf 67' lang='lat' dir='ltr'>deor„</span> <span class='ocrx_word' id='word_1_275' title='bbox 575 2907 633 2947; x_wconf 88' lang='lat'>111,</span> <span class='ocrx_word' id='word_1_276' title='bbox 655 2918 762 2950; x_wconf 84' lang='lat' dir='ltr'>xxxn,</span> <span class='ocrx_word' id='word_1_277' title='bbox 781 2910 834 2942; x_wconf 74' lang='lat'>79.</span> 
     </span>
     <span class='ocr_line' id='line_1_43' title="bbox 184 2963 1401 3005; baseline 0 -4"><span class='ocrx_word' id='word_1_278' title='bbox 184 2963 334 3001; x_wconf 58' lang='lat' dir='ltr'>Lausoiv.</span> <span class='ocrx_word' id='word_1_279' title='bbox 1381 2970 1401 3005; x_wconf 83' lang='lat'>4</span> 
     </span>
    </p>
   </div>
  </div>
 </body>
</html>
