1930 3320
892 291 1142 331 -10-

392 411 569 449 Proinde
605 422 753 458 versus,
789 423 889 459 quos
917 423 1038 461 supra
1064 413 1196 463 attuli,
1229 414 1484 465 inspiciamus
1512 417 1734 456 accuratius

293 477 493 527 singulos!

395 545 473 582 His
504 545 767 584 Octavianum
802 546 972 593 quodam
1007 547 1123 584 modo
1158 548 1338 595 potuisse
1371 550 1525 588 laudari
1554 552 1734 599 equidem

297 624 376 649 non
406 613 438 649 is
469 624 564 660 sum,
594 613 660 660 qui
680 624 841 661 negem:
872 613 1018 651 Cacsar
1038 613 1148 651 illum
1169 615 1244 652 sibi
1264 627 1337 664 pro
1357 617 1438 654 filio
1459 618 1734 668 adoptaverat,

292 679 499 717 Munatius
515 680 750 728 cognomine
770 680 945 728 Augusti
964 684 1185 729 ornaverat,
1211 682 1395 732 Agrippa
1416 695 1556 722 censor
1575 689 1734 725 senatus

292 747 513 796 principem
547 747 716 795 dixerat,
750 747 924 796 populus
953 750 1104 796 patrem
1139 749 1292 797 patriae
1322 750 1573 798 salutaverat,
1609 765 1735 801 neque

294 814 397 852 Julii
443 815 560 851 unius
606 815 737 852 anima
779 815 1013 852 credebatur
1054 815 1094 852 in
1135 817 1285 854 caelum
1326 822 1484 866 recepta
1524 830 1622 868 esse,
1667 819 1735 858 sed

292 882 397 918 filius
434 886 472 919 et
509 882 594 930 ipse
631 882 707 919 iam
743 882 857 918 vivus
893 886 932 920 et
969 894 991 918 a
1026 883 1156 931 poetis
1192 887 1232 920 et
1259 895 1282 920 a
1309 884 1461 932 populo
1490 885 1736 924 afficiebatur

293 949 444 987 honore
479 949 637 996 cliviuo3
672 950 840 997 denique
868 950 944 987 hoc
971 954 1154 987 monente
1182 950 1295 987 multi
1324 955 1368 987 ut
1395 951 1523 989 Musis
1553 963 1593 990 sc
1621 953 1736 991 dede-

292 1020 382 1054 rent
427 1016 710 1054 incitabantur.
754 1039 800 1043 —
845 1017 996 1054 Contra
1041 1016 1072 1053 si
1120 1017 1272 1054 Tiberii
1317 1019 1486 1066 gratiam
1526 1020 1576 1057 ab
1617 1019 1735 1059 initio

292 1087 451 1132 poetam
488 1084 599 1131 sequi
639 1084 843 1132 malumus,
877 1085 1005 1133 primo
1035 1085 1191 1132 quidem
1218 1085 1407 1133 adspectu
1436 1097 1508 1123 nos
1536 1086 1646 1124 illius
1673 1099 1736 1125 res

292 1151 480 1188 memoria
499 1155 678 1188 tenentes
699 1151 876 1200 offendit,
897 1152 1002 1199 quod
1023 1153 1250 1201 appellatur
1269 1153 1447 1201 „patriae
1467 1154 1732 1204 princepsque

292 1218 522 1266 paterque“.
564 1218 668 1256 Nam
696 1230 781 1256 cum
810 1231 896 1256 eum
924 1219 1095 1256 honores
1124 1223 1168 1256 ut
1197 1219 1346 1256 domini
1374 1222 1561 1268 tanquam
1581 1221 1737 1259 divinas

294 1285 577 1333 occupationes
631 1286 688 1322 ita
738 1286 933 1335 principis
986 1292 1026 1324 et
1075 1286 1202 1335 patris
1255 1287 1409 1335 patriae
1454 1288 1736 1327 detrectavisse

293 1352 468 1389 definitis
504 1353 636 1390 verbis
671 1352 877 1402 constet‚2)
913 1354 1060 1391 talibus
1089 1354 1239 1401 alloqui
1268 1353 1433 1391 vocibus
1460 1354 1588 1392 minus
1617 1355 1738 1393 fuisse

295 1419 541 1458 commodum
568 1420 736 1458 videtur.

399 1487 518 1534 Quod
566 1500 801 1536 quamquam
842 1489 1017 1537 videtur,
1068 1494 1196 1526 tamen
1238 1501 1316 1526 non
1360 1491 1431 1527 est.
1497 1489 1595 1527 Noli
1636 1490 1739 1528 enim

296 1555 503 1603 oblivisci,
554 1556 730 1603 quamvis
773 1556 958 1594 Tiberius
999 1557 1160 1594 nomina
1198 1556 1269 1594 illa
1308 1556 1597 1605 repudiaverit,
1639 1561 1739 1596 teste

296 1621 437 1660 Tacito
474 1623 508 1660 ei
544 1625 584 1660 et
618 1635 641 1659 a
677 1627 815 1660 senatu
852 1623 986 1661 delata
1013 1628 1052 1661 et
1078 1636 1102 1661 a
1129 1624 1281 1672 populo
1310 1624 1594 1662 assentationis
1621 1635 1740 1663 causa

297 1690 455 1738 saepius
486 1702 570 1727 esse
600 1691 738 1729 indita.
787 1690 853 1727 An
881 1691 1107 1729 dubitamus
1127 1691 1340 1728 Manilium
1368 1691 1473 1728 inter
1499 1691 1604 1728 cives
1631 1691 1738 1741 prin-

298 1756 379 1806 cipi
407 1757 640 1795 adulaturos
668 1758 897 1797 numerare?
942 1758 1082 1806 Neque
1111 1758 1193 1796 ulla
1212 1769 1273 1796 res
1294 1758 1470 1807 impedit,
1499 1759 1592 1806 quin
1612 1771 1739 1797 mores

296 1823 449 1862 Tiberii
501 1837 685 1874 negemus
738 1826 863 1874 magis
908 1829 1025 1864 notos
1071 1826 1191 1863 fuisse
1238 1826 1408 1863 Manilio
1453 1825 1740 1864 Astronomica

295 1891 501 1930 incohanti
531 1904 645 1940 quam
668 1893 830 1931 Valerio
857 1892 1087 1941 Maximo,3)
1117 1905 1140 1930 a
1171 1905 1248 1941 quo
1277 1893 1345 1930 ille
1374 1893 1458 1930 sine
1483 1896 1589 1930 metu
1607 1893 1740 1942 „priu-

295 1971 386 2008 ceps
419 1962 612 2008 paterque
648 1962 807 1999 noster“
840 1963 1003 1999 vocatus
1039 1965 1109 1998 est.
1163 1960 1319 1998 Deinde
1357 1960 1486 2009 ipsum
1519 1961 1740 2010 accepimus

297 2026 500 2065 Tiberium
550 2028 690 2075 quinto
739 2028 894 2077 imperii
935 2041 1039 2066 anno
1082 2041 1302 2078 cognomen
1343 2028 1540 2078 principis
1580 2032 1626 2066 ut
1653 2021 1742 2066 *sibi

295 2094 544 2144 ingereretur
562 2096 801 2145 permisisse.
847 2097 988 2144 Itaque
1017 2097 1090 2144 fac,
1117 2109 1140 2134 a
1166 2101 1280 2146 patre
1311 2096 1468 2144 quidem
1495 2096 1662 2145 patriae,
1691 2107 1739 2134 ne

296 2166 507 2212 tantopere
536 2165 832 2213 commovearis,
861 2167 906 2202 ut
932 2162 1167 2212 Merkelio4)
1196 2175 1380 2201 assensus
1409 2163 1522 2200 illum
1549 2163 1596 2201 de
1623 2162 1741 2201 Octa-

296 2229 415 2268 viano
448 2231 723 2280 accipiendum
751 2232 973 2270 necessario
1003 2244 1086 2269 esse
1115 2232 1327 2270 existimes.
1362 2252 1411 2258 -—
1449 2229 1580 2277 Quid?
1635 2229 1742 2278 quod

296 2297 421 2335 eidem
457 2298 543 2335 viro
574 2298 707 2346 docto,
746 2298 777 2336 si
806 2302 927 2348 pocta
954 2300 1121 2337 alterum
1148 2299 1368 2348 principem
1395 2297 1594 2335 celebrare
1621 2297 1742 2334 versi-

296 2365 370 2401 bus
409 2366 611 2414 putandus
647 2366 711 2414 sit,
752 2378 800 2403 ne
834 2371 1069 2415 augustae
1107 2366 1263 2414 quidem
1297 2366 1404 2414 leges
1440 2364 1537 2402 satis
1571 2364 1742 2414 placent.

295 2432 487 2481 Augusti,
530 2434 673 2482 inquit,
713 2434 1024 2482 appellationem
1067 2446 1145 2471 non
1188 2433 1332 2470 dilexit
1368 2431 1596 2480 Tiberius.,5)
1650 2431 1742 2470 Hoc

294 2503 401 2537 recte
441 2500 689 2549 admonetur,
731 2512 856 2548 neque
897 2512 989 2538 vero
1027 2501 1110 2540 eius
1151 2499 1258 2538 modi
1294 2501 1366 2546 est,
1408 2511 1485 2546 quo
1519 2510 1542 2536 a
1578 2498 1741 2536 Tiberio
1779 2524 1782 2527 »

386 2663 411 2706 2)
438 2662 508 2700 Cfr.
532 2663 612 2698 Dio.
636 2663 690 2706 52,
722 2664 777 2698 41.
824 2664 878 2706 57,
910 2665 942 2698 8.
976 2682 1019 2688 -
1044 2661 1144 2698 Suet.
1170 2663 1250 2698 Tib.
1275 2663 1329 2698 26.
1353 2681 1397 2687 -
1422 2661 1487 2697 Ov.
1511 2661 1612 2696 Fast.
1636 2660 1663 2703 I,
1687 2661 1743 2696 6¹⁷.

298 2722 375 2756 714.
399 2722 476 2756 287.
501 2721 577 2755 701.
600 2720 665 2754 721
690 2719 774 2754 dux,
820 2717 848 2763 3)
874 2719 960 2754 Val.
985 2719 1084 2754 Max.
1110 2719 1190 2754 Tib.
1216 2719 1247 2762 5,
1273 2720 1305 2761 5,
1329 2719 1361 2753 3.
1408 2718 1435 2763 ⁴)
1459 2718 1569 2752 Merk.
1588 2716 1683 2752 Prol.
1705 2727 1742 2762 p.

295 2778 373 2813 403.
419 2777 448 2822 5)
475 2777 573 2812 Suet.
599 2776 680 2810 Tib.
707 2776 758 2810 17.
782 2775 836 2810 26.
