1910 3250
977 259 1253 298 -64-

388 380 565 418 homines
601 382 642 418 et
666 379 842 428 Augusti
876 390 973 416 aevo
1007 382 1047 416 et
1082 379 1154 416 sub
1181 377 1405 417 Neroniani
1440 380 1596 430 imperii
1628 381 1830 432 principio

389 451 483 497 post
515 447 667 485 finitum
705 447 876 484 siderum
903 446 1109 483 decursum
1135 457 1293 484 auream
1319 447 1428 485 illam
1455 453 1635 498 aetatem,
1668 453 1832 488 naturae

387 515 493 552 dona
520 515 756 563 largissima,
788 516 1020 563 perpetuam
1047 514 1271 551 mortalium
1297 526 1444 564 pacem,
1471 528 1622 555 morum
1649 517 1832 555 honesta-

388 588 479 631 tem,
514 582 684 630 denique
718 582 948 619 beatissima
983 581 1160 619 reditura
1195 582 1316 628 otiaf‘
1376 583 1601 633 Haec-pax
1637 584 1732 632 quin
1766 583 1832 622 ad-

387 650 551 698 venerit,
580 648 749 687 Ovidius
778 661 859 687 non
888 649 1058 698 dubitat,
1087 661 1172 686 cum
1200 650 1339 688 scribit
1365 651 1415 688 ad
1445 650 1737 689 Germanicum:

490 739 519 781 Ι,
565 739 626 774 6’1;
664 739 788 783 (Jane)
813 739 939 774 dexter
963 739 1050 773 ades
1075 739 1238 782 ducibus,
1261 750 1409 784 quorum
1433 750 1560 775 secura
1583 740 1708 776 labore

704 795 808 830 Otia
831 798 957 830 terra
979 795 1090 838 ferax,
1116 796 1211 830 otia
1237 798 1401 841 pontus
1425 797 1572 831 habet.

494 851 523 895 Ι,
546 853 628 888 281:
663 851 760 886 Pace
784 852 913 897 (inquit
928 852 1059 894 Janus)
1084 851 1178 887 fores
1204 852 1311 894 obdo,
1335 863 1378 886 ne
1403 863 1474 897 qua
1498 852 1682 888 discedere
1706 853 1834 898 possit,

702 908 955 953 Caesareoque
980 908 1041 942 diu
1064 909 1208 944 nomine
1233 909 1384 944 clusus
1410 919 1494 944 ero.

654 965 750 999 Pax
775 969 876 999 erat
900 967 938 1000 et
961 965 1080 1008 vestri,
1105 965 1330 1009 Germanice,
1355 976 1466 1000 eausa
1489 965 1678 1010 triumphi:

702 1021 920 1055 Tradiderat
943 1021 1097 1056 famulas
1122 1022 1192 1056 iam
1217 1021 1284 1056 tibi
1307 1022 1453 1056 Rhenus
1479 1031 1605 1066 aquas.

492 1077 520 1120 I,
545 1079 629 1114 ¹711:
664 1077 865 1112 Frondibus
891 1078 1056 1113 Actiacis
1082 1080 1247 1123 comptos
1272 1078 1441 1113 redimita
1465 1077 1616 1123 capillos

699 1134 797 1168 Pax
823 1133 910 1169 ades
935 1136 973 1168 et
996 1136 1074 1169 toto
1099 1135 1194 1170 mitis
1219 1135 1261 1169 in
1286 1135 1391 1169 orbe
1416 1145 1552 1170 mane.

653 1190 747 1225 Dum
772 1190 890 1225 desint
913 1191 1049 1234 hostes,
1074 1191 1168 1226 desit
1190 1201 1332 1236 quoque
1357 1200 1470 1225 causa
1492 1190 1682 1237 triumphi;

700 1247 757 1281 Tu
780 1247 931 1282 ducibus
954 1247 1049 1282 bello
1074 1248 1189 1292 gloria
1212 1248 1327 1282 maior
1350 1247 1431 1282 eris.

431 1303 461 1345 1,
484 1303 560 1344 701,
583 1303 622 1338 2:
659 1301 788 1337 Gratia
812 1303 867 1338 dis
892 1303 1082 1348 domuique
1107 1303 1220 1346 Tuae,
1243 1303 1444 1348 religata
1469 1303 1647 1338 catenis

698 1359 776 1394 Iam
800 1359 938 1404 pridem
962 1362 1081 1395 vestro
1107 1360 1173 1394 sub
1198 1360 1290 1405 pede
1316 1359 1438 1395 bella
1461 1359 1625 1396 iacent.

383 1443 524 1492 Neque
549 1443 755 1493 Manilius,
783 1444 861 1481 nisi
889 1445 930 1481 in
959 1444 1122 1483 eandem
1149 1444 1379 1493 opinionem
1406 1444 1668 1493 discessisset,
1695 1446 1765 1482 aut
1790 1444 1831 1482 in

385 1510 591 1559 prooemio
619 1512 840 1561 posuisset:

567 1595 667 1638 „Iam
692 1596 910 1640 propiusque
934 1595 1031 1631 favet
1054 1596 1206 1632 mundus
1231 1597 1476 1632 scrutantibus
1499 1596 1617 1642 ipsum

563 1653 613 1686 Et
637 1653 735 1697 cupit
759 1653 949 1687 aethereos
973 1664 1038 1698 per
1062 1654 1222 1688 carmina
1273 1653 1404 1688 andere
1431 1662 1574 1695 census,

563 1709 647 1744 Hoc
672 1709 749 1743 sub
772 1719 887 1754 pace
912 1710 1041 1744 vocat“
1234 1665 1269 1739 ἔ

383 1799 453 1833 aut
479 1795 521 1832 in
551 1794 629 1833 fine
655 1794 749 1832 libri
776 1794 818 1832 1:

565 1878 661 1923 „Sed
684 1878 774 1914 satis
797 1879 868 1914 hoc
890 1878 975 1913 fatis
1000 1878 1124 1922 fuerit;
1148 1878 1219 1912 iam
1242 1877 1367 1913 bella
1390 1879 1643 1923 quiescant.

562 1936 687 1980 Atque
713 1935 939 1970 adamanteis
963 1935 1144 1970 discordia
1168 1935 1289 1969 vincta
1313 1935 1496 1970 catenis

564 1992 736 2028 Alternas
759 1992 896 2027 habeat
918 1991 1035 2026 frenos
1059 1992 1102 2027 in
1128 2002 1315 2026 carcere
1341 1991 1541 2027 clausa“.

382 2073 520 2121 Atque
547 2072 666 2110 etiam
693 2084 742 2110 ex
767 2071 831 2110 his
859 2071 1044 2109 extremis
1070 2071 1251 2108 versibus
1280 2071 1502 2121 intellegeS,
1531 2057 1647 2120 quam
1673 2072 1830 2122 conspi-

384 2144 474 2179 rent
500 2153 582 2178 non
608 2140 725 2178 modo
755 2140 964 2178 sententiis
993 2139 1061 2176 sed
1089 2139 1206 2176 etiam
1233 2139 1296 2176 hie
1324 2139 1408 2176 illic
1435 2139 1564 2177 verbis
1593 2138 1830 2178 Ovidius.et

383 2208 592 2246 Manilius.
650 2207 738 2245 Pax
771 2211 912 2256 autem,
949 2218 1063 2255 quam
1097 2206 1312 2255 celebrant,
1347 2206 1415 2244 vix
1450 2206 1530 2244 alia
1563 2219 1648 2245 esse
1681 2207 1828 2256 potuit,
1878 2241 1889 2251 ,

387 2278 432 2314 ut
449 2276 667 2314 Merkelius
694 2276 811 2314 docte
840 2274 1029 2322 ostendit,
1061 2278 1179 2322 atque
1207 2273 1276 2311 illa
1301 2277 1395 2322 post
1419 2285 1591 2322 proavos
1619 2276 1778 2312 nostros
1804 2285 1828 2312 a

386 2342 620 2381 Germanico
649 2343 833 2380 domitos.
873 2342 1055 2390 Namque
1083 2341 1233 2378 nullum
1261 2345 1354 2379 tune
1379 2341 1500 2379 alium
1527 2341 1681 2380 hostem
1707 2341 1828 2380 fuisse

386 2410 548 2449 Tacitus
581 2412 753 2448 testatur
787 2411 828 2447 in
861 2409 1088 2447 Annalibus
1115 2409 1170 2457 ΙΙ,
1204 2410 1251 2447 26
1285 2412 1325 2446 et
1356 2409 1503 2446 bellum
1535 2421 1610 2458 pro
1645 2409 1827 2447 confecto

383 2482 588 2527 acceptum
615 2489 699 2515 esse
727 2477 873 2515 ibidem
901 2489 934 2518 c,
963 2480 1022 2515 41.
1062 2476 1169 2514 Ante
1197 2478 1360 2524 pacatos
1381 2475 1598 2514 Germanos
1623 2476 1691 2514 vix
1709 2488 1829 2515 unum

384 2559 531 2584 annum
558 2548 717 2584 constat
743 2545 864 2582 fuisse
891 2545 976 2582 sine
1004 2544 1117 2593 gravi
1143 2544 1262 2581 belle.
1305 2542 1507 2592 Sequitur,
1535 2545 1580 2581 ut
1598 2543 1828 2592 priusquam

385 2617 554 2653 exeunte
581 2625 685 2651 anno
714 2615 786 2652 '769
814 2623 939 2660 neque
961 2611 1130 2649 Ovidius
1158 2623 1284 2660 neque
1304 2611 1496 2649 Manilius
1523 2611 1565 2648 in
1593 2621 1701 2660 spem
1716 2611 1826 2660 pacis

386 2682 519 2720 venire
552 2685 622 2719 aut
649 2693 733 2719 eam
759 2684 804 2718 ut
830 2680 1080 2730 praesentem
1107 2678 1346 2716 carminibus
1374 2679 1582 2717 decantare
1608 2678 1824 2728 potuerint.

385 2749 562 2789 Primum
596 2749 721 2799 igitur
747 2747 959 2787 Fastorum
993 2748 1151 2795 librum,
1187 2759 1300 2796 quem
1331 2747 1490 2786 nomine
1519 2745 1702 2784 Caesaris
1730 2744 1826 2784 Ger-
