1930 3320
748 269 1030 310 -17-

154 396 314 446 melius,
349 406 466 444 quam
495 393 603 444 quod
631 392 828 431 Manilius
857 392 899 430 in
926 391 1005 431 fine
1033 390 1305 442 praefationis
1332 391 1384 430 ad
1415 389 1627 430 Caesarem

147 465 267 505 datae
296 463 494 503 exclamat
520 475 557 500 v.
589 465 680 501 114:

492 530 694 576 „Faveat
720 541 854 576 magno
880 529 1088 565 Fortuna
1111 528 1262 566 labori.“

147 604 292 654 Itaque
327 615 374 642 ea
408 601 499 652 ipsa
532 613 575 639 re
605 599 814 638 Tiberium
851 602 893 638 et
919 611 1020 649 eum,
1060 599 1127 648 qui
1157 598 1268 637 illius
1298 599 1423 637 cliens
1452 598 1627 645 videtur,

148 673 393 722 coniungere
423 671 455 710 si
482 671 562 710 tibi
590 671 738 721 placet,
774 670 852 708 iam
882 669 1054 719 quodam
1083 667 1203 707 modo
1233 667 1418 707 conicere
1439 671 1558 718 potes
1578 679 1626 706 eo

147 754 268 789 anno,
289 753 405 792 quem
423 741 487 779 bis
509 740 663 787 notavi,
683 739 871 778 carminis
895 737 1097 777 condendi
1115 737 1436 787 poetam-fecisse
1453 737 1627 776 initium.

148 811 312 851 Etenim
329 810 510 860 quamvis
528 810 611 848 illis
626 807 878 859 temporibus
895 807 1082 846 Fortuna
1096 809 1199 846 teste
1215 806 1355 845 Plinio
1373 805 1442 856 (N.
1458 805 1559 856 112,
1575 807 1626 856 7.)

154 881 264 932 apud
291 891 428 920 omnes
458 880 499 917 in
528 879 682 918 honore
711 877 851 916 divino
883 877 1005 915 fuerit
1034 888 1159 926 eaque
1189 877 1238 915 de
1267 888 1388 914 causa
1408 887 1528 927 saepe
1549 876 1629 915 iam

148 963 174 989 a
205 949 413 1000 prioribus
448 949 584 999 poetis
618 947 821 996 invocata,
859 953 990 984 tamen
1028 946 1223 996 templum
1252 946 1337 984 eius
1365 957 1505 985 recens
1534 958 1628 986 con·

151 1008 349 1058 secratum
383 1021 530 1068 poetae
566 1016 702 1055 iuveni
739 1029 860 1054 causa
898 1027 984 1055 esse
1018 1015 1169 1065 potuit,
1205 1017 1250 1054 ut
1277 1014 1458 1054 crebrius
1487 1011 1666 1066 exspe-''

148 1087 329 1126 ctatione
358 1086 525 1125 carmini
553 1086 651 1124 deae
679 1086 925 1124 mentionem
952 1085 1260 1133 interposuerit.

247 1155 392 1194 Nihilo
435 1155 566 1194 minus
607 1157 742 1194 tamen
786 1155 837 1193 ad
875 1154 1084 1193 Tiberium
1118 1156 1204 1192 tum
1240 1154 1396 1192 demum
1432 1154 1629 1193 honorem

146 1225 313 1274 patroni
355 1225 536 1274 legitime
578 1224 796 1262 transferre
838 1222 990 1272 licebit,
1034 1235 1120 1262 cum
1157 1223 1250 1261 aliis
1287 1223 1389 1262 locis
1425 1227 1628 1262 mortuum

147 1294 349 1333 scribente
391 1293 567 1332 Manilio
612 1294 736 1332 fuisse
771 1292 1040 1332 Octavianum
1081 1293 1202 1343 plane
1242 1304 1289 1331 ac
1329 1292 1493 1332 definite
1535 1305 1628 1331 eon-

148 1363 372 1402 firmavero.

673 1564 722 1610 G
738 1580 775 1609 a
790 1579 832 1622 p
849 1579 891 1607 u
906 1571 930 1609 t
975 1565 1102 1610 ΙΙΙ.

558 1669 628 1714 De
658 1667 913 1714 Octaviano
945 1668 1041 1712 iam
1072 1668 1213 1714 Divo.

259 1779 330 1819 Ad
377 1779 482 1818 hanc
527 1790 611 1818 rem
651 1778 1004 1817 demonstrandam
1047 1789 1308 1827 quaecunque
1350 1777 1497 1817 idonea
1537 1781 1633 1819 sunt

153 1849 262 1900 quod
309 1849 588 1887 subvehuntur
633 1859 653 1885 e
701 1851 875 1896 quatuor
920 1847 1034 1898 locis,
1082 1847 1122 1886 in
1173 1849 1320 1898 quibus
1364 1851 1405 1887 et
1445 1847 1630 1899 Scaliger

150 1929 396 1969 magnopere
443 1917 650 1955 offendens
696 1920 853 1955 tantum
893 1916 1012 1955 modo
1061 1918 1284 1956 sententias
1330 1918 1437 1958 inter
1483 1930 1523 1957 se
1567 1930 1628 1957 re-

153 1990 385 2038 pugnantes
414 1986 594 2037 dispexit
614 1997 742 2035 neque
763 1985 973 2023 Bentleius
994 1986 1158 2025 omnino
1180 1990 1307 2026 artem
1329 1988 1629 2039 interpretandi

150 2047 376 2095 exercuisse
404 2055 578 2104 videtur,
614 2058 658 2094 at
690 2055 762 2093 alii
799 2054 984 2106 plerique
1015 2055 1283 2095 Octavianum
1312 2058 1402 2096 orbi
1431 2062 1630 2097 terrarum

151 2124 416 2175 imperantem
457 2124 635 2174 reperire
679 2124 758 2162 sibi
799 2123 875 2161 visi
919 2128 1025 2174 suut,
1068 2147 1116 2154 -—
1157 2138 1203 2164 eo
1247 2126 1375 2165 lucem
1414 2127 1630 2177 plurimam

153 2193 317 2233 minima
347 2205 443 2232 sane
473 2193 558 2231 face
587 2192 773 2232 attulisse
802 2191 1002 2243 principis
1031 2196 1074 2232 et
1103 2195 1230 2233 solius
1250 2195 1504 2235 Lachmanni
1523 2195 1631 2246 est.¹)

152 2261 279 2302 Cuius
307 2275 395 2302 cum
424 2274 539 2301 nemo
570 2262 652 2300 fere
671 2262 947 2312 posteriorum
966 2262 1153 2312 vestigiis
1174 2264 1385 2314 institerit,
1413 2265 1630 2305 Manilium

150 2332 267 2382 quasi
301 2332 498 2371 iacturam
535 2331 676 2370 fecisse
714 2334 826 2368 ratus
862 2331 963 2369 nihil
1001 2332 1208 2382 antiquius
1243 2334 1388 2385 habeo,
1433 2347 1551 2385 quam
1586 2339 1631 2374 ut

153 2402 294 2441 summi
327 2401 406 2440 viri
442 2400 592 2440 iudicio
623 2400 746 2450 longe
776 2401 953 2439 omnium
982 2402 1357 2442 consideratissimo
1387 2405 1631 2455 dignitatem

150 2470 512 2520 auctoritatemque
541 2474 582 2509 et
609 2469 822 2508 restituam
850 2473 892 2507 et
918 2482 994 2519 pro
1024 2471 1181 2510 viribus
1210 2473 1308 2511 meis
1336 2487 1517 2525 augeam.

253 2538 463 2578 Proficisci
503 2543 636 2578 autem
671 2539 787 2577 lubet
822 2549 846 2576 a
882 2543 999 2588 parte
1036 2541 1286 2593 obscuriore,
1329 2555 1471 2594 nempe
1500 2544 1551 2582 ab
1580 2543 1631 2582 iis

152 2607 351 2658 versibus,
393 2607 540 2656 quibus
580 2612 704 2658 poeta
744 2607 859 2646 notia
905 2608 1022 2659 signa
1058 2611 1452 2661 septentrionalibus
1487 2613 1632 2664 peiora

153 2687 240 2716 esse
267 2679 393 2726 negat
434 2675 555 2726 idque
583 2676 642 2716 ita
669 2677 763 2717 inde
791 2689 816 2715 a
842 2677 876 2729 1,
906 2679 998 2718 384:

245 2818 274 2866 ²)
298 2818 373 2857 Cfr,
398 2830 525 2867 opusc.
548 2820 633 2858 min.
656 2821 687 2867 1,
711 2831 748 2869 p.
771 2823 922 2860 42-44.
