1930 3320
758 328 968 369 ..75-

295 437 405 480 Quod
421 436 545 472 solum
566 436 694 472 decuit
714 436 899 473 mortales
921 447 1034 473 nosse
1058 436 1259 473 metallum
1281 447 1290 474 :

292 489 402 526 Nulla
417 489 555 533 fames,
575 500 654 525 non
672 490 753 525 ulla
770 490 896 525 forent
907 489 1055 537 jejunia
1073 490 1183 526 terris
1201 501 1209 526 τ

291 543 402 579 Dives
421 544 503 579 erat
523 553 662 578 census
683 542 864 578 saturatis
885 543 1061 590 gentibus
1082 543 1165 579 orbi
1185 545 1213 579 ¹,

103 661 186 701 Nee
206 659 423 700 dissimilia
442 663 539 699 sunt
557 659 632 699 illa
652 659 703 699 de
723 659 826 700 luxu
849 672 858 699 ε

293 783 341 819 Ut
359 782 513 819 veniant
532 793 715 830 gemmae,
730 784 833 818 totus
854 782 1076 819 transibitur
1091 782 1193 819 orbis
1201 782 1298 819 ‘7

295 835 470 872 Luxuriae
489 847 642 884 quoque
661 835 798 872 militia
816 838 885 880 est,
906 836 1113 883 vigilatque
1128 835 1248 871 ruinis
1326 836 1328 839 '

294 890 446 933 Venter,
470 891 520 934 et,
541 890 584 924 ut
598 891 767 936 pereant,
790 889 985 936 suspirant
1008 900 1110 937 saepe
1131 890 1291 936 nepotes
1309 889 1337 926 ².

508 943 593 979 Jam
613 942 733 978 ventri
753 941 906 990 longius
926 941 1004 978 itur

296 996 420 1038 Quam
441 995 557 1031 modo
577 994 723 1031 militiae
745 1011 752 1032 :
776 995 1029 1031 Numidarum
1048 994 1246 1042 pascimur
1266 995 1356 1039 oris,

295 1049 480 1085 Phasidos
501 1051 539 1085 et
559 1048 670 1094 lucis;
694 1048 900 1084 arcessitur
920 1048 1010 1084 inde
1030 1048 1251 1093 macellum,

295 1102 400 1138 Unde
420 1104 558 1138 aurata
577 1112 676 1138 novo
698 1101 854 1138 devecta
872 1104 929 1137 est
949 1111 1104 1148 aequore
1126 1100 1236 1148 pellis
1251 1102 1279 1139 ³.

157 1230 232 1270 Cui
250 1243 335 1271 non
357 1232 594 1285 apparebit,
615 1232 710 1273 ideo
731 1232 848 1272 illam
870 1232 920 1272 de
942 1232 1130 1273 moribus
1154 1232 1366 1272 tristitiam
1391 1233 1608 1273 scribentis

105 1300 349 1348 conceptam
372 1297 513 1350 fuisse,
536 1301 583 1337 ut
603 1297 646 1337 in
668 1302 902 1338 extremum
921 1298 1174 1337 antithetum
1196 1298 1403 1338 sententia
1423 1298 1604 1348 caderet,

105 1373 189 1414 quo
219 1362 395 1414 poeticae
422 1363 559 1402 aurati
589 1363 754 1402 velleris
779 1363 984 1402 mentioni
1017 1363 1247 1402 domestica
1275 1362 1349 1402 illa
1376 1363 1609 1415 quotidiani

105 1426 335 1466 obsonatus
351 1427 489 1466 vilitas
506 1427 750 1480 opponitur.

157 1491 331 1539 Deinde,
359 1505 486 1545 quam
515 1492 695 1532 libenter
719 1491 762 1531 in
785 1492 950 1532 fabulas
970 1492 1034 1532 vel
1056 1492 1172 1533 brevi
1197 1493 1404 1533 allusione
1422 1493 1488 1533 vel
1514 1494 1608 1533 fusa

106 1556 349 1597 narratione
370 1557 616 1597 indicandas
642 1557 944 1609 digrederetur,
970 1559 1058 1610 Jam
1087 1562 1210 1598 antea
1236 1558 1334 1598 dixi.
1359 1560 1468 1598 Raro
1495 1559 1605 1598 enim

107 1621 263 1661 omittit
280 1621 515 1673 significare
539 1635 613 1662 cur
638 1635 757 1661 suum
781 1623 903 1662 astris
927 1635 1080 1662 nomen
1102 1623 1345 1675 impositum
1367 1624 1433 1672 sit,
1458 1636 1605 1676 quam-

107 1699 187 1739 que
206 1686 382 1726 deorum
403 1687 677 1727 hominumve
700 1687 915 1727 fortunam
943 1692 1016 1727 aut
1041 1688 1237 1727 virtutem
1267 1693 1469 1740 perpetuo
1491 1688 1608 1728 testi-

105 1751 247 1791 monio
276 1751 474 1792 declaret.
499 1752 603 1800 Quid
625 1756 766 1792 autem
788 1764 837 1792 ea
863 1752 915 1792 ad
942 1753 1244 1792 astronomiam
1266 1754 1480 1805 spectant?
1501 1754 1608 1801 Quid

103 1815 352 1857 Phaetontis
381 1821 453 1857 aut
481 1817 658 1858 Junonis
690 1817 846 1857 fabulae
879 1818 930 1857 ad
962 1818 1276 1869 intelligendam
1311 1818 1454 1858 circuli
1485 1818 1609 1858 lactei

103 1885 301 1922 naturam
320 1883 570 1922 conferunt?
592 1884 642 1922 Et
660 1895 736 1922 nos
760 1883 882 1923 docet
905 1887 1032 1935 poeta
1057 1884 1208 1935 quibus
1235 1884 1356 1923 astris
1380 1884 1609 1923 orientibus

105 1946 331 1987 Salmonea
355 1951 396 1987 et
426 1947 793 1999 Bellerophontem
821 1948 885 1988 vel
913 1948 1167 2000 Meleagrum
1197 1953 1318 1988 natos
1347 1961 1435 1989 esse
1462 1949 1606 1989 creda-

105 2023 198 2051 mus
227 2023 237 2052 :
265 2024 366 2051 num
395 2024 466 2052 eos
491 2012 534 2051 in
560 2012 811 2065 explicanda
837 2017 926 2052 arte
953 2026 1048 2066 quae
1074 2014 1295 2053 veritatem
1322 2015 1606 2066 profiteretur,

105 2075 278 2116 laudare
310 2076 477 2117 decuit?
508 2077 626 2116 Unde
660 2090 760 2117 vero
794 2090 844 2117 ea
875 2090 960 2118 non
993 2078 1174 2118 breviter
1205 2078 1414 2131 descripta
1443 2079 1606 2118 Andro-

105 2140 239 2181 medae
272 2144 314 2182 et
341 2142 514 2182 Perseos
542 2141 717 2181 fabula?
747 2143 839 2182 Non
871 2154 921 2182 ea
947 2142 1089 2182 omnia
1118 2142 1329 2182 rhetorica
1358 2147 1608 2183 ornamenta

105 2206 229 2246 sunt?

157 2272 219 2311 Ex
250 2270 436 2311 historiis
469 2275 608 2311 autem
640 2271 958 2324 praesertimque
991 2284 1129 2311 rerum
1159 2273 1445 2312 Romanarum
1477 2272 1608 2312 multa

103 2335 300 2377 Manilius
325 2337 367 2376 in
396 2349 502 2390 opus
531 2350 652 2377 suum
681 2337 869 2377 detorsit.
894 2338 990 2387 Sed,
1015 2342 1061 2376 ut
1089 2337 1133 2376 in
1163 2337 1324 2388 ceteris,
1352 2338 1411 2377 ita
1435 2337 1478 2376 in
1508 2337 1606 2378 affe-

104 2401 244 2442 rendis
274 2401 507 2442 illustribus
537 2402 602 2442 vel
631 2403 752 2443 factis
784 2403 849 2442 vel
882 2403 997 2453 viris,
1026 2402 1131 2442 nihil
1158 2402 1267 2442 inter
1296 2402 1409 2442 hunc
1437 2405 1606 2454 poetam

104 2478 260 2519 eosque
286 2467 476 2508 rhetores
501 2468 689 2518 interest,
713 2481 891 2520 quorum
921 2467 1036 2508 locos
1069 2469 1225 2508 Seneca
1254 2471 1376 2520 pater
1402 2467 1607 2520 plurimos

104 2532 359 2585 perscripsit.
388 2534 435 2572 In
465 2533 663 2573 suasoriis
689 2533 799 2573 enim
830 2533 1206 2586 controversiisque
1235 2545 1340 2586 quos
1369 2532 1606 2572 scholastici

102 2599 194 2636 tum
211 2596 450 2646 condidere,
470 2598 711 2638 notissimas
729 2600 1016 2639 Romanorum
1036 2598 1229 2639 victorias
1247 2602 1287 2638 et
1305 2598 1458 2648 clades,
1475 2597 1608 2636 humi-

106 2660 167 2701 les
191 2661 308 2701 urbis
334 2662 530 2715 origines„
553 2668 867 2717 crescentesque
893 2664 936 2704 in
959 2663 1209 2704 immensum
1231 2667 1393 2715 auctus,
1418 2662 1604 2703 Servium

149 2801 176 2833 1.
196 2801 304 2839 Man„
323 2802 479 2841 Astron..
495 2803 536 2840 V,
557 2804 630 2836 ΞΠ.

145 2848 178 2880 2.
200 2847 266 2885 Id.,
288 2848 386 2886 ibid„
404 2849 456 2887 lv,
479 2850 553 2890 397,
574 2851 646 2883 404.

146 2895 178 2928 3.
196 2895 262 2934 Id.,
283 2895 383 2934 ibid„
401 2896 442 2938 V,
461 2897 533 2929 375.
