1910 3250
745 252 1030 302 ...29ss

296 385 399 433 Iure
428 387 562 445 iyitm·
589 388 836 448 yenssc'torqzaece
847 388 998 446 *degon*
1012 392 1229 446 νεριρφῃζςε
1246 389 1448 443 vocatur,

296 459 399 502 Iure
428 473 570 515 capace
594 448 785 501 ἷῆιιηιίιιε
815 460 880 501 m'l
908 459 1004 501 Iove
1026 460 1165 501 „caius
1194 458 1328 502 habet.

302 528 368 570 Tu
399 542 560 584 quoque
592 542 685 569 cum
716 528 899 570 Patriae
929 533 1067 570 rector
1097 529 1244 570 dicare
1275 528 1488 584 Paterqzte

306 597 427 640 Utere
452 611 567 639 more
598 598 668 639 dei
691 609 839 639 nomen
866 596 1057 640 habentis
1086 598 1210 639 idem.

126 676 197 730 (ef.
229 676 312 722 Ov.
351 677 465 722 Fast.
498 677 539 719 ΙΙ
571 678 652 720 127
688 684 729 720 et
764 677 899 732 alibi).
962 677 1100 730 Quam
1134 692 1232 720 vero
1260 684 1427 734 gratum
1459 678 1655 734 Augusto

124 745 228 789 illud
267 760 418 789 nomen
449 745 587 800 fuerit,
627 752 828 804 appareat
867 746 964 789 inde
994 747 1106 804 quod
1144 747 1279 804 ipsum
1310 746 1362 789 ad
1391 746 1434 789 id
1465 753 1506 789 et
1536 746 1578 788 in
1607 761 1656 789 ea

125 817 323 869 oratione,
350 829 475 872 quam
503 815 629 857 habet
656 815 738 858 Dio
765 816 833 870 56,
863 816 901 870 9,
931 822 973 859 et
996 816 1039 858 in
1055 815 1314 859 Monumenti
1331 815 1549 873 Ancyrani
1573 815 1656 857 fine

125 883 314 926 videmus
344 899 600 941 provocare3
630 899 678 926 ac
709 884 900 926 Tiberius
927 885 969 927 in
1002 886 1186 928 oratione
1217 886 1381 928 funebri
1412 886 1586 942 dignum
1614 884 1656 926 id

125 959 256 1011 putat,
285 952 397 1010 quod
425 960 721 996 commemoret
744 953 851 1010 (Dio
878 954 948 1007 56,
980 955 1058 1007 41)
1091 954 1153 996 his
1179 955 1338 997 verbis:
1373 951 1460 996 διοέ
1491 958 1656 996 ταῦτα

126 1019 359 1072 εἰκότως
394 1021 489 1066 καὶ
526 1015 863 1079 προστάτην
901 1016 1088 1066 αὐτῶν
1127 1023 1219 1066 καὶ
1248 1022 1459 1080 πατέρα
1491 1021 1656 1080 δημό-

126 1103 248 1136 σιον
276 1085 657 1148 ἐποιήσασθε.
718 1091 877 1144 Quodsi
905 1092 1170 1136 adamaverat
1197 1093 1276 1137 hoc
1305 1108 1536 1150 cognomen
1567 1094 1659 1135 Au-

125 1170 284 1218 gustus,
316 1161 369 1205 de
398 1176 480 1219 quo
509 1176 634 1219 saepe
663 1177 687 1203 a
717 1161 849 1219 poetis
880 1161 1112 1216 adhibetur,
1143 1162 1334 1205 Tiberius
1362 1177 1460 1206 vero
1492 1163 1656 1220 publice

125 1230 372 1288 repudiavit,
402 1230 475 1272 vix
507 1237 568 1274 est
599 1231 796 1274 credibile
823 1231 1042 1273 Manilium
1071 1246 1119 1274 eo
1151 1231 1267 1274 illum
1295 1232 1521 1275 allocutum
1553 1247 1655 1277 esse.

126 1298 252 1352 Quod
271 1306 411 1342 autem
427 1299 464 1342 F
466 1300 575 1343 reier
596 1300 738 1342 statuit
758 1307 924 1358 poetam
946 1301 987 1342 in
1010 1300 1248 1343 universum
1271 1301 1476 1345 dicentem
1491 1301 1656 1359 petisse,

126 1375 174 1411 ut
202 1383 277 1426 per
303 1368 442 1412 omnia
471 1369 636 1412 saecula
666 1370 759 1412 talis
787 1370 829 1411 in
862 1370 993 1413 tutela
1026 1378 1133 1413 esset
1162 1370 1305 1412 civitas
1338 1385 1472 1428 neque
1503 1371 1544 1413 in
1572 1386 1657 1413 ma·
1710 1403 1715 1406 -

125 1437 246 1482 nibus
276 1452 434 1493 eorum,
466 1439 537 1496 qui
568 1454 697 1481 novas
727 1454 793 1482 res
822 1439 1080 1493 molirentur,
1108 1439 1181 1481 sed
1206 1454 1372 1497 semper
1394 1446 1658 1497 permaneret

125 1507 336 1550 saeculum
360 1508 615 1565 Augustum,
649 1508 691 1550 id
712 1508 972 1551 artificiosius
993 1508 1208 1551 inventum
1235 1509 1509 1566 subtiliusque
1530 1524 1656 1567 quam

126 1576 265 1619 verius
293 1577 450 1620 dictum
477 1585 578 1635 puto
609 1593 692 1620 non
723 1578 925 1621 dissidens
955 1579 1008 1620 ab
1035 1579 1124 1635 ipso
1148 1579 1270 1620 huius
1297 1579 1532 1621 subtilitatis
1563 1594 1657 1621 auc-

127 1651 216 1689 tore
245 1646 319 1702 (ef.
350 1647 423 1692 Fr.
454 1662 495 1704 p.
529 1648 619 1703 24).
663 1646 801 1699 Quam
832 1648 885 1690 ad
915 1648 1295 1705 interpretationem
1328 1663 1377 1690 ea
1398 1649 1658 1706 potissimum

125 1730 172 1759 re
202 1715 265 1758 vir
296 1715 440 1759 doctus
470 1716 635 1759 videtur
664 1724 894 1760 commotus
919 1732 1021 1770 esse,
1059 1717 1171 1775 quod
1204 1734 1241 1761 v,
1272 1717 1356 1760 925
1388 1727 1508 1775 poeta
1538 1718 1658 1760 tertia

125 1799 302 1843 persona
331 1786 473 1831 utitur.
533 1786 659 1830 Putat
689 1787 812 1841 enim,
844 1787 878 1828 si
902 1787 1122 1843 Augustus
1154 1793 1240 1829 tum
1266 1787 1450 1841 vixisset,
1483 1787 1657 1830 alteram

127 1869 346 1912 personam
377 1855 654 1899 adhibendam
685 1856 811 1899 fuisse
833 1856 887 1899 ad
911 1856 1207 1913 alloquendum
1239 1857 1480 1914 principem,
1512 1858 1658 1900 carmi-

125 1923 188 1966 nis
214 1930 447 1982 patronum.
505 1925 596 1969 Nee
628 1941 725 1969 vero
754 1926 882 1968 ullam
915 1925 1056 1969 videre
1086 1926 1205 1969 valeo
1235 1927 1534 1971 necessitatem.
1591 1927 1658 1970 Ne

128 1993 230 2036 mihi
247 1994 357 2036 enim
380 1994 581 2052 neglegas
603 1995 723 2038 tertia
744 2010 920 2053 persona
940 2001 1062 2038 antea
1078 1995 1159 2038 iam
1181 2010 1275 2038 eum
1297 2011 1417 2038 usum
1439 2011 1539 2050 esse,
1564 2012 1658 2039 cum

127 2062 180 2106 de
209 2063 406 2120 Augusto
435 2071 591 2121 ageret,
623 2081 662 2109 v.
696 2065 780 2109 385
811 2065 994 2122 itemque
1023 2081 1063 2109 v,
1085 2065 1183 2109 914.
1215 2065 1365 2122 Itaque
1390 2080 1466 2123 per
1482 2065 1656 2108 eandem

7 2134 9 2139 ’
62 2147 65 2149 ·
126 2147 347 2190 personam
367 2134 562 2191 persequi
594 2149 688 2177 eum
720 2134 902 2192 potuisse
932 2149 1054 2178 nemo
1076 2135 1259 2191 negabit.
1303 2135 1447 2192 Atque
1468 2136 1592 2177 etiam
1624 2136 1658 2177 si

65 2214 69 2219 ·
128 2202 220 2260 quis
240 2217 334 2245 cum
352 2203 387 2245 F
389 2203 500 2246 eiero
520 2205 780 2248 consentiens
797 2204 953 2248 Tiberii
976 2211 1111 2248 aetate
1132 2205 1406 2248 astronomica
1422 2211 1512 2247 orta
1526 2212 1657 2262 putet,

127 2271 353 2315 rectissime
387 2280 580 2317 monetur
614 2289 639 2316 a
678 2273 871 2317 Lansone
908 2290 950 2332 p.
994 2275 1047 2317 15
1086 2274 1306 2317 nonnullos
1342 2274 1450 2317 locos
1486 2282 1656 2328 restare,

61 2362 65 2367 ·
130 2340 278 2398 quibus
298 2349 412 2385 vates
434 2343 553 2386 tertia
574 2359 751 2402 persona
781 2359 877 2386 usus
900 2359 1043 2387 versus
1071 2344 1194 2386 faciat
1223 2343 1275 2387 de
1296 2351 1483 2402 patrono,
1515 2345 1549 2386 si
1571 2360 1658 2388 om-

54 2420 61 2431 ·“
129 2411 228 2455 nino
247 2411 327 2455 hoe
348 2412 474 2456 verbo
495 2413 555 2455 uti
578 2413 693 2468 licet3
724 2414 876 2457 etenim
900 2414 1203 2457 astronomicon
1226 2413 1322 2456 libri
1348 2429 1461 2468 num,
1491 2423 1536 2456 ut
1557 2429 1658 2457 non-

87 2491 91 2494 ·
129 2480 233 2524 nulli
258 2480 492 2538 opinantur,
524 2483 690 2541 proprie
722 2483 899 2526 dedicati
930 2483 1107 2541 principi
1134 2483 1188 2526 ad
1211 2498 1391 2541 eumque
1421 2484 1533 2526 missi
1563 2484 1657 2539 sint,

57 2585 66 2590 .
115 2550 314 2594 nesciens
353 2551 490 2609 quoad
523 2553 799 2596 recentiorum
838 2568 961 2596 nemo
993 2553 1046 2596 de
1082 2553 1282 2596 librorum
1321 2553 1433 2611 apud
1468 2554 1658 2611 antiquos

56 2646 66 2671 4
131 2618 452 2664 dedicandorum
468 2636 583 2665 more
610 2622 739 2664 fusius
761 2622 860 2679 egit,
884 2637 961 2665 nec
987 2637 1143 2679 negare
1172 2637 1250 2665 nec
1275 2622 1484 2665 affirmare
1511 2624 1657 2667 ausim.

268 2701 394 2746 Nunc
432 2702 626 2760 quoniam
675 2704 773 2746 satis
812 2705 1032 2762 probatum
1082 2704 1281 2762 intellego
1321 2705 1374 2747 ad
1416 2705 1658 2761 Augustum

132 2784 175 2816 v,
211 2770 297 2832 925
337 2772 558 2829 pertinere,
610 2788 742 2831 pauca
782 2773 974 2818 addenda
1009 2781 1106 2817 sunt
1147 2774 1199 2817 de
1248 2789 1371 2817 versu
1412 2774 1656 2831 insequenti,

133 2839 205 2896 qui
233 2845 295 2883 est
324 2841 433 2884 inter
461 2841 725 2886 difficillimos
763 2843 900 2900 deque
940 2843 1027 2887 eius
1065 2858 1201 2898 sensu,
1243 2844 1434 2901 quamvis
1466 2842 1585 2886 multi
1615 2843 1656 2888 in

134 2921 183 2953 eo
211 2910 467 2957 enucleando
496 2911 697 2969 sudarint,
728 2912 864 2956 adhue
890 2913 1152 2971 ambigimus.
