1910 3250
506 2 507 10 ¹
594 27 595 31 Ἰ
609 0 1658 39 {stsrt'aewfflffw-ivwwe⁷wsszWWRWUWWWWV‘
1677 20 1694 32 ι.
1713 23 1730 31 .-

590 34 592 40 Ι
662 30 683 39 ,μ
799 34 826 36 1,
873 31 905 37 ,.
1004 33 1007 36 ,
1058 31 1099 48 »,..·,
1139 31 1147 34 -
1291 29 1373 38 ¹
1407 31 1431 34 ⁴¹
1467 32 1486 43 χῑ
1533 30 1549 46 ··,
1619 30 1747 47 4·’“>’,,’,
1782 33 1803 42 ο·

925 273 1199 311 -23-

440 392 501 430 At
526 392 781 430 Lachmanno
812 391 974 440 eiusque
1001 392 1136 430 amicis
1165 393 1214 430 ab
1242 394 1322 432 alia
1346 399 1460 443 parte
1487 395 1587 433 nihil
1615 396 1778 446 impedi-

340 465 469 498 mento
498 464 570 506 est,
601 460 809 506 quominus
838 460 1124 498 subveniamus.
1179 460 1246 499 Sic
1273 462 1375 499 enim
1402 463 1634 501 ratiocinari
1662 465 1778 502 nobis

340 528 450 564 licet:
486 527 519 564 si
554 530 717 574 quartus
753 538 908 575 quoque
944 527 1058 575 liber,
1093 528 1159 565 ubi
1194 533 1394 577 postrema
1420 529 1595 579 Augusti
1630 531 1777 570 mentio

339 596 482 642 exstat,
515 594 606 631 huic
640 594 813 643 principi
848 595 1052 632 dedicatus
1081 595 1168 644 fuit,
1202 596 1243 632 in
1271 596 1347 634 1100
1375 599 1505 635 autem
1533 598 1778 645 quorundam

327 662 573 710 (aequalium,
614 666 658 699 ut
693 666 1000 700 consentaneum
1033 666 1104 711 est,
1145 663 1319 701 themata
1356 665 1620 714 reperiuntur,
1661 665 1778 704 Octa-

339 730 445 767 viani
480 741 636 778 quoque
663 729 805 775 thema,
843 730 948 777 quod
978 730 1133 778 quidem
1160 731 1245 780 ipse
1274 731 1538 780 maximopere
1567 731 1778 781 adamavit,

339 809 409 834 suo
438 797 526 834 loco
556 796 742 843 habetur3
771 797 804 833 si
832 809 913 834 non
939 797 1118 846 habetur,
1146 810 1391 846 consequens
1423 801 1494 847 est,
1522 801 1567 836 ut
1587 799 1654 836 ille
1674 799 1778 838 liber

339 863 560 902 Octaviano
599 864 675 901 iam
711 876 790 901 non
825 864 996 902 donatus
1026 865 1098 912 sit,
1133 866 1243 903 cuius
1270 866 1329 903 rei
1358 867 1391 903 si
1419 877 1536 903 causa
1565 867 1778 916 quaeritur,

338 943 384 969 ea
419 932 592 969 omnium
626 931 810 969 facillime
846 944 868 968 a
903 935 1044 969 natura
1078 933 1217 979 oritur,
1253 945 1367 982 quam
1396 945 1516 983 supra
1543 933 1779 983 aperuimus,

337 1011 422 1037 cum
463 999 681 1037 diceremus
723 999 980 1048 aggrediente
1023 999 1072 1036 ad
1114 1012 1267 1038 carmen
1318 1001 1567 1038 scribendum
1607 1001 1778 1039 Manilio

337 1067 565 1115 Augustum
600 1067 676 1104 iam
709 1066 905 1104 Divorum
945 1066 1094 1104 socium
1135 1067 1195 1104 vel
1236 1069 1371 1116 potius
1411 1072 1612 1106 auctorem
1645 1068 1778 1108 fuisse.

335 1135 478 1182 Itaque
522 1146 608 1172 cum
646 1134 754 1184 1111110
796 1133 1032 1182 Capricorni
1074 1134 1189 1183 signo
1231 1138 1366 1173 natum
1407 1136 1527 1174 fuisse
1554 1135 1778 1174 'Suetonius
1805 1177 1816 1188 ,

338 1201 443 1250 (Oct.
486 1214 517 1239 0.
553 1202 619 1250 94)
655 1202 696 1238 in
728 1202 854 1239 altera
888 1202 971 1239 vita
1005 1204 1173 1239 testetur
1207 1206 1246 1239 et
1279 1206 1400 1251 poeta
1433 1203 1522 1252 ipse
1549 1203 1626 1241 hoc
1651 1214 1778 1249 versu,

339 1270 405 1318 qui
435 1274 494 1307 est
523 1269 577 1317 II,
605 1271 690 1316 508,
719 1270 809 1307 509:

1025 1341 1142 1384 „Quid
1167 1342 1258 1376 enim
1285 1342 1471 1377 mirabitur
1493 1343 1552 1378 ille

584 1398 712 1439 Maius,
738 1398 773 1432 in
799 1398 995 1443 Augusti
1020 1398 1104 1432 felix
1131 1408 1209 1432 cum
1234 1398 1369 1432 fulserit
1393 1399 1554 1438 ortum3“

337 1493 376 1499 —-
412 1476 456 1509 ut
485 1471 730 1521 Capricorno
760 1472 823 1509 vel
852 1472 1047 1510 sideribus
1077 1484 1163 1509 eum
1190 1484 1235 1509 eo
1264 1471 1536 1517 coorientibus
1563 1473 1661 1510 tales
1687 1484 1778 1522 par-

337 1543 400 1577 tus
433 1539 717 1588 attribuantur,
753 1539 937 1588 qualibus
973 1539 1164 1588 quaedam
1197 1551 1283 1577 eum
1312 1539 1533 1578 Octaviano
1563 1540 1617 1579 sit
1643 1539 1777 1578 simili-

338 1607 447 1655 tudo,
477 1607 564 1655 quis
593 1611 664 1655 est,
694 1607 788 1655 quin
816 1606 1018 1656 postulet?
1071 1606 1202 1654 Atqui
1230 1606 1330 1643 nihil
1358 1607 1551 1645 eiusmodi
1578 1607 1778 1646 invenitur

334 1675 648 1712 Astronomicon
690 1686 815 1722 neque
857 1675 898 1711 in
941 1676 1081 1722 quarto
1124 1674 1355 1723 (243—258)
1397 1686 1522 1722 neque
1561 1675 1602 1712 111
1637 1675 1776 1724 quinto

337 1742 581 1791 (396—449).
634 1742 702 1780 Au
730 1747 847 1792 putas
876 1741 1094 1791 principem
1122 1741 1269 1779 versari
1298 1742 1401 1779 iuter
1427 1742 1575 1791 fabros,
1609 1742 1778 1781 ferarum

337 1811 568 1859 domitores,
615 1810 848 1859 piscatores,
896 1810 1110 1858 carnifices,
1150 1810 1386 1858 urinatores,
1427 1820 1564 1847 eorum
1603 1809 1777 1849 similes?

335 1877 476 1926 Neque
512 1890 558 1916 ea
592 1878 633 1915 in
662 1890 702 1915 re
731 1878 814 1916 ulla
840 1879 902 1916 est
928 1877 1146 1915 auctoritas
1173 1876 1371 1924 Merkelii,
1408 1876 1475 1924 qui
1501 1880 1668 1926 propter
1695 1877 1778 1915 the-

338 1948 442 1984 mata
462 1945 616 1983 Tiberii
644 1950 682 1983 et
709 1948 852 1995 poetae
881 1946 1006 1994 ipsius
1034 1956 1162 1982 mores
1181 1944 1359 1992 Augusti
1380 1955 1535 1992 quoque
1555 1944 1777 1994 descriptos

338 2026 377 2052 se
406 2014 552 2051 vidisse
572 2013 752 2050 affirmat.
792 2013 995 2051 Videlicet
1013 2013 1046 2050 is
1065 2024 1151 2050 cum
1172 2011 1434 2049 Octavianum
1452 2023 1582 2050 mense
1602 2011 1779 2062 Septem-

337 2082 399 2119 bri
434 2082 599 2130 primam
633 2081 758 2118 lucem
789 2080 1019 2129 adspexisse
1047 2079 1153 2129 apud
1182 2078 1416 2117 Suetonium
1442 2078 1618 2128 legisset,
1652 2091 1778 2118 emen-

336 2149 469 2187 datam
497 2161 520 2186 a
541 2148 709 2187 Caesare
737 2151 958 2197 temporum
985 2147 1179 2186 rationem
1206 2158 1345 2196 parum
1363 2150 1544 2184 accurate
1563 2147 1777 2196 respiciens

335 2216 484 2254 Librae
512 2221 650 2266 partus
678 2227 764 2253 cum
795 2215 1031 2264 Capricorni
1058 2214 1308 2264 permutavit.
1338 2235 1384 2241 -
1412 2213 1616 2262 Nusquam
1643 2214 1779 2263 igitur,

337 2289 381 2322 ut
415 2285 491 2322 1100
526 2285 670 2322 iterum
696 2283 836 2332 dicam,
873 2294 949 2332 quo
978 2283 1094 2320 modo
1122 2282 1300 2331 Augusti
1329 2293 1414 2320 sors
1443 2293 1462 2318 e
1491 2282 1687 2319 sideribus
1713 2281 1778 2319 de-

336 2351 539 2400 penderet,
567 2351 879 2388 demonstratum
907 2354 966 2388 est
994 2350 1035 2387 111
1062 2349 1370 2389 Astronomicis.

437 2418 562 2467 Ergo.
579 2417 766 2465 quoniam
793 2417 903 2454 nullo
924 2417 1040 2455 modo
1062 2417 1172 2455 illius
1192 2417 1359 2465 gratiam
1380 2415 1598 2464 quaesitam
1617 2429 1640 2454 a
1657 2418 1780 2465 poeta

336 2497 420 2523 esse
453 2489 634 2534 apparet,
668 2496 715 2522 ne
750 2488 925 2522 extremo
963 2484 1121 2532 quidem
1154 2484 1243 2521 loco
1271 2484 1398 2521 facere
1426 2495 1647 2532 possumus,
1683 2483 1778 2532 quin

339 2552 600 2591 Octavianum
640 2552 823 2589 carminis
863 2554 1075 2600 patronum
1114 2563 1198 2589 esse
1233 2552 1413 2600 potuisse
1449 2563 1643 2600 negemus.
1705 2548 1783 2589 Sin‘

337 2626 467 2658 autem
488 2619 730 2658 Octavianus
760 2631 839 2656 non
868 2620 955 2667 fuit,
989 2619 1064 2657 fuit
1091 2620 1271 2668 profecto
1301 2619 1347 2667 is,
1377 2619 1444 2666 qui
1472 2619 1534 2656 illi
1553 2619 1592 2656 in
1612 2618 1778 2668 imperio

337 2687 537 2724 successit.
591 2687 761 2735 Etenim,
795 2690 839 2725 ut
865 2687 940 2724 iam
969 2686 1009 2723 in
1038 2687 1112 2724 fine
1141 2687 1304 2724 alterius
1333 2686 1475 2735 capitis
1504 2686 1634 2735 posui,
1663 2695 1777 2734 quae-

336 2765 488 2803 eunque
523 2754 572 2792 de
607 2754 835 2794 hominibus
871 2755 1066 2803 rebusque
1098 2754 1148 2792 ab
1184 2753 1234 2791 iis
1267 2754 1392 2803 gestis
1426 2753 1532 2804 apud
1566 2752 1778 2791 Manilium
