1936 3392
166 418 340 472 damque
373 415 542 457 occultis
576 415 843 457 meditantem

166 510 350 538 murmur
381 495 423 537 in
457 494 597 537 antris.

226 573 318 624 III,
343 574 426 615 48:
484 572 650 615 Moenia
673 572 841 624 mundi;

163 652 271 694 idem
305 652 350 704 I,
386 655 489 694 486.

225 731 307 783 III,
330 733 414 774 276
433 749 440 773 :
476 732 627 774 Animo
645 745 844 786 cognosce

162 810 321 866 sagaci,
346 825 398 852 ne
423 825 568 865 magna
590 810 634 851 in
652 808 844 852 brevibus

159 895 328 946 pereant
346 889 588 946 compendia
611 888 733 930 dictis
745 906 756 940 ς
776 887 841 940 Π,

163 969 249 1012 788
275 968 383 1024 Ergo
406 983 502 1023 age,
529 968 743 1010 noscendis
761 968 846 1009 ani-

161 1062 274 1090 mum
315 1063 512 1104 compone
545 1062 754 1103 sagacem3
780 1072 839 1078 —

158 1130 202 1169 et
235 1125 350 1169 alibi.

195 1205 312 1258 111,
351 1208 462 1248 652:
513 1205 618 1248 Tum
661 1207 839 1263 primum

158 1286 296 1342 (verno
328 1288 526 1343 tempore)
560 1287 652 1328 miti
670 1285 839 1342 pelagus

157 1367 434 1407 consternitur
466 1365 596 1416 unda,
634 1371 674 1407 et
707 1366 838 1407 varios

157 1444 283 1486 audet
324 1443 440 1486 fiores
479 1445 666 1486 emittere
699 1443 836 1495 tellus.

156 1522 270 1565 Tunc
310 1524 508 1580 pecudum
544 1523 840 1579 volucrumque

154 1615 285 1657 genus
333 1618 405 1659 per
452 1602 601 1659 pabula
636 1603 756 1645 laeta
793 1604 835 1645 in

103 1732 105 1734 Ι
152 1675 353 1723 Venerem
375 1688 621 1738 partumque
646 1683 752 1733 ruit,
777 1678 835 1724 to-

151 1764 320 1816 tumque
368 1775 515 1802 canora
563 1776 659 1803 voce
691 1776 835 1803 nemus

148 1839 360 1895 loquitur,
385 1841 650 1896 frondemque
668 1841 833 1883 virescit

151 1919 193 1960 in
217 1933 391 1960 omnem.
443 1918 591 1962 Vernis
608 1921 651 1962 in
671 1925 831 1963 tantum

151 1998 279 2051 signis
311 2003 456 2040 natura
487 2004 684 2040 movetur.

855 286 908 324 55

907 414 1011 465 solo,
1049 415 1162 456 iuvat
1197 415 1382 469 integros
1406 414 1594 456 accedere

913 493 1050 535 fontis.
1430 478 1438 488 ’

971 571 1015 623 Ι,
1053 573 1132 615 73:
1188 571 1354 613 Moenia
1386 572 1530 614 mundi
1550 589 1562 622 ;

912 654 1029 693 1102
1063 655 1104 693 et
1137 649 1252 692 alibi,

972 730 1040 780 IL,
1094 733 1205 772 840:

908 824 1149 865 cognoscere
1167 824 1283 865 posse
1301 824 1501 864 sagacem3
1514 808 1590 861 IV,

910 890 1021 930 912:
1046 894 1092 930 tu
1116 888 1219 930 mihi
1242 888 1293 930 da
1314 890 1450 930 tenuis
1474 903 1591 932 aures

1261 730 1360 772 haec
1409 730 1592 772 animum

906 968 1171 1022 animumque
1194 982 1404 1022 sagacem,
1429 983 1481 1010 ne
1504 968 1591 1010 fieri

906 1048 1063 1103 negites
1098 1062 1200 1102 quae
1234 1047 1368 1089 dicam
1395 1062 1527 1104 posse.

968 1206 1011 1257 Ι,
1049 1209 1099 1247 6:
1150 1206 1207 1248 Te
1225 1204 1473 1262 (Venerem),
1500 1207 1588 1258 dea,

903 1290 944 1327 te
988 1286 1155 1342 fugiunt
1197 1286 1336 1335 venti,
1371 1290 1412 1328 te
1447 1285 1589 1329 nubila

902 1365 1002 1407 caeli
1025 1365 1328 1421 adventumque
1350 1370 1484 1418 tuum,
1508 1365 1587 1408 tibi

901 1445 1036 1487 suavis
1049 1444 1218 1486 daedala
1229 1444 1353 1487 tellus
1364 1446 1587 1487 summittit

905 1524 1044 1575 flores,
1101 1522 1178 1565 tibi
1226 1523 1362 1566 rident
1411 1540 1588 1580 aequora

900 1604 1017 1660 ponti
1051 1602 1338 1659 placatumque
1372 1604 1479 1645 nitet
1513 1604 1587 1647 dif-

902 1683 990 1724 fuso
1039 1682 1195 1725 lumine
1238 1683 1410 1725 caelum.
1477 1683 1581 1725 Nam

899 1762 1021 1804 simul
1070 1777 1116 1804 ac
1154 1763 1308 1819 species
1341 1763 1583 1819 patefactast

898 1856 1019 1883 verna
1063 1842 1144 1884 diei
1190 1847 1232 1884 et
1263 1846 1438 1884 reserata
1470 1844 1583 1898 viget

899 1920 1135 1977 genitabilis
1154 1937 1251 1963 aura
1269 1922 1432 1974 favoni,
1452 1923 1582 1964 aeriae

897 2001 1075 2056 primum
1123 1996 1307 2043 volucres
1356 2005 1421 2053 te,
1457 2002 1579 2054 diva,

893 2086 1095 2136 tuumque
1143 2081 1379 2137 significant
1427 2082 1579 2124 initum

894 2159 1105 2216 perculsae
1139 2160 1259 2202 corde
1292 2165 1365 2203 tua
1387 2162 1441 2202 vi.
1475 2159 1579 2204 Inde

891 2239 997 2281 ferae
1036 2239 1213 2296 pecudes
1246 2239 1478 2296 persultant
1509 2256 1578 2297 pa-

890 2317 989 2381 bula
1021 2317 1130 2360 laeta
1162 2322 1203 2360 et
1225 2318 1390 2375 rapidos
1412 2323 1580 2363 tranant

890 2398 1045 2440 amnis:
1096 2399 1155 2440 ita
1204 2403 1323 2456 capta
1365 2398 1503 2455 lepore
1536 2404 1578 2442 te

889 2478 1077 2534 sequitur
1099 2478 1247 2535 cupide
1267 2493 1350 2535 quo
1368 2493 1576 2535 quamque

889 2556 1082 2599 inducere
1104 2558 1254 2614 pergis.
1296 2557 1487 2614 Denique
1503 2574 1577 2616 per

889 2636 1017 2678 maria
1067 2651 1112 2678 ac
1159 2637 1312 2678 montis
1345 2636 1574 2693 fluviosque

887 2716 1044 2772 rapacis
1075 2716 1398 2773 frondiferasque
1433 2717 1573 2760 domos

829 2799 831 2802 ⁴
888 2795 1025 2837 avium
1042 2811 1289 2852 camposque
1306 2797 1478 2839 virentis
1491 2812 1572 2839 om-

887 2873 1010 2916 nibus
1043 2875 1248 2916 incutiens
1281 2874 1478 2918 blandum
1500 2891 1572 2932 per
