1930 3320
915 238 1189 277 -15-

319 360 436 409 elisa,
468 371 551 412 qua
580 358 632 399 de
664 373 709 399 re
741 359 937 400 conferas
970 361 1180 415 exempla,
1212 375 1320 415 quae
1355 363 1525 417 collegit
1542 363 1791 420 M.Haupt

318 427 362 467 in
394 425 750 467 Observatiouibus
779 425 932 467 criticis
948 426 994 480 1).
1054 427 1255 469 Ceterum
1285 443 1378 471 raro
1407 430 1607 472 Manilius
1630 431 1790 475 elidere

321 492 550 549 spondiaca
595 496 662 534 est
704 507 863 542 ausus;
893 493 1127 544 ,eliduntur
1170 496 1296 538 haec:
1340 497 1361 538 Ι
1394 500 1466 538 171
1509 501 1651 540 eontra
1688 500 1790 541 actis

320 560 459 615 (codd.
490 560 737 615 contractis),
771 562 850 602 285
871 574 962 603 vero
991 575 1011 603 e
1040 563 1178 614 solido,
1210 565 1290 605 332
1312 566 1388 606 toto
1417 569 1621 619 urqeutem
1650 567 1790 621 (codd.

320 628 544 680 iuqeutem,
582 627 672 668 cod.
706 626 745 668 G
774 627 949 682 umens),
995 630 1074 671 369
1105 643 1196 683 erqo
1232 633 1428 683 aeternis,
1469 633 1512 673 II
1544 636 1623 675 747
1654 635 1792 678 stellae

317 696 364 736 iu
390 695 506 747 fiaes,
537 696 617 736 826
645 707 770 746 aeque
800 694 862 750 (at
893 696 1011 739 codd.
1043 698 1180 752 atque)
1211 698 1303 751 illi,
1351 699 1416 740 III
1448 702 1527 742 336
1567 715 1657 756 erqo
1685 703 1791 756 ipsa,

320 765 400 805 676
438 776 530 815 erqo
566 763 614 803 in
650 763 837 814 tropicis,
885 764 950 806 IV
988 768 1068 806 445
1104 766 1171 807 illi
1206 779 1254 807 ac
1289 767 1441 810 decima
1477 771 1550 819 est,
1601 771 1678 812 831
1712 784 1794 813 sese

319 832 414 883 ipse,
446 832 526 873 923
550 843 684 883 parvo
712 831 760 871 iu
788 844 960 883 corpore,
991 832 1031 873 V
1065 834 1142 874 198
1173 845 1255 875 3636
1284 835 1466 888 emerqit,
1508 838 1588 878 206
1618 851 1710 879 vero
1745 839 1793 880 iu

318 901 461 949 vastos,
493 900 573 939 477
594 898 700 940 vitae
731 897 871 953 (codd.
891 898 995 954 vita)
1026 899 1207 951 ostendit,
1239 903 1320 942 656
1341 915 1360 943 6
1381 915 1526 953 pertua
1552 906 1590 945 et
1614 906 1795 957 penderis

320 967 378 1021 (G
396 966 428 1008 O
446 967 482 1008 L
511 967 569 1008 Et
592 979 748 1019 peueva
777 970 833 1016 et;
862 967 921 1012 V2
943 967 1002 1010 Et
1018 981 1120 1020 pene
1138 971 1238 1020 vaet,
1267 970 1322 1015 V1
1349 971 1390 1011 c&
1407 984 1507 1023 pene
1527 1004 1645 1016 .....
1667 975 1718 1027 ὥ,
1748 975 1793 1017 M

320 1039 363 1077 et
392 1035 449 1080 V1
485 1035 528 1076 in
558 1035 749 1090 margine
779 1035 1033 1087 Appennina
1055 1037 1231 1090 petens).

432 1112 606 1155 Elisio
639 1117 687 1155 et
716 1113 766 1154 in
795 1114 957 1170 prima
999 1119 1049 1157 et
1078 1116 1130 1157 in
1159 1116 1350 1158 ultima
1379 1131 1558 1160 versus
1590 1119 1794 1175 syllaba

319 1181 496 1223 Manilio
543 1181 712 1223 omnino
758 1181 968 1237 displicet.
1041 1183 1296 1226 Elisionis
1336 1185 1521 1241 longae
1558 1187 1611 1228 in
1641 1188 1794 1230 tertii

319 1249 465 1307 pedis
517 1249 626 1290 sive
678 1248 818 1290 thesi
867 1250 980 1292 sive
1030 1251 1140 1293 arsi
1188 1252 1231 1292 in
1261 1251 1409 1294 Iacobi
1458 1253 1642 1296 editione
1686 1255 1793 1298 haec

318 1320 520 1374 leguntur
550 1317 770 1372 exempla:

555 1395 597 1452 1)
628 1397 672 1438 in
701 1396 857 1438 thesi:

446 1465 491 1506 II
524 1466 602 1506 747
638 1464 767 1507 Cuius
795 1465 903 1506 euim
932 1465 1115 1506 stellae
1144 1465 1198 1506 iri
1225 1466 1329 1518 fines
1357 1466 1402 1507 iu
1432 1466 1562 1509 sidere
1591 1481 1744 1521 quoque

433 1534 496 1575 IV
527 1535 607 1574 445
639 1532 822 1585 Septima
833 1546 916 1585 par
932 1533 1019 1575 illi
1039 1547 1093 1575 ae
1113 1533 1266 1575 decima
1278 1536 1345 1584 est,
1358 1534 1607 1588 decimaeque
1624 1535 1799 1578 secunda

430 1601 494 1643 IV
529 1602 608 1642 789
639 1599 917 1653 Proximaque
946 1601 975 1642 Ι
983 1601 1147 1642 taliae
1186 1601 1324 1655 (codd.
1357 1601 1487 1644 Italia
1523 1607 1704 1659 excepto
1734 1603 1798 1655 M)

320 1673 367 1711 et
417 1668 530 1711 tenui
571 1668 705 1710 divisa
746 1667 979 1720 profuud0;
1039 1668 1232 1710 hauritur
1274 1669 1404 1724 igitur
1447 1670 1490 1711 in
1530 1670 1665 1712 tribus
1713 1670 1798 1712 illis

322 1737 532 1794 exemplis
564 1736 729 1792 syllaba
758 1737 887 1791 longa
916 1736 1046 1778 verbo
1077 1737 1382 1792 monosyllabo.

551 1817 593 1870 2)
623 1815 667 1856 in
698 1815 822 1856 arsi:

431 1882 454 1923 I
486 1884 566 1924 332
602 1881 786 1934 Dividit,
823 1883 860 1923 et
900 1882 984 1923 iam
1025 1884 1126 1923 toto
1164 1884 1425 1936 urqeutem
1461 1896 1623 1936 corpore
1657 1897 1802 1938 corpus

326 1950 469 2007 (codd.
501 1950 694 2006 plerique
728 1949 939 2002 iuqeutem,
976 1948 1068 1991 cod.
1101 1948 1139 1990 Gr
1167 1951 1287 2002 atque
1316 1950 1438 1991 etiam
1475 1952 1552 1993 toto
1580 1951 1735 2005 iuqeus,
1765 1951 1801 1993 L

323 2020 362 2061 ὥ
390 2019 513 2060 etiam
543 2016 619 2059 sed
649 2016 791 2058 deleto
823 2017 862 2057 a&
899 2030 976 2072 per
1007 2031 1218 2070 rasuram,
1258 2016 1291 2058 O
1333 2008 1454 2073 etiam
1482 2020 1560 2060 toto
1587 2019 1802 2073 ingentem,

323 2087 369 2129 M
398 2089 436 2128 et
462 2088 540 2128 toto
569 2083 827 2140 merqeutem)

433 2155 478 2197 II
499 2157 573 2196 171
606 2154 658 2197 Ut
671 2152 948 2206 Capricornus
958 2157 995 2195 et
1004 2153 1122 2210 hie2)‚
1140 2154 1228 2207 qui
1248 2154 1499 2196 intentum
1512 2153 1803 2208 diriqitarewm

422 2222 489 2263 ΙΠ
510 2223 591 2263 489
616 2221 694 2262 Ter
722 2221 874 2274 quinas
901 2221 1046 2263 muudi
1074 2235 1122 2263 36
1151 2221 1409 2263 extollunt
1435 2221 1571 2263 sidera
1594 2225 1735 2274 partes

325 2290 464 2346 (codd.
486 2303 557 2331 sex
587 2289 745 2339 tollunt,
777 2289 821 2330 M
849 2302 890 2330 36
919 2290 1124 2340 attollunt,
1154 2289 1347 2344 Scaliger
1375 2289 1560 2344 itemque
1578 2289 1801 2332 Bentleius

323 2372 363 2400 se
393 2359 541 2400 tollunt
568 2356 748 2412 legunt).

427 2425 491 2467 IV
522 2427 602 2466 608
633 2424 692 2465 Et
714 2424 836 2476 prius
867 2425 911 2464 iu
941 2425 1056 2465 laeva
1095 2437 1141 2466 36
1171 2423 1449 2479 effundens
1470 2424 1622 2466 ‘circuit
1651 2437 1803 2466 omnem

331 2493 472 2550 (codd.
501 2494 548 2534 iu
579 2493 716 2534 laevas
745 2491 988 2546 effunderis).

441 2561 482 2603 V
513 2562 593 2601 524
623 2559 831 2600 Naturam
861 2559 1047 2600 rimari
1076 2559 1334 2612 orbemque
1364 2561 1562 2602 invertere
1587 2559 1764 2612 praedae

328 2629 403 2685 (ex
444 2628 591 2670 Iacobi
631 2627 893 2675 coniectura;
941 2627 1132 2682 Scaliger
1176 2628 1364 2684 scripsit:
1415 2627 1625 2674 Naturam
1668 2641 1805 2669 eruere

326 2699 549 2751 (omnem),
580 2695 787 2748 orbemque
816 2695 1014 2736 invertere
1035 2695 1249 2749 praedae).

423 2820 448 2862 ¹)
475 2830 536 2862 pp.
563 2818 604 2852 16
629 2829 706 2861 sqq.
731 2832 773 2847 =
798 2829 918 2862 opusc.
945 2818 960 2851 Ι
985 2830 1019 2862 p.
1044 2818 1088 2852 88
1112 2829 1188 2861 sqq.
1229 2818 1242 2860 ΙΙ
1282 2821 1309 2861 ²)
1335 2817 1391 2851 hic
1416 2818 1518 2852 extat
1541 2817 1580 2852 in
1605 2817 1645 2852 G.
