1930 3320
834 243 1114 282 —47-

307 369 324 403 1
346 368 416 403 324
451 381 503 413 sq.
533 367 627 402 inter
656 367 797 402 Sidera.
847 367 876 401 V
901 367 923 401 8
955 379 1007 411 sq.
1037 367 1158 401 onmia
1193 367 1328 402 circum
1366 365 1507 402 Sidera.
1566 365 1634 400 282
1670 377 1723 410 sq.

216 436 419 472 superque
444 425 588 460 Ducere
606 424 845 469 pendentes
870 423 1005 458 orbes.
1506 420 1509 423 '

825 540 1134 582 Antitheta.

329 621 560 665 Antitheta
590 636 616 663 a
645 621 824 663 Manilio
855 621 900 663 in
931 620 1101 662 deliciis
1133 621 1287 663 haberi
1319 621 1552 663 ostendunt
1574 634 1723 662 exem-

220 693 294 750 pla
322 691 454 738 haec:

304 761 324 796 Ι
346 759 390 795 57
415 763 622 804 quantaque
647 770 754 804 quam
774 758 895 803 parvi.
944 758 1010 792 241
1033 759 1177 803 pariter
1201 769 1276 793 sur
1281 762 1406 804 yente
1429 758 1492 793 via
1512 758 1726 803 pariterque

215 818 349 854 eaden
358 822 405 854 te.
445 818 513 853 246
538 818 731 862 distinyuit
754 821 787 852 et
810 817 939 861 alliyat
962 817 1082 852 undis.
1118 817 1188 852 306
1211 817 1345 852 dividit
1369 821 1402 852 et
1427 816 1552 862 cinqit.
1590 815 1657 850 307
1681 826 1726 849 ne

214 879 343 912 coeant
365 875 550 911 abeantve.
598 875 668 910 360
693 886 740 920 sp
750 874 954 920 aliumque
978 874 1061 918 sibi,
1090 885 1116 919 p
1125 876 1187 909 est
1197 885 1251 909 em
1260 885 1327 919 que
1355 873 1503 909 videnti.
1551 873 1620 908 422
1645 885 1724 918 sqq.

215 935 288 969 tum
318 933 364 968 di
387 944 526 978 quoque
549 943 722 977 maqnos
750 933 960 978 Quaesive
970 943 1014 967 re
1049 932 1165 974 deos,
1203 932 1394 967 dubitabat
1430 931 1600 977 Iuppiter
1635 931 1724 975 ipse,

218 990 340 1037 Quod
371 1002 399 1036 p
408 993 547 1026 oterat
576 1001 659 1025 non
681 1002 705 1035 p
716 1001 736 1025 o
745 1001 812 1025 sse
838 991 972 1025 timens.
1020 990 1088 1024 452
1118 989 1294 1035 distinqui
1304 989 1525 1034 -claudique.
1572 988 1639 1023 519
1663 998 1726 1022 nee

216 1050 326 1094 lonqa
349 1048 427 1084 dies
452 1060 505 1084 au
511 1051 581 1094 yet
603 1049 739 1084 minui
748 1053 833 1093 tque
858 1052 1034 1083 senectus.
1075 1047 1143 1082 528
1167 1058 1237 1093 quo
1261 1049 1411 1092 crescat,
1436 1057 1549 1092 quove
1572 1046 1726 1082 recedat.

215 1107 283 1143 537
295 1108 509 1152 veniuntque
531 1108 743 1152 caduntque.
781 1107 846 1141 661
866 1110 957 1151 teyet
982 1108 1016 1140 et
1038 1106 1184 1150 referet.
1221 1105 1289 1141 862
1302 1106 1532 1150 sequiturque
1546 1105 1726 1150 fuqitque.

214 1165 251 1200 H
275 1165 320 1200 73
343 1165 526 1200 noae-diem
551 1165 602 1210 fu
610 1167 752 1211 yeret,
776 1175 996 1209 rursumque
1018 1164 1066 1209 fu
1072 1165 1207 1209 qaret.
1254 1164 1300 1199 88
1329 1163 1518 1208 redditque
1546 1163 1726 1207 rapitque.

214 1222 260 1258 89
282 1222 440 1258 immittit
463 1226 497 1257 et
521 1222 656 1267 aufert.
705 1222 773 1257 160
804 1221 909 1256 addit
942 1225 975 1256 et
1005 1221 1139 1266 aufert.
1186 1221 1254 1255 327
1291 1221 1496 1265 transitque
1531 1219 1727 1265 refertque.

216 1279 284 1314 649
297 1279 402 1315 modo
426 1279 451 1314 d
463 1281 514 1314 at
535 1281 642 1325 vires,
669 1279 772 1314 modo
797 1279 821 1313 d
831 1278 987 1314 etrahi
997 1282 1019 1314 t.
1053 1278 1120 1314 693
1137 1281 1151 1313 t
1165 1290 1182 1314 e
1195 1289 1219 1313 n
1230 1289 1257 1312 u
1270 1289 1287 1313 e
1298 1290 1333 1313 m
1355 1279 1436 1313 visu
1459 1288 1543 1319 rem,
1566 1277 1727 1322 pondere

215 1348 282 1372 ma
289 1348 347 1384 qn
356 1348 431 1372 am.
456 1336 525 1372 870
538 1336 782 1372 scandendum
796 1340 846 1371 est
859 1340 966 1381 atque
979 1336 1189 1371 cadendum.
1213 1335 1281 1370 918
1294 1348 1347 1380 sq.
1361 1346 1433 1381 qua
1445 1346 1583 1370 szmzma
1596 1335 1727 1370 aceli-

217 1394 290 1430 via
307 1394 442 1439 finem
453 1394 659 1437 Inveniunt,
678 1405 752 1439 qua
765 1394 1036 1439 principium
1052 1394 1249 1429 declivia
1266 1397 1418 1428 sumunt.
1444 1393 1511 1428 928
1523 1395 1563 1428 ut
1580 1393 1729 1428 brevia

216 1452 256 1486 in
280 1453 319 1487 lo
328 1463 408 1496 προ
432 1451 645 1497 compendia
669 1453 828 1487 carmine
848 1456 1023 1497 perstent.
1066 1452 1133 1486 957
1157 1451 1358 1496 recipitque
1381 1452 1574 1496 refertque.
1609 1451 1663 1486 111
1683 1450 1728 1485 89

220 1510 408 1546 laeduntve
431 1511 610 1544 iuvantve.
640 1509 684 1544 91
708 1509 805 1554 felix
830 1514 895 1544 aut
919 1510 1035 1545 triste.
1061 1509 1130 1544 263
1155 1519 1202 1543 ca
1211 1509 1314 1543 dunt
1337 1512 1490 1544 noctes
1499 1536 1507 1550 ,
1529 1511 1704 1552 surqunt
1714 1527 1728 1533 -

218 1579 285 1614 que
299 1589 312 1595 -
324 1569 452 1604 luces.
499 1567 566 1602 277
602 1578 646 1602 ne
680 1578 744 1602 ma.
753 1578 834 1613 yna
867 1567 909 1601 in
946 1566 1148 1602 brevibus
1181 1568 1334 1611 pereant
1367 1566 1580 1611 compendia
1614 1565 1730 1601 dietis.

217 1625 287 1662 322
322 1625 473 1661 mundus
492 1645 505 1652 ·
521 1625 631 1660 latet
645 1646 657 1652 -
669 1628 877 1669 patetque.
935 1624 1005 1659 436
1041 1624 1228 1669 accipiunt
1263 1624 1487 1669 redduntque
1533 1625 1592 1668 (ex
1635 1623 1729 1659 coni.

217 1683 364 1727 Bentl.).
412 1683 462 1718 IV
487 1683 530 1717 16
554 1686 742 1717 nascentes
766 1683 949 1717 morimur.
998 1681 1042 1716 72
1066 1682 1124 1716 his
1148 1682 1224 1717 vita
1248 1682 1413 1727 duplex
1423 1709 1431 1724 ,
1462 1681 1537 1717 illis
1559 1683 1623 1716 viae
1647 1691 1730 1716 con-

218 1740 305 1787 tiqit
326 1751 422 1775 una.
465 1740 508 1775 76
533 1739 786 1785 laeduntque
809 1739 920 1783 cibi,
941 1744 1206 1785 parcuntque
1229 1751 1401 1775 venena.
1448 1739 1492 1774 87
1517 1740 1730 1774 invictum

217 1798 390 1833 devicta
417 1801 530 1832 morte
557 1798 734 1833 Catonem.
784 1798 849 1832 127
879 1797 1073 1833 crescendo
1103 1797 1217 1832 cadet.
1266 1797 1334 1832 130
1362 1807 1457 1832 nunc
1486 1796 1594 1842 yzom
1603 1808 1729 1832 erare

218 1866 341 1891 -¹nunc
365 1876 378 1882 -
402 1856 570 1890 solvere
606 1855 724 1890 lanas.
772 1855 840 1890 525
873 1855 1054 1900 profert
1091 1855 1192 1891 unda
1227 1855 1425 1900 teqitque.
1479 1855 1548 1890 563
1583 1856 1731 1900 altaque

217 1924 314 1948 nunc
343 1917 524 1956 statuet,
552 1923 650 1947 nunc
668 1933 681 1939 -
697 1913 841 1947 moenia
869 1914 1014 1948 vertet.
1064 1913 1130 1948 775
1164 1917 1287 1960 yentes
1321 1913 1519 1958 tollitque
1550 1913 1729 1958 premit-

218 1981 298 2015 que.
345 1971 414 2006 815
441 1970 543 2005 sedes
567 1970 782 2015 fuyienda'
802 1982 828 2015 p
839 1970 1083 2016 etendaque.
1124 1971 1154 2005 V
1171 1971 1239 2006 549
1263 1971 1420 2017 virginis
1435 1974 1612 2016 -rapitur
1635 1970 1730 2006 sine

218 2027 376 2072 funere
398 2027 547 2072 funus.

795 2086 875 2143 Ap
891 2087 1159 2143 ostrophe.

335 2166 613 2223 Apostrophe
637 2180 770 2223 saepe
791 2171 1000 2223 usurpata
1031 2172 1099 2209 est
1129 2182 1216 2210 non
1248 2169 1387 2210 solum
1417 2168 1471 2210 ad
1502 2168 1728 2224 alloquen—

221 2235 301 2278 dos
345 2234 474 2289 deos,
527 2235 748 2289 homines,
799 2236 962 2290 sidera,
1014 2236 1092 2279 sed
1143 2237 1275 2279 etiam
1319 2237 1374 2279 ad
1418 2237 1728 2280 describendas

219 2307 435 2364 regiones,
466 2322 550 2360 res,
584 2307 724 2349 simm.

332 2375 476 2419 Deos
507 2376 742 2431 alloquitur
771 2380 924 2432 poeta:

310 2446 329 2480 1
351 2445 399 2481 30
426 2445 487 2480 Tu
516 2445 686 2490 princeps
723 2449 924 2489 auctorque
959 2446 1078 2489 sacri,
1111 2446 1328 2491 Cyllenie,
1360 2445 1464 2480 tanti.
1482 2446 1496 2489 Η
1523 2445 1559 2480 11
1580 2445 1651 2479 440
1675 2457 1727 2490 sq.

223 2502 280 2548 cy
292 2501 423 2536 llenie
450 2501 640 2545 Cancrum,
663 2501 875 2545 Iuppiter
900 2502 933 2535 et
958 2511 1038 2536 eum
1062 2503 1177 2536 matre
1201 2501 1306 2551 deum
1329 2502 1446 2545 reqis
1470 2501 1549 2547 ipse
1572 2502 1730 2537 Leonem

219 2558 332 2603 (reyis
349 2558 427 2593 eod.
441 2558 481 2593 G.
498 2558 674 2603 exhibet).
691 2560 706 2603 ll
721 2559 758 2593 Π
770 2559 837 2593 943
855 2558 958 2593 Haec
982 2563 1057 2594 tua
1082 2560 1213 2604 templa
1229 2560 1358 2604 ferunt
1373 2560 1490 2602 Maia,
1519 2559 1728 2605 Cyllenie,

218 2617 313 2651 nate.
330 2617 345 2660 ΙΙ
365 2616 415 2651 IV
439 2615 506 2650 736
531 2616 609 2650 Nec
641 2620 696 2660 te,
721 2617 911 2660 Bacche,
932 2617 1022 2661 pari
1045 2617 1236 2652 donantem
1260 2629 1405 2652 munere
1429 2622 1557 2652 terras.
1577 2618 1590 2660 ΙΙ
1607 2618 1638 2651 V
1661 2616 1730 2652 238

221 2673 276 2709 Et
299 2678 354 2718 te,
377 2674 559 2714 Bacche,
584 2678 686 2709 tuas
711 2676 899 2710 nubentem
923 2674 1047 2721 iunqet
1071 2676 1121 2711 ad
1134 2677 1259 2712 ulmos.
1279 2678 1293 2721 Η
1309 2677 1358 2712 IV
1371 2676 1438 2712 755
1452 2688 1504 2721 sq.
1522 2676 1700 2710 Euxinus
1715 2694 1728 2700 -

220 2736 387 2778 pontus·
410 2736 468 2776 te,
492 2731 680 2774 Phoebe,
706 2733 803 2767 colit.
820 2735 834 2777 11

336 2791 436 2833 Huc
467 2791 683 2833 referendi
717 2796 816 2834 sunt
848 2792 979 2834 etiam
1001 2792 1041 2835 ei
1062 2807 1231 2846 versus,
1263 2794 1308 2834 in
1341 2793 1499 2850 quibus
1529 2792 1727 2834 Lunam

222 2861 454 2919 alloquitur
482 2865 631 2919 poeta:
