1962 3334
817 301 943 342 ..41
976 324 1031 335 -,

354 391 473 428 Motus
493 389 572 434 alit,
594 399 670 425 non
690 391 814 425 mutat
834 401 940 436 opus.
961 389 1022 427 Sic
1043 389 1174 426 omnia
1193 391 1275 425 toto

355 444 580 490 Dispensata
600 445 760 478 manent
780 443 942 488 mundo,
964 443 1225 490 dominumque
1245 445 1457 490 sequuntur
1473 443 1503 480 ¹.

165 566 264 605 Haec
276 563 420 612 verba,
435 563 647 616 maqz'stro,
664 561 885 610 dominum,
905 575 999 602 cum
1021 567 1109 603 toto
1128 563 1220 603 loco
1242 576 1392 616 parum
1413 567 1666 615 congruunt,

165 628 476 680 stoicorumque
516 628 693 680 repertis
732 633 982 680 repugnant.
1025 629 1124 675 Quae
1163 628 1304 668 omnia
1337 641 1419 668 non
1456 629 1497 667 in
1532 628 1668 680 majus

172 705 326 746 augere
351 693 449 733 volo
483 707 491 732 :
521 693 580 732 ita
608 697 750 732 tamen
778 697 825 732 ut
847 693 956 734 mihi
983 693 1250 741 concedatur,
1275 706 1324 733 ea
1350 706 1434 733 non
1458 693 1667 745 diligentis

166 758 356 811 discipuli
375 770 479 808 esse,
503 757 574 797 sed
596 762 746 810 poetae,
770 758 843 810 qui
863 757 1176 810 philosophiam
1198 758 1350 809 attigit.

222 824 303 864 Sed
315 823 419 863 illud
432 824 616 863 maxime
632 836 697 862 me
714 827 868 873 movet,
885 823 1012 876 quod,
1027 836 1120 876 quae
1137 823 1275 863 stoicis
1291 823 1503 876 praecipua
1514 828 1666 871 essent,

165 889 209 928 in
241 888 393 941 quihus
419 888 480 928 vis
506 888 646 934 omnis
670 888 870 928 doctrinae
892 892 1037 937 staret,
1063 901 1112 928 ea
1148 888 1340 928 Manilius
1370 888 1662 941 praetermisit:

168 966 279 1006 quae‚
308 953 342 994 si
370 953 548 993 stoicum
576 953 764 993 animum
795 953 957 1001 habuit,
984 966 1119 1006 neque
1147 953 1341 1004 ignorare
1371 953 1506 1006 potuit
1532 966 1669 1006 neque

166 1018 287 1072 parvi
315 1018 465 1059 facere.
809 1055 813 1058 Δ

218 1083 266 1123 In
292 1083 452 1135 primis,
480 1083 698 1135 physicam
729 1084 955 1123 stoicorum
984 1077 1192 1123 rationem
1225 1097 1311 1124 non
1337 1084 1537 1137 sequitur,
1558 1088 1599 1123 et
1625 1083 1667 1123 in

166 1147 318 1201 quibus
335 1151 449 1188 certo
479 1160 522 1187 se
551 1148 655 1188 scire
684 1147 973 1197 declarabant,
1002 1148 1282 1189 dubitandum
1315 1162 1401 1190 esse
1429 1149 1665 1202 profitetur.

165 1213 262 1253 Haec
288 1213 399 1252 enim
421 1212 486 1252 vel
507 1213 661 1252 cursim
683 1212 774 1265 lege
801 1231 809 1252 ι

354 1331 442 1378 Ipsa
461 1331 556 1366 mihi
578 1333 745 1377 primum
766 1333 913 1367 naturae
935 1332 1063 1368 forma
1083 1333 1255 1368 canenda
1277 1335 1345 1377 est,

354 1384 632 1431 Ponendusque
654 1395 722 1420 sua
741 1386 843 1420 totus
861 1386 929 1420 sub
950 1385 1119 1432 imagine
1139 1386 1332 1421 mundus:

357 1435 479 1478 Quem
501 1435 577 1472 sive
598 1447 646 1472 ex
666 1436 778 1472 nullis
798 1439 1039 1482 repetentem
1061 1437 1211 1473 semina
1229 1437 1344 1473 rebus

354 1489 478 1524 Natali
499 1500 652 1536 quoque
673 1499 784 1535 egere
806 1490 942 1535 placet,
965 1500 1188 1537 semperque
1209 1490 1323 1526 fuisse

355 1542 400 1577 Et
418 1542 515 1587 fore,
537 1542 723 1589 principio
744 1542 884 1589 pariter
906 1543 1061 1589 fatoque
1082 1546 1277 1579 carentem
1302 1556 1308 1578 :

356 1595 431 1632 Seu
451 1595 643 1642 permixta
663 1596 777 1631 chaos
798 1606 926 1632 rerum
947 1595 1158 1642 primordia
1177 1597 1374 1642 quondam

357 1647 538 1683 Discrevit
560 1649 683 1693 partu,
706 1648 972 1696 mundumque
992 1649 1103 1684 enixa
1123 1649 1307 1685 nitentem

358 1699 466 1746 Fugit
486 1700 524 1735 in
545 1700 713 1736 infernas
737 1700 857 1747 caligo
874 1702 983 1747 pulsa
1002 1701 1183 1737 tenebras
1206 1713 1214 1737 :

355 1752 440 1789 Sive
462 1752 683 1798 individuis,
699 1753 739 1788 in
759 1754 862 1790 idem
883 1754 1056 1790 reditura
1075 1755 1213 1799 soluta,

353 1805 550 1852 Principiis
572 1809 712 1842 natura
730 1809 860 1842 manet
879 1809 964 1854 post
985 1808 1112 1843 secula
1133 1807 1257 1852 mille;

356 1859 401 1894 Et
420 1870 530 1906 paene
553 1871 599 1895 ex
619 1859 736 1896 nihilo
763 1871 959 1896 summurn
982 1863 1038 1897 est
1058 1861 1298 1907 nihilumque
1314 1861 1501 1907 futurum,

354 1911 538 1958 Caecaque
558 1912 737 1948 materies
757 1913 895 1949 caelum
914 1913 1075 1960 perfecit
1096 1916 1134 1950 et
1151 1914 1285 1950 orbem
1308 1927 1316 1950 ε

357 1963 443 2002 Sive
462 1965 561 2011 ignis
580 1965 781 2001 fabricavit
800 1977 910 2012 opus,
932 1967 1178 2014 flammaeque
1198 1967 1402 2013 micantes,

358 2018 448 2060 Quae
469 2017 604 2053 mundi
623 2018 746 2054 secere
769 2020 912 2063 oculos,
931 2019 1184 2066 habitantque
1202 2031 1270 2066 per
1290 2031 1405 2056 omne

357 2071 514 2117 Corpus,
539 2073 576 2106 et
596 2070 635 2105 in
657 2072 748 2106 caelo
769 2071 959 2107 vibrantia
977 2071 1140 2108 fulmina
1159 2073 1310 2120 fingunt
1331 2084 1340 2109 ε

357 2123 432 2160 Seu
453 2123 576 2170 liquor
595 2124 676 2159 haec
695 2124 854 2170 peperit,
871 2124 951 2160 sine
973 2136 1048 2172 quo
1070 2125 1168 2172 riget
1189 2125 1298 2161 arida
1315 2137 1444 2162 rerum

353 2176 542 2220 Materies,
565 2175 767 2223 ipsumque
788 2180 893 2213 vorat
915 2189 989 2224 quo
1008 2178 1164 2213 solvitur
1180 2178 1309 2225 ignem
1328 2190 1336 2213 z

356 2230 431 2265 Aut
450 2240 575 2276 neque
595 2232 698 2266 terra
716 2232 864 2276 patrem
885 2230 1004 2272 novit,
1025 2242 1095 2267 nec
1114 2231 1284 2274 flamma,
1304 2242 1374 2267 nec
1394 2242 1463 2267 aer

354 2283 432 2318 Aut
450 2282 593 2318 humor
614 2294 622 2318 t
645 2282 865 2329 faciuntque
885 2284 1000 2320 deum
1019 2295 1087 2330 per
1107 2287 1286 2331 quattuor
1304 2288 1424 2329 artus,

353 2336 399 2371 Et
414 2335 547 2371 mundi
567 2338 738 2371 struxere
757 2336 928 2382 globum,
951 2337 1232 2385 prohibentque
1252 2337 1397 2384 requiri

354 2389 459 2425 Ultra
479 2399 517 2424 se
538 2389 758 2436 quicquam,
782 2400 868 2424 cum
885 2401 952 2436 per
972 2401 1010 2426 se
1032 2393 1171 2426 cuncta
1191 2393 1378 2434 creentur,

354 2441 506 2489 Frigida
523 2453 593 2478 nec
613 2442 744 2478 calidis
764 2443 901 2487 desint,
919 2446 984 2480 aut
1000 2443 1159 2479 humida
1178 2443 1301 2490 siccis„

353 2495 514 2542 Spiritus
535 2498 600 2532 aut
619 2495 766 2539 solidis,
789 2495 912 2543 sitque
933 2496 1015 2532 haec
1034 2496 1223 2532 discordia
1243 2506 1413 2541 concors,

354 2547 445 2589 Quae
462 2559 580 2583 nexus
599 2548 745 2584 habiles
766 2551 804 2585 et
820 2549 923 2596 [opus
942 2549 1161 2597 generabile
1181 2549 1305 2596 fingit,

351 2602 473 2648 Atque
493 2601 619 2637 omnis
642 2604 771 2648 partus
789 2602 981 2639 elementa
1003 2603 1156 2650 capacia
1176 2603 1303 2639 reddit
1322 2613 1330 2638 :

353 2652 513 2700 Semper
534 2654 606 2690 erit
624 2665 743 2702 genus
763 2655 802 2691 in
818 2666 964 2703 pugna,
985 2656 1222 2703 dubiumque
1240 2656 1414 2692 manebit

354 2706 466 2749 Quod
484 2707 590 2753 latet,
614 2710 651 2744 et
670 2711 823 2745 tantum
841 2720 957 2756 supra
978 2711 1034 2745 est
1055 2709 1327 2757 hominemque
1342 2710 1538 2756 Deumque
1560 2710 1590 2743 2⁴.

208 2822 237 2854 1.
258 2821 365 2862 Man„
386 2822 539 2860 Astron.‚
558 2823 600 2864 ΙΙ,
618 2825 658 2857 67
677 2827 713 2857 et
732 2825 783 2857 80.

208 2868 239 2900 2.
262 2868 414 2906 Astron„
436 2870 464 2910 Ι,
485 2872 555 2902 120.
