1936 3392
1013 298 1064 338 78

335 445 469 481 noster
501 445 540 481 et
574 441 642 482 alii
676 442 750 482 viri
783 442 955 491 eruditi,
991 442 1061 494 qui
1095 442 1333 497 astrologiae
1367 443 1485 485 fidem
1508 443 1732 492 habebant,

332 522 378 558 ut
412 517 593 568 Quintus
625 517 784 568 Cicero,
819 532 910 558 cum
941 518 1219 574 philosophiae
1241 521 1453 576 principiis
1474 522 1577 562 hanc
1599 535 1734 575 super-

331 594 536 636 stitionem
569 596 800 644 concinere,
843 595 1114 637 demonstrare
1147 596 1407 638 conabantur.
1471 597 1605 653 Ipsam
1640 598 1733 640 rati·

330 686 474 722 onem,
510 686 611 726 quae
644 687 776 727 neque
809 672 1011 726 decipitur
1043 686 1115 714 nec
1148 673 1297 729 decipit
1329 689 1507 729 unquam
1524 675 1576 729 ,¹)
1609 679 1732 716 astro-

328 749 460 803 logiae
507 750 627 790 fidem
674 750 801 791 facere
850 750 908 790 ait
940 749 1135 791 Manilius
1146 768 1157 800 ς
1203 766 1294 792 nam
1327 747 1498 806 primum
1534 757 1731 802 „eventus

330 827 462 877 datur,
513 827 644 881 qualis
691 827 938 882 praedicitur
986 832 1078 868 ante
1091 827 1134 878 ,²³
1179 843 1241 868 res
1275 829 1402 883 igitur
1433 830 1548 882 quasi
1580 831 1731 884 experi-

328 905 476 944 mentis
507 903 713 959 probatur‚
747 909 788 945 et
819 904 905 959 ipsa
939 905 1187 960 experientia
1217 920 1288 959 per
1318 906 1448 947 varios
1481 920 1578 947 usus
1605 911 1729 948 artem

328 980 487 1036 fecit‚²)
519 981 605 1031 vel,
639 986 687 1022 ut
719 980 857 1022 Cicero
890 982 969 1022 ait:
1006 986 1096 1032 „est
1128 983 1234 1023 enim
1268 981 1317 1023 ab
1350 984 1461 1024 omni
1494 984 1731 1025 aeternitate

327 1059 426 1100 haec
471 1073 532 1100 ars
580 1059 777 1114 repetita,
817 1060 858 1099 in
893 1073 974 1113 qua
1006 1073 1097 1100 cum
1129 1074 1256 1115 paene
1288 1059 1638 1102 innumerabiliter
1669 1075 1731 1102 res

328 1137 468 1178 eodem
516 1137 635 1178 modo
683 1136 890 1178 evenirent
936 1137 1063 1178 isdem
1111 1137 1237 1192 signis
1270 1138 1532 1192 antegressis,
1574 1151 1637 1179 ars
1668 1143 1729 1180 est

327 1215 469 1256 effecta
516 1214 655 1256 eadem
686 1229 802 1270 saepe
835 1213 1190 1256 animadvertendo
1222 1230 1267 1256 ac
1301 1214 1520 1256 notando.”
1545 1214 1576 1271 ³)
1623 1214 1727 1257 Tum

326 1293 449 1334 etiam
483 1292 613 1334 multa
645 1307 747 1348 quae
781 1292 927 1333 cotidie
961 1292 1077 1345 quasi
1109 1295 1201 1333 ante
1234 1292 1371 1333 oculos
1407 1296 1566 1334 nostros
1597 1293 1728 1344 fiunt,
1761 1317 1771 1336 ,-

326 1370 549 1412 ostendunt
581 1369 788 1412 vinculum
820 1385 904 1410 esse
937 1369 1139 1423 quoddam
1171 1369 1277 1411 inter
1298 1369 1428 1411 sidera
1451 1373 1493 1412 et
1514 1369 1728 1421 animalia,

325 1449 436 1490 inter
482 1448 637 1490 caelum
685 1451 725 1489 et
771 1451 942 1488 terram:
982 1447 1070 1497 „sic
1101 1451 1299 1502 temperat
1331 1461 1423 1488 arva
1455 1447 1650 1497 eaelum,-
1671 1443 1745 1488 sie*-

325 1526 454 1568 varias
501 1508 635 1581 fruges
682 1524 897 1579 redditque
946 1524 1156 1580 rapitque,
1206 1525 1264 1565 sic
1311 1528 1480 1580 pontum
1518 1528 1652 1566 movet
1682 1539 1729 1566 ac
1752 1552 1771 1555 -›

326 1604 443 1646 terris
474 1603 664 1645 immittit
695 1606 736 1644 et
768 1602 898 1644 aufert
930 1626 943 1633 -
976 1625 990 1633 ·
1023 1602 1080 1642 sic
1111 1601 1316 1643 submersa
1347 1595 1461 1643 fretis
1486 1602 1727 1644 concharum

325 1688 366 1725 et
413 1697 569 1724 carcere
617 1681 753 1724 clausa
799 1679 850 1721 ad
899 1678 1018 1727 lunae
1050 1683 1206 1721 motum
1238 1679 1396 1720 variant
1427 1678 1616 1720 animalia
1648 1674 1728 1720 661·-
1766 1690 1772 1695 “

326 1775 403 1818 pus
434 1785 448 1792 ·
479 1785 494 1791 -
527 1760 600 1815 (sic
633 1757 879 1815 elephantes)
913 1771 1079 1812 corpora
1111 1756 1160 1798 ad
1194 1757 1313 1798 lunae
1345 1756 1546 1798 nascentis
1578 1768 1728 1798 cornua

324 1834 501 1880 lustrant
512 1869 524 1888 ‚
545 1833 734 1892 (aliaque)
756 1838 947 1877 venturas
963 1820 1105 1876 vident
1121 1834 1290 1885 hiemes3
1315 1834 1494 1876 reditura
1512 1831 1727 1888 serena.”⁴)

325 1914 436 1957 Haec
467 1914 744 1970 phaenomena
774 1899 921 1969 partim
955 1912 1074 1963 falsa,
1108 1912 1254 1967 partim
1277 1925 1391 1962 vera,
1417 1910 1565 1966 quibus
1587 1910 1726 1953 Cicero

323 1992 451 2035 multa
498 1992 611 2034 addit
658 1991 936 2048 prognostica,
982 1989 1154 2032 credulis
1189 1989 1334 2030 animis
1366 1988 1488 2031 facile·
1511 1988 1728 2044 persuades

322 2070 420 2113 bant
431 2103 443 2122 ,
477 2075 525 2111 ut
546 2069 635 2110 aliis
659 2068 800 2119 rebus,
825 2068 874 2110 ab
897 2067 1108 2122 astrologis
1131 2067 1314 2117 traditis,
1340 2066 1521 2120 quamvis
1541 2065 1725 2108 absurdis

323 2152 364 2189 et
397 2148 505 2189 omni
537 2147 685 2189 rationi
718 2146 881 2188 omnino
913 2143 1258 2201 repugnantibUS,
1291 2144 1410 2185 fidem
1443 2143 1647 2185 haberent.

384 2225 472 2268 Hoc
521 2230 655 2267 autem
698 2224 960 2266 fundamento
992 2224 1097 2265 iacto
1129 2226 1247 2278 poeta
1280 2226 1406 2263 artem
1438 2221 1626 2278 explicat.
1689 2221 1723 2263 E

322 2304 531 2359 signorum
579 2303 685 2344 enim
733 2302 817 2343 sive
865 2300 1215 2343 constellationum
1263 2299 1399 2340 formis
1442 2309 1482 2340 et
1514 2299 1612 2340 locis
1642 2299 1724 2340 fata

323 2379 669 2438 praedicebantur.
719 2378 779 2420 Ut
810 2365 1026 2420 innumera·
1059 2393 1105 2419 ea
1121 2410 1133 2429 ,
1169 2392 1270 2432 quae
1303 2378 1344 2418 in
1378 2377 1461 2418 vita
1492 2375 1724 2418 hominibus

322 2461 555 2514 contingere
603 2461 772 2514 possunt
822 2457 993 2498 derivari
1027 2460 1191 2511 possent
1223 2471 1243 2496 e
1287 2453 1514 2505 sideribus,
1546 2454 1721 2510 primum

322 2537 513 2592 astrologi
558 2535 657 2577 haec
705 2535 838 2576 omnia
887 2535 928 2575 in
977 2533 1106 2575 sidera
1153 2533 1298 2574 inferre
1345 2531 1556 2573 debebant.
1622 2531 1721 2572 Inde

366 2749 390 2788 ¹)
438 2749 588 2784 11‚130.

364 2809 390 2844 η
438 2810 472 2845 1,
497 2809 548 2838 61.

365 2868 390 2906 ¹⁵)
439 2869 481 2898 De
506 2867 604 2897 divin.
630 2867 664 2901 1,
690 2866 741 2894 25.

366 2927 389 2971 ⁴)
437 2929 488 2964 11,
513 2929 563 2958 87.
