1936 3392
1123 273 1179 314 46

467 414 580 454 nium
610 414 660 455 ad
692 413 844 455 subitas
875 414 953 454 iras
985 413 1199 468 facilesque
1232 418 1415 470 receptus
1449 414 1615 469 aequale
1622 431 1634 465 3
1668 419 1708 456 et
1740 429 1840 470 puro

468 491 667 532 sententia
697 494 856 546 pectore
887 490 1101 545 simplex.”
1133 491 1158 546 ¹)

529 565 616 607 Hoc
646 570 779 607 tamen
810 566 910 607 seire
943 566 1122 607 nondum
1140 566 1306 608 sufficit:
1341 566 1475 617 „nihil
1496 567 1540 607 in
1561 570 1684 608 semet
1710 571 1841 608 totum

467 641 612 684 valet?
658 642 780 697 Signa
812 657 972 696 quoque
1007 643 1112 683 inter
1142 658 1183 684 se
1218 643 1334 696 quasi
1355 642 1522 696 hospitii
1543 641 1699 684 foedere
1721 647 1841 684 utun-

467 722 536 759 tur
582 721 623 759 et
669 733 760 759 suas
793 733 975 772 quaeque
1007 718 1109 759 vires
1142 733 1212 773 per
1244 726 1375 773 partes
1408 717 1593 771 aequales
1625 718 1842 759 communi-

466 797 572 835 cant.
635 793 740 834 Nam
787 809 877 836 cum
927 795 971 835 in
1018 798 1080 835 ter
1127 794 1249 835 denos
1281 794 1427 847 gradus
1459 794 1620 848 signum
1653 794 1841 848 quodque

466 869 692 921 dividatur,
736 874 891 925 partem
933 871 1095 911 tertiam
1121 864 1219 911 *sibi
1267 869 1467 920 vindicat,
1513 868 1574 910 bis
1617 869 1710 911 deni
1753 869 1842 910 aliis

465 946 659 988 sideribus
691 946 797 988 binis
828 946 1088 998 tribuuntur,
1123 961 1203 1000 quo
1225 947 1271 987 fit
1292 951 1339 987 ut
1364 946 1564 996 „invicem
1585 947 1709 988 ternis
1730 945 1841 988 habi·

464 1029 605 1067 tentur
634 1024 764 1067 sidera
795 1025 921 1080 signis
954 1028 995 1066 et
1026 1024 1118 1066 altis
1151 1028 1297 1066 natura
1335 1028 1493 1065 maneat
1525 1029 1714 1079 consepta
1734 1028 1842 1066 tene-

465 1101 546 1143 bris
594 1106 634 1143 et
681 1116 819 1143 verum
866 1101 909 1142 in
953 1114 1069 1142 caeco
1102 1101 1155 1142 sit
1186 1100 1396 1153 multaque
1428 1099 1638 1155 ambagine
1669 1098 1842 1142 rerum-’³

465 1179 576 1222 Haec
607 1184 668 1221 est
697 1179 879 1221 doctrina
911 1178 959 1219 de
990 1178 1166 1220 siderum
1199 1178 1373 1219 decanis.
1396 1177 1427 1233 2)

526 1254 669 1309 Neque
716 1255 791 1296 hoc
822 1254 918 1295 satis
950 1257 1011 1295 est
1041 1253 1092 1295 ad
1122 1254 1250 1295 fatum
1282 1253 1323 1294 in
1355 1252 1464 1294 eaelo
1495 1253 1724 1308 legendum.
1783 1252 1840 1294 Ut

466 1333 572 1375 nihil
602 1347 770 1387 usquam
803 1331 968 1386 aequale
1001 1334 1061 1372 est
1094 1363 1102 1373 .
1140 1362 1149 1372 .
1184 1331 1270 1382 „sic
1302 1331 1424 1372 etiam
1457 1330 1555 1372 caeli
1586 1334 1719 1387 partes
1741 1330 1842 1372 vari-

466 1411 586 1448 antur
634 1406 676 1446 in
710 1405 841 1446 astris.
905 1403 964 1444 Ut
995 1404 1155 1459 signum
1189 1419 1212 1444 a
1243 1403 1382 1458 signo,
1430 1403 1487 1445 sic
1518 1418 1541 1445 a
1571 1418 1614 1445 se
1645 1403 1842 1459 discrepat

464 1481 642 1539 ipsum.''
674 1483 748 1524 Est
769 1481 942 1524 difficilis
963 1497 1024 1523 res
1045 1482 1096 1522 ad
1118 1481 1401 1536 exponendum
1414 1513 1424 1531 ,
1447 1481 1519 1522 sed
1544 1485 1676 1523 tamen
1697 1484 1839 1536 poetae

466 1560 544 1610 „ad
590 1560 698 1601 iussa
742 1558 991 1613 loquendum
1038 1555 1138 1599 est.''
1161 1556 1190 1612 ³)
1252 1557 1358 1598 Tum
1403 1560 1691 1598 enumerantur
1736 1570 1839 1610 quae

464 1635 717 1691 singulorum
762 1634 939 1676 siderum
985 1638 1118 1689 partes
1165 1633 1246 1674 siut
1276 1633 1404 1675 malae
1445 1636 1486 1674 et
1527 1631 1780 1674 metuendae.
1805 1631 1836 1686 ⁴)

464 1711 622 1754 Deinde
655 1725 757 1765 quae
789 1710 872 1752 sint
901 1723 1039 1751 eorum
1070 1709 1253 1764 propriae
1283 1709 1410 1759 vires,
1444 1723 1536 1750 cum
1568 1708 1752 1750 oriantur
1772 1707 1804 1762 υ)
1821 1738 1834 1758 ,

463 1790 674 1829 mutantur
704 1786 812 1828 enim
842 1785 1041 1841 quaedam
1072 1785 1115 1826 in
1146 1788 1319 1840 tempus.

524 1865 581 1905 At
601 1878 651 1904 ne
674 1863 770 1904 haec
790 1862 954 1917 quidem
971 1861 1042 1916 qui
1064 1861 1207 1902 didicit
1222 1861 1319 1902 satis
1336 1864 1396 1902 est
1414 1860 1572 1902 doctus:
1595 1859 1724 1901 sidera
1739 1863 1834 1900 sunt

462 1939 734 1994 cognoscenda
744 1970 756 1989 ,
791 1952 891 1992 quae
922 1938 966 1978 in
997 1937 1163 1979 diversis
1194 1935 1300 1978 orbis
1331 1939 1531 1977 terrarum
1563 1934 1744 1991 partibus
1766 1935 1833 1976 do-

463 2016 679 2057 minantur.
743 2013 864 2066 Quod
895 2017 943 2055 ut
973 2014 1044 2054 fiat
1075 2013 1249 2068 primum
1281 2012 1386 2054 orbis
1417 2013 1504 2069 ipse
1525 2011 1764 2058 describitur
1786 2011 1832 2066 θ);

464 2108 566 2148 quae
595 2097 727 2135 tamen
759 2097 887 2134 terrae
919 2076 1066 2146 quibus
1097 2091 1223 2145 signis
1254 2090 1336 2132 sint
1357 2089 1540 2132 addictae
1560 2104 1641 2132 non
1657 2088 1833 2132 ostendit

461 2174 603 2226 poeta,
627 2183 822 2211 summam
843 2169 900 2209 rei
922 2168 988 2208 hic
1009 2170 1167 2208 tantum
1190 2167 1392 2221 attingens
1402 2165 1452 2221 ¹¹),
1475 2166 1708 2222 priusquam
1732 2164 1830 2229 varii

462 2250 590 2288 terrae
621 2245 842 2288 incolarum
874 2243 1038 2286 habitus
1070 2246 1339 2285 recensentur.
1359 2243 1391 2297 ⁸)
1453 2242 1556 2285 Tum
1587 2243 1629 2284 in
1662 2256 1848 2297 quorum.

506 2462 531 2501 ¹)
579 2462 758 2494 183-188.

507 2520 534 2559 ²)
580 2522 761 2552 292—408.

505 2580 530 2619 ³)
576 2579 860 2617 437‚409-443.

505 2640 530 2677 ἢ
575 2641 757 2672 444—501.

504 2700 530 2738 ⁸)
575 2702 755 2732 502—584.

505 2757 530 2793 θ)
575 2759 758 2790 585—695.

509 2817 531 2853 τ)
578 2819 756 2849 eae—710.

506 2876 532 2915 8)
579 2878 758 2907 ἰιι-743.
