1910 3250
762 262 810 268 ..-
874 239 1039 278 41-

155 364 469 404 schoenobatica
502 363 628 402 fuisse
662 375 738 414 pro
774 376 871 403 vero
906 363 1165 403 affirmavere.
1218 361 1315 400 Non
1351 364 1483 400 tamen
1519 361 1635 400 abest

154 434 346 485 suspicio,
376 433 470 483 quin
492 432 813 471 Astronomicon
841 436 984 472 auctor
1012 432 1215 482 quondam
1240 431 1283 469 in
1302 430 1543 481 elephantis,
1571 433 1633 468 ut-

154 507 251 553 pote
280 514 380 552 quos
409 502 566 543 eximiis
594 501 784 540 laudibus
814 502 965 551 efferat,
993 506 1119 540 artem
1149 501 1268 552 plane
1298 499 1524 538 inauditam
1552 499 1634 537 fue-

155 571 213 610 rit
239 571 473 610 admiratus.
518 570 627 618 Quin
647 569 781 619 etiam,
811 570 992 619 quamvis
1013 570 1333 609 emendationem
1351 568 1636 607 Bentleianam

157 644 348 689 tanquam
378 639 600 678 violentam
628 651 876 689 respuamus,
906 639 1207 678 concedendum
1234 642 1296 677 est
1323 637 1408 676 fieri
1437 637 1635 688 potuisse,

154 710 200 748 nt
218 708 414 747 Manilius
443 710 536 747 ante
567 720 686 757 quam
711 709 840 747 libros
861 709 923 747 IV
944 711 985 747 et
1005 708 1043 746 V
1067 711 1340 758 componeret,
1369 707 1447 745 nisi
1466 706 1636 755 Romae,

153 777 255 816 alias
291 779 424 816 tamen
461 777 700 828 elephantos
734 790 809 827 per
837 778 952 816 funes
981 777 1257 827 ingredientes
1286 765 1499 826 spectaret.
1555 774 1636 813 Ex-

154 858 349 895 ponemus
391 845 496 884 enim
538 844 644 883 infra
685 858 773 884 eum
809 846 977 884 multum
1013 845 1055 883 in
1094 845 1238 884 itinere
1273 845 1397 883 fuisse
1432 848 1552 893 atque
1587 855 1636 881 eo

157 915 401 966 pervenisse,
443 915 514 952 ubi
554 915 709 954 bestiae
753 915 848 953 illae
889 918 1123 953 nascuntur.
1182 913 1311 952 Nullo
1349 918 1482 952 tamen
1514 912 1636 952 modo

157 985 364 1035 elephanti
405 996 579 1034 quonam
618 997 726 1022 anno
769 997 792 1022 a
833 984 1007 1023 Manilio
1050 984 1221 1034 gloriam
1265 982 1470 1034 ceperint,
1518 981 1637 1020 nobis

157 1054 211 1103 V,
239 1057 326 1103 ¹707,
353 1056 400 1093 ut
427 1053 559 1093 voluit
586 1054 824 1103 Merkelius,
854 1054 1116 1104 significatur.

262 1124 420 1173 Quibus
455 1123 587 1162 missis
616 1135 744 1173 pergo
774 1123 825 1161 ad
853 1123 978 1161 alium
1006 1122 1151 1172 locum,
1188 1134 1267 1172 quo
1297 1122 1359 1160 usi
1389 1121 1638 1172 posteriores

158 1193 318 1243 quidem
337 1193 656 1232 Astronomicon
683 1193 813 1231 libros
842 1192 1060 1230 referamus
1081 1192 1131 1230 ad
1152 1195 1326 1230 aetatem
1347 1191 1516 1229 Tiberii.
1559 1190 1638 1229 Est

158 1266 291 1300 autem
318 1261 360 1299 in
387 1261 599 1311 prooemio
630 1261 725 1299 libri
746 1261 818 1299 IV.
863 1260 947 1298 Ubi
981 1260 1060 1310 (vv.
1091 1259 1233 1309 1—13)
1263 1262 1378 1299 tanta
1406 1254 1494 1298 cum
1512 1259 1639 1298 since-

158 1331 282 1370 ritate
321 1343 368 1369 ac
409 1331 623 1369 severitate
664 1335 829 1380 poetam
871 1329 1207 1380 deprehendimus
1243 1331 1556 1378 conquerentem
1589 1329 1638 1368 de

159 1399 333 1438 avaritia
373 1399 599 1448 aequalium
641 1403 681 1437 et
722 1398 894 1447 luxuria,
935 1402 980 1436 ut
1015 1397 1136 1447 plane
1171 1410 1196 1436 a
1230 1398 1306 1437 fide
1341 1398 1559 1436 abhorreat
1593 1409 1640 1436 ea

161 1468 375 1517 sententia,
405 1480 482 1517 qua
509 1468 694 1507 Lucretii
723 1467 891 1506 Horatii
913 1466 1047 1506 Gratii
1069 1467 1209 1506 Ovidii
1237 1472 1283 1505 ut
1311 1468 1403 1506 aliis
1431 1467 1553 1506 rebus
1583 1467 1641 1505 sic

161 1537 324 1586 querela
351 1536 534 1586 exempla
562 1536 713 1574 imitari
741 1539 899 1574 tantum
926 1536 1105 1574 voluisse
1133 1536 1351 1575 incusetur.
1401 1536 1462 1574 At
1490 1536 1640 1574 rectius

158 1609 293 1655 agent,
322 1605 549 1655 quicunque
576 1605 678 1644 talia
706 1606 955 1644 extrinsecus
984 1609 1094 1644 mota
1122 1605 1246 1644 fuisse
1275 1617 1323 1644 ac
1352 1605 1493 1644 referri
1524 1605 1640 1655 quasi

159 1675 305 1725 populi
332 1686 471 1712 vocem
500 1674 731 1712 censebunt.
781 1674 901 1722 Quod
931 1674 1010 1712 nisi
1040 1675 1197 1723 fuisset,
1227 1674 1369 1713 mirum
1397 1686 1493 1712 sane
1522 1678 1641 1724 esset,

160 1747 322 1794 poetam
358 1743 478 1782 semel
514 1743 659 1782 iterum
691 1743 852 1793 saepius
881 1746 1041 1792 tamque
1070 1743 1251 1793 graviter
1278 1742 1415 1781 invehi
1444 1743 1486 1780 in
1515 1743 1640 1782 homi-

162 1824 232 1851 nes
261 1813 423 1863 praeter
450 1811 612 1850 modum
639 1811 845 1862 profusos,
874 1811 984 1850 velut
1011 1824 1047 1850 v.
1077 1813 1171 1851 375:

266 1892 414 1937 „Atque
438 1892 534 1927 haec
559 1891 786 1938 (aucupatio)
810 1892 846 1927 in
872 1892 1040 1934 luxum;
1066 1892 1139 1928 iam
1165 1893 1280 1928 ventri
1305 1892 1447 1938 longius
1472 1892 1543 1927 itur

269 1949 387 1992 Quam
412 1950 522 1985 modo
547 1949 709 1985 militiae.
757 1948 999 1985 Numidarum
1024 1950 1210 1996 pascimur
1236 1950 1306 1986 oris

268 2007 457 2042 Phasidos
482 2010 519 2043 et
542 2007 720 2052 lucisf‘ffi)

161 2087 305 2136 Itaque
354 2088 422 2125 vix
461 2087 628 2134 errabis,
677 2087 710 2124 si
753 2091 915 2137 poetam
956 2087 1081 2137 finges
1123 2088 1411 2127 lamentantem
1454 2101 1501 2127 eo
1544 2091 1641 2127 tem-

163 2167 275 2206 pore,
305 2167 385 2205 quo
415 2157 534 2194 luxus
554 2156 799 2194 coercendus
819 2155 975 2194 civibus
995 2155 1074 2194 fuit
1093 2156 1134 2194 in
1156 2157 1322 2206 optatis.
1365 2157 1489 2195 Anno
1509 2160 1643 2196 autem

163 2227 238 2264 769
271 2225 314 2263 in
347 2228 490 2263 senatu
526 2236 644 2274 saepe
682 2224 808 2262 multa
842 2225 883 2261 in
922 2224 1059 2263 luxum
1096 2225 1275 2263 civitatis
1311 2226 1422 2264 dicta
1457 2238 1545 2264 esse
1574 2227 1643 2264 ob-

165 2296 297 2333 stante
325 2293 509 2344 principe
537 2296 712 2332 testatur
733 2293 958 2342 Tacitusffl),
988 2294 1046 2332 ita
1074 2299 1118 2332 ut
1146 2294 1445 2333 decerneretur:
1476 2307 1524 2334 ne
1547 2306 1645 2334 vasa

163 2375 283 2402 auro
313 2362 445 2400 solida
473 2362 751 2400 ministrandis
781 2362 883 2400 cibis
911 2363 1055 2401 fierent
1082 2375 1181 2401 neve
1210 2363 1334 2401 vestis
1366 2363 1506 2402 Serica
1532 2364 1644 2403 viros

166 2431 360 2470 foedaret.
418 2430 506 2470 Nec
549 2443 662 2469 secus
699 2431 885 2469 consules
923 2444 957 2469 a.
995 2431 1047 2470 U.
1085 2433 1159 2470 775
1194 2431 1568 2470 animadverterunt
1602 2433 1645 2478 in

166 2499 318 2548 luxum,
353 2499 422 2548 qui
456 2499 700 2550 immensum,
739 2505 783 2538 ut
817 2501 876 2539 ait
904 2500 1084 2548 Tacitus,
1121 2504 1367 2550 proruperat
1401 2501 1451 2538 ad
1488 2506 1646 2551 cuncta,

171 2567 316 2618 quibus
343 2568 516 2618 pecunia
542 2569 787 2619 prodigitur.
829 2569 927 2607 Alia
955 2568 1060 2607 enim
1081 2571 1323 2619 sumptuum,
1354 2570 1536 2619 quamvis
1556 2583 1645 2620 gra—

268 2721 308 2766 16)
340 2723 408 2765 lv,
439 2724 516 2765 263,
548 2724 746 2766 ene-4053
778 2725 825 2766 v,
861 2726 936 2768 195,
961 2725 1036 2758 293.
1111 2724 1152 2768 17)
1186 2724 1282 2759 Ann.
1308 2724 1356 2766 11,
1382 2714 1453 2766 333'
1475 2724 1519 2759 ef.
1546 2724 1644 2759 Man.

171 2779 242 2823 IV,
266 2781 458 2822 396—399,
487 2779 532 2824 V,
557 2781 641 2823 293;
668 2781 799 2816 deinde
827 2783 922 2817 Anu.
947 2781 1016 2824 111,
1040 2783 1101 2823 52-;
1126 2784 1202 2815 tum
1229 2780 1276 2823 11,
1301 2782 1356 2816 44.
