1930 3320
746 289 1028 330 ...21-

147 422 388 474 exprimant,
414 417 685 459 referentibus
715 416 833 456 nobis
863 428 1131 468 „suspensum
1159 415 1325 455 orbem“
1352 414 1404 454 ad
1423 414 1629 454 fortunam

149 492 324 541 indeque
352 487 630 528 audientibus:
659 487 832 537 „Pugna
849 486 1022 525 Actiaca
1041 487 1089 525 de
1109 486 1276 524 fortuna
1303 485 1415 524 orbis
1444 487 1484 523 et
1512 483 1629 534 caeli,

149 561 200 600 de
229 560 359 599 salute
386 557 515 597 totius
545 556 683 595 mundi
711 556 892 606 agetur“.
948 555 1095 604 Itaque
1132 566 1371 604 quocunque
1407 553 1528 592 modo
1565 565 1630 592 res

151 642 194 670 se
228 630 365 679 habet,
400 627 502 666 nihil
533 626 684 675 subest,
713 637 784 663 eur
813 624 1082 664 Octavianum
1111 624 1313 663 scribente
1342 622 1518 662 Manilio
1546 621 1633 660 vita

148 698 333 739 in'Urbe
363 697 442 736 fmi
472 695 692 734 credamus.

247 766 436 816 Denique
474 776 552 814 quo
589 766 710 814 paeto
742 762 905 812 Caesar,
941 762 1072 801 Divus
1108 762 1178 801 ille
1211 761 1286 798 κατ’Δ
1317 760 1445 808 ἐξοχήν,
1476 761 1633 799 eaelum

149 835 369 887 replevisse
398 833 605 885 putandus
634 831 720 870 est?
764 830 943 881 Scilicet,
972 835 1017 869 ut
1044 831 1104 870 ait
1130 831 1430 879 Lachmannus,
1459 841 1542 868 non
1571 841 1632 878 eo,

150 904 260 956 quod
294 903 382 954 ipse
421 902 532 941 solus
568 901 664 939 deus
699 900 830 938 factus
866 903 940 948 est,
977 899 1046 938 sed
1074 899 1251 950 posteris
1281 898 1363 937 suis
1392 898 1534 937 itidem
1561 898 1632 936 du-

149 972 287 1014 cendis
321 972 364 1010 in
400 971 565 1010 caelum.
620 968 716 1007 Non
753 969 879 1018 igitur
907 970 1072 1018 poterat
1100 968 1182 1006 dici
1211 967 1413 1018 „replevit
1439 967 1632 1016 eaelum“,

150 1042 231 1082 nisi
264 1053 367 1080 unus
404 1039 546 1078 saltem
580 1049 600 1076 e
635 1038 832 1088 progenie
865 1037 1079 1076 Caesarem
1111 1036 1162 1075 ad
1192 1049 1360 1086 superos
1391 1036 1630 1075 subsecutus
1671 1036 1683 1051 ‘

149 1111 308 1150 fuisset.
355 1109 540 1158 Namque
571 1108 733 1158 opinari
763 1107 850 1145 sola
879 1106 983 1146 Julii
1012 1107 1146 1145 anima
1176 1106 1330 1145 eaelum
1358 1107 1565 1156 expletum
1593 1108 1634 1144 et

150 1179 395 1219 cumulatum
423 1177 545 1216 etiam
572 1177 614 1214 in
643 1176 790 1214 altiore
821 1175 913 1214 sede
949 1176 1003 1227 (v,
1031 1177 1124 1225 802)
1162 1175 1286 1214 fuisse
1315 1175 1452 1214 neseio
1481 1188 1533 1214 an
1561 1175 1634 1214 ali-

151 1252 304 1299 quanto
334 1247 513 1297 ineptius
543 1246 608 1284 sit.
655 1245 774 1283 Certe
805 1257 963 1295 semper
980 1245 1093 1283 loeus
1113 1244 1296 1295 patuerit
1315 1245 1364 1294 ei,
1394 1245 1463 1294 qui
1483 1257 1506 1283 a
1527 1243 1634 1283 Jove

152 1316 321 1368 Optimo
348 1315 530 1354 Maximo
559 1313 612 1352 ad
639 1313 817 1363 regenda
845 1313 980 1352 sidera
1007 1318 1175 1352 vocatus
1204 1314 1340 1352 fuerit.

257 1386 371 1434 Quae
399 1397 488 1423 cum
515 1384 574 1422 ita
603 1383 699 1431 sint,
727 1385 851 1432 poeta
877 1383 1029 1432 fingere
1051 1382 1345 1421 existimandus
1365 1385 1427 1422 est
1447 1382 1635 1422 Octavia-

45 1443 47 1447 ·
155 1467 251 1494 num
278 1453 357 1493 iam
385 1458 575 1492 nanctum
602 1451 642 1488 in
673 1450 798 1497 caelo,
828 1462 1090 1500 quaecunque
1118 1451 1167 1490 de
1196 1452 1316 1490 terris
1336 1464 1371 1490 a.
1391 1450 1446 1490 U.
1465 1453 1539 1490 731
1559 1462 1635 1502 pro

155 1536 204 1564 eo
233 1523 380 1564 ‚Iovem
407 1524 596 1573 precatus
625 1526 715 1563 erat
741 1519 943 1559 Horatius
972 1520 1069 1572 (od.
1096 1521 1131 1571 Ι,
1162 1522 1247 1570 12);

843 1614 982 1658 „micat
1005 1615 1101 1650 inter
1126 1625 1252 1650 omnes

508 1672 679 1710 Julium
711 1671 838 1707 sidus
861 1672 987 1708 velut
1011 1673 1131 1708 inter
1155 1673 1285 1718 ignes

508 1824 607 1882 Orffe
633 1844 804 1889 Saturno,
828 1845 895 1880 tibi
922 1854 1012 1880 eura
1034 1845 1160 1891 magni

509 1901 682 1936 Caesaris
707 1902 794 1937 fatis
819 1902 932 1938 data:
957 1905 974 1937 t
985 1914 1010 1937 u
1034 1912 1079 1938 se
1091 1913 1142 1938 cu
1153 1903 1238 1938 ndo

705 1958 903 1996 Caesare
927 1971 1108 2006 regnes.

510 2017 572 2052 Te
602 2017 753 2053 minor
776 2018 893 2053 latum
917 2020 1020 2064 reget
1046 2029 1186 2064 aequus
1211 2019 1347 2062 orbem,

511 2074 570 2109 Tu
594 2074 697 2119 gravi
724 2084 827 2108 curru
851 2075 994 2120 quaties
1024 2074 1232 2122 Olympum,

514 2133 572 2168 Tu
596 2143 727 2177 pamm
754 2132 867 2167 castis
892 2132 1041 2168 inimica
1065 2133 1190 2169 mittes

705 2189 875 2224 Fulmina
898 2190 1055 2236 lueis.“⁶)

701 1729 830 1764 Luna
854 1730 942 1765 min
955 1740 1070 1765 ores.

182 1734 285 1959 el
508 1785 639 1822 Gentis
663 1787 798 1822 human
804 1798 848 1822 ae
873 1788 983 1833 pater
1008 1789 1121 1833 atque
1148 1790 1273 1824 custos

257 2284 395 2334 Pergo
433 2283 484 2322 ad
522 2282 645 2321 alium
674 2282 817 2331 locum,
853 2282 923 2320 ubi
953 2281 1202 2323 Octavianus
1231 2284 1311 2323 iam
1338 2284 1469 2324 Divus
1498 2297 1641 2336 parum

155 2354 313 2394 velatus
341 2354 415 2392 sub
444 2352 574 2391 oculis
601 2351 754 2390 nostris
783 2351 927 2390 aderit.
969 2352 1010 2391 N
1013 2365 1091 2392 une
1119 2355 1226 2393 enim
1253 2355 1511 2405 inspicienda
1530 2354 1640 2393 vide-

130 2426 222 2469 Vtur
254 2426 434 2463 extrema
465 2421 618 2472 pagina
646 2420 742 2458 libri
772 2421 804 2457 Ι.
862 2420 992 2469 Quam
1020 2422 1170 2461 murtus
1199 2428 1262 2462 est
1288 2426 1412 2473 poeta
1440 2424 1482 2462 in
1511 2423 1640 2462 laudi·

155 2493 231 2532 bus
258 2488 462 2542 Augusti!
517 2489 651 2528 Versu
680 2489 755 2527 913
783 2492 1081 2540 commemorat,
1109 2503 1182 2541 per
1209 2493 1339 2543 patris
1368 2492 1543 2543 vestigia
1570 2505 1640 2544 pa-

262 2668 290 2714 6)
313 2669 400 2704 Hoc
425 2677 572 2704 carmen
598 2666 848 2702 Horatianum
874 2668 906 2702 si
930 2669 1011 2714 quis
1037 2672 1307 2717 comparaverit
1332 2682 1414 2707 cum
1441 2672 1486 2706 iis
1509 2671 1642 2715 verbis,

163 2736 259 2772 quae
291 2725 388 2772 apud
412 2725 602 2760 Manilium
627 2723 712 2759 inde
739 2734 762 2758 a
785 2724 814 2768 Ι,
845 2726 912 2762 ’702
936 2738 1051 2774 usque
1077 2730 1126 2764 ad
1149 2740 1202 2765 vs.
1228 2731 1296 2765 804
1320 2730 1513 2771 habentur,
1543 2728 1642 2764 haud

164 2795 272 2830 aegre
298 2783 368 2820 sibi
391 2781 629 2830 persuadebit
652 2782 770 2818 multa
795 2783 1019 2830 astrologum
1038 2797 1060 2822 a
1078 2786 1190 2832 lyrico
1210 2797 1292 2822 esse
1311 2789 1528 2822 mutuatum.
1566 2785 1640 2821 Cfr.

164 2842 276 2879 etiam
304 2841 370 2878 Ov.
395 2841 485 2878 Met.
509 2838 597 2885 XV,
610 2840 688 2881 ‘858
713 2857 745 2884 e.
771 2848 805 2882 q·
830 2849 859 2875 s,
