1910 3250
719 293 1005 333 -59-

119 418 239 458 Talia
267 429 471 468 nunquam
499 417 624 456 scribi
654 417 840 468 potuisse
868 415 948 455 nisi
976 415 1070 455 vivo
1091 414 1284 466 Augusto
1313 425 1386 465 per
1410 424 1453 452 se
1471 412 1606 464 ipsum

116 489 251 540 patet3
288 498 361 526 nec
401 490 535 524 tamen
577 486 708 524 minus
752 485 870 524 facile
914 488 1030 524 tanto
1069 496 1157 523 cum
1195 483 1488 523 sententiarum
1519 484 1607 521 tum

115 556 330 595 verborum
363 558 561 594 concentu
596 554 675 593 tibi
713 554 979 604 persuadebis
1008 566 1055 592 ea
1083 554 1188 592 lecta
1218 552 1419 603 gliscente
1448 551 1490 590 in
1517 550 1605 590 dies

114 623 242 674 magis
270 623 391 662 etiam
422 623 578 662 Tiberii
607 622 843 661 adulatione
872 623 915 660 in
944 622 1051 661 hunc
1079 621 1368 661 celebrandum
1388 620 1606 659 Manilium

114 692 385 742 transtulisse,
426 692 496 730 ubi
532 692 705 740 primum
740 691 791 729 iis
826 691 1124 742 comparaveris
1162 691 1248 740 illa,
1293 701 1394 739 quae
1433 693 1528 727 sunt
1562 688 1605 727 in

114 761 421 802 Astronomicis
453 761 504 812 (I,
533 762 646 810 6-8,
676 762 762 809 384,
793 759 903 810 798);

279 837 347 880 Tu,
373 835 524 879 Caesar,
546 835 731 881 patriae
756 835 1072 882 princepsque
1097 821 1349 880 paterque,

275 893 344 938 Qui
367 893 464 940 regis
489 893 719 940 Augustis
745 895 937 939 parentem
963 892 1150 938 legibus
1176 892 1301 928 orbem

276 952 575 997 Concessumqu‘e
600 951 699 997 patri
724 951 896 986 mundum
923 951 1034 986 deus
1058 950 1160 996 ipse
1187 951 1348 986 mereris.

278 1009 416 1046 Cetera
440 1020 512 1045 non
538 1009 691 1052 cedunt3
716 1020 801 1044 uno
826 1009 1075 1044 vincuntur
1097 1008 1140 1043 in
1168 1011 1294 1044 astro

0 1077 22 1097 ε
51 1022 164 1102 75ss
273 1067 506 1112 Augusto,
532 1067 632 1102 sidus
658 1069 787 1102 nostro
811 1065 908 1111 quod
935 1066 1089 1111 contigit
1113 1066 1203 1109 orbi,

279 1124 421 1160 Caesar
445 1135 540 1160 nunc
564 1124 795 1170 terris‚·post
820 1123 954 1159 caelo
980 1123 1206 1159 maximus
1232 1124 1406 1159 auctor.

528 1182 685 1218 Veneris
712 1182 758 1217 ab
786 1181 923 1227 origine
950 1181 1073 1227 proles

275 1239 377 1276 Julia
403 1239 594 1276 descendit
620 1240 726 1276 caelo
752 1239 967 1286 caelumque
991 1239 1155 1285 replevit,

277 1295 404 1340 Quod
428 1298 550 1344 regit
573 1298 814 1344 Augustus
839 1298 965 1334 socio
990 1308 1071 1343 per
1096 1298 1230 1343 signa
1255 1297 1481 1333 Tonante.

278 1353 404 1391 Cernit
429 1358 468 1391 et
490 1356 528 1391 in
554 1359 662 1391 coetu
686 1355 854 1392 Divum.
1407 1351 1410 1353 ’

528 1416 684 1450 rector
710 1413 857 1460 Olympi
884 1414 975 1458 (scil.
1001 1414 1047 1449 de
1074 1412 1309 1456 Octaviano).

114 1488 255 1538 Atque
295 1486 418 1527 etiam
460 1487 580 1526 huius
622 1489 811 1527 carminis
845 1489 1086 1539 scriptorem
1123 1487 1338 1537 intelleges
1373 1487 1424 1525 ab
1462 1485 1603 1525 Ovidii

115 1556 342 1606 blanditiis,
384 1568 485 1606 quae
523 1557 575 1594 ad
614 1556 838 1606 Caesarem,
873 1558 1122 1607 Augustum,
1159 1556 1369 1594 Tiberium
1404 1557 1602 1606 spectant,

115 1626 347 1677 profectum.
378 1625 437 1664 ita
472 1625 635 1675 longius
671 1626 935 1676 processisse,
969 1630 1015 1664 ut
1051 1626 1115 1664 avi
1148 1626 1286 1675 partes
1314 1624 1437 1674 patri,
1471 1623 1602 1674 patris

114 1695 200 1734 filio
234 1694 364 1743 daret,
403 1694 547 1733 iisdem
575 1707 695 1745 saepe
724 1695 859 1734 verbis
887 1695 1108 1745 usurpatis.
1163 1694 1291 1732 Velut
1318 1693 1387 1732 ille
1416 1696 1602 1732 exstante

116 1763 286 1803 Horatii
327 1763 526 1814 exemplo,
569 1764 678 1814 quod
721 1776 843 1814 supra
880 1764 1014 1814 tetigi,
1055 1767 1196 1815 aperte
1231 1763 1333 1802 dicit
1367 1761 1602 1812 Augustum

114 1844 216 1883 esse,
250 1833 583 1882 quemadmodum
612 1832 758 1871 Jovem
794 1833 923 1872 totius
959 1833 1109 1879 mundi,
1147 1833 1206 1871 ita
1241 1836 1439 1871 terrarum
1470 1835 1601 1870 recto-

115 1914 198 1942 rem
224 1914 271 1942 ac
297 1904 474 1953 patrem3
504 1906 546 1940 at
573 1902 640 1941 hic
668 1902 819 1941 iactare
848 1914 931 1941 non
959 1906 1122 1941 veretur
1151 1901 1320 1954 eundem
1349 1901 1502 1940 socium
1529 1912 1601 1951 per

117 1971 236 2022 signa
263 1971 382 2010 Jovis
411 1975 452 2011 et
480 1972 614 2022 ipsum
642 1976 840 2010 rectorem
870 1970 1047 2022 Olympi.

218 2039 364 2079 Denuo
395 2041 522 2091 igitur
548 2040 769 2090 probamus
798 2040 962 2078 iuvante
993 2039 1165 2078 Ovidio:
1200 2039 1417 2078 Manilium
1446 2049 1602 2088 semper

114 2108 320 2148 reminisci
359 2109 458 2148 Divi
494 2109 689 2159 Augusti,
733 2121 853 2158 quam
894 2109 946 2147 ob
989 2121 1071 2148 rem
1108 2108 1298 2147 Tiberius
1339 2120 1427 2147 esse
1467 2108 1602 2156 debet,

117 2190 235 2228 quem
262 2179 502 2230 cognomine
529 2179 595 2217 dei
624 2178 817 2229 appellet.
863 2178 1000 2217 Etiam
1028 2179 1105 2217 hoc
1132 2178 1248 2229 prior
1278 2177 1451 2216 Ovidius
1481 2177 1601 2228 (Met.

115 2247 215 2298 XV,
241 2249 328 2297 838,
357 2249 449 2297 839>
483 2248 694 2298 praecepit
721 2247 918 2297 versibus,
951 2248 1098 2297 quibus
1119 2247 1328 2286 Tiberium
1357 2247 1512 2286 oraculi
1541 2247 1600 2285 in-

116 2322 202 2356 star
240 2316 325 2355 edit
364 2315 490 2355 insita
529 2316 581 2354 ab
622 2328 697 2354 avo
740 2315 805 2354 dei
847 2319 993 2355 natura
1035 2328 1174 2367 parem
1214 2316 1333 2356 annis
1369 2315 1599 2356 Octaviano

121 2391 298 2448 cognata
326 2385 461 2424 sidera
487 2397 572 2424 esse
601 2387 814 2424 tacturum.

220 2455 324 2494 Item
358 2453 542 2504 quisquis
569 2454 864 2493 Astronomica
903 2455 1081 2505 scripsit,
1117 2456 1224 2494 haud
1258 2468 1388 2506 pauca
1415 2455 1601 2506 deprom-

86 2522 203 2574 ‚psit
229 2523 419 2563 eFastis.
462 2524 583 2563 Unde
619 2524 670 2562 ad
709 2536 768 2573 ea,
808 2536 910 2574 quae
944 2525 1064 2563 modo
1101 2537 1150 2563 ex
1187 2525 1272 2563 illis
1308 2526 1473 2577 sumpsi,
1506 2538 1602 2576 pro-

0 2587 35 2608 3„

0 2623 12 2659 [v

0 2675 21 2690 ’,-

5 2700 26 2710 ,μ’

124 2591 236 2631 tinus
266 2592 544 2642 adiunguntur
572 2593 652 2631 ista
682 2593 804 2632 verba
832 2593 889 2643 11,
923 2595 1125 2633 127—132
1154 2595 1284 2645 (637):

323 2665 460 2702 Sancte
484 2670 592 2713 pater
616 2667 774 2714 patriae,
799 2695 808 2704 .
835 2695 842 2703 .
869 2695 877 2704 .

403 2751 412 2759 .
438 2751 446 2759 .
471 2724 544 2773 iam
569 2725 709 2770 pridem
734 2727 775 2765 tu
799 2727 907 2770 pater
932 2726 1028 2761 orbis
1054 2737 1149 2762 eras.

323 2779 409 2816 Hoc
432 2784 472 2816 tu
496 2774 561 2827 per
584 2784 714 2826 terras,
739 2783 836 2828 quod
862 2783 898 2818 in
924 2783 1074 2818 aethere
1099 2784 1275 2830 Juppiter
1301 2783 1387 2828 alto,

370 2837 515 2875 Nomen
539 2839 667 2876 habos.
715 2839 916 2877 Hominum
940 2843 981 2876 tu
1005 2843 1124 2887 pater,
1148 2841 1208 2877 ille
1234 2841 1352 2879 deum.
