1936 3392
1100 287 1155 328 30

429 431 828 473 animadvertendum
876 435 956 479 est,
1007 444 1086 469 non
1119 428 1269 470 ‘minus
1318 428 1367 470 iis
1401 429 1659 470 divinationis
1692 444 1807 482 gene-

429 504 537 545 ribus
570 518 660 545 eum
693 502 918 551 studuisse,
967 517 1069 555 quae
1103 501 1150 541 ab
1186 501 1284 556 ipsis
1316 500 1506 542 Romanis
1538 501 1728 556 adoptata
1759 515 1806 541 ex

430 580 592 622 Etruria
622 579 816 635 imprimis
848 578 1041 632 originem
1073 592 1184 618 suam
1220 577 1457 619 ducebant.”
1471 578 1496 632 ¹)
1540 577 1602 619 De
1623 577 1807 619 Bentleio

430 658 568 712 igitur,
619 656 651 697 si
698 670 836 697 verum
886 669 1009 709 nepos
1056 653 1237 703 rettulit,
1289 668 1425 694 vereor
1456 669 1504 695 ne
1538 654 1672 695 valeat
1703 653 1806 694 illud

430 731 720 774 Horatianum:
758 730 1027 784 „quandoque
1059 727 1187 769 bonus
1221 729 1411 770 dormitat
1443 728 1684 770 Homerus.”

490 808 629 850 Restat
678 806 842 848 tertium
892 810 1013 859 atque
1045 805 1324 859 gravissimum
1356 809 1660 859 argumentum,
1699 805 1806 858 quod

428 889 487 925 est
515 900 535 925 e
565 883 742 926 dictione
771 886 912 938 poetae
935 882 1122 937 petitum.
1158 880 1260 922 Cum
1289 880 1462 923 Jacobus
1484 881 1681 923 uberrime
1693 881 1805 923 illum

426 961 557 1002 locum
606 959 859 1009 tractaverit,
905 964 950 1000 ut
983 958 1191 999 videamus
1224 958 1365 1011 quanti
1397 958 1450 999 sit
1482 957 1698 1008 momenti,
1732 972 1805 1012 age

428 1053 519 1080 eum
553 1052 777 1092 sequamur.
826 1036 994 1092 Scripsit
1027 1035 1224 1090 autem22)
1263 1035 1422 1085 „Nulla
1454 1035 1683 1091 linguarum
1715 1050 1806 1091 pars

429 1130 559 1171 neque
591 1116 640 1157 ad
673 1115 914 1171 elegantiam
947 1114 1106 1170 gravior
1137 1128 1266 1168 neque
1299 1115 1348 1155 ad
1383 1129 1500 1155 usum
1532 1113 1732 1156 difficilior
1747 1117 1808 1155 est

430 1210 550 1249 quam
584 1209 662 1249 qua
694 1209 764 1249 per
795 1193 1010 1249 particulas
1044 1193 1216 1234 vincitur
1248 1193 1386 1234 oratio.
1448 1191 1535 1234 Iam
1569 1191 1668 1234 mihi
1689 1191 1804 1243 vide,

429 1285 548 1323 quam
598 1268 646 1310 ab
694 1269 769 1310 hac
816 1273 928 1323 parte
978 1267 1116 1309 debilis
1165 1268 1218 1308 sit
1267 1267 1476 1310 Manilius.
1540 1268 1646 1309 Dum
1696 1267 1804 1308 enim

429 1360 645 1401 paucarum
696 1345 769 1399 (oi,
805 1345 942 1395 donee,
977 1344 1098 1399 quod)
1128 1360 1169 1385 se
1201 1359 1298 1400 gyro
1331 1343 1522 1395 includit,
1557 1343 1653 1385 alias
1685 1343 1806 1385 maxi·

430 1438 570 1477 meque
620 1427 830 1477 usurpatas
873 1422 1002 1477 poetis
1034 1422 1075 1462 in
1109 1421 1329 1463 orationem
1363 1421 1508 1462 inferre
1541 1435 1620 1462 non
1653 1420 1803 1476 potuit.

430 1501 568 1541 Veluti
618 1500 797 1554 quoniam
843 1499 939 1540 locis
991 1502 1039 1549 5,
1079 1499 1250 1554 quamvis
1284 1500 1309 1538 4
1342 1498 1404 1539 vel
1441 1501 1490 1548 5,
1516 1503 1720 1554 postquam
1754 1501 1804 1548 4,

427 1578 546 1618 simul
587 1576 783 1632 (simulac)
819 1580 862 1626 4,
913 1579 967 1631 (et
1000 1577 1107 1630 quod
1141 1576 1292 1617 nescias
1325 1577 1475 1617 mirone
1507 1589 1599 1616 casu
1633 1590 1683 1617 an
1715 1589 1806 1616 con-

428 1655 515 1696 silio
549 1654 738 1696 accidisse
771 1655 896 1705 dicas,
931 1655 1080 1708 ubique
1103 1654 1242 1695 addita
1265 1653 1461 1708 particula
1483 1658 1558 1704 At,
1583 1655 1635 1695 At
1655 1654 1803 1708 aimuh)

421 1732 652 1786 priusquam
702 1734 749 1782 3,
799 1731 940 1786 quippe
988 1733 1037 1781 3,
1087 1735 1290 1786 antequam
1343 1733 1387 1781 l,
1428 1735 1474 1770 ui
1505 1729 1721 1784 temporale
1759 1732 1802 1787 i,

428 1809 581 1864 quando
612 1808 723 1850 nullo
756 1808 842 1850 loco
874 1809 1089 1849 invenitur.
1131 1809 1253 1860 Quum
1283 1822 1373 1848 vero
1395 1807 1622 1861 (siquidem)
1648 1811 1804 1862 praeter

429 1885 762 1926 consuetudinem
811 1900 926 1940 saepe
974 1900 1064 1927 cum
1112 1885 1332 1926 indicativo
1364 1885 1603 1940 coniungit;
1637 1884 1659 1925 I
1695 1885 1801 1925 139:

430 1961 711 2015 Prohibentque
741 1961 888 2016 requiri
920 1962 1028 2002 ultra
1059 1976 1098 2002 ee
1130 1962 1356 2016 quiequam,
1384 1976 1498 2016 quum
1518 1975 1588 2014 per
1608 1975 1649 2002 se
1669 1964 1804 2002 eum-ta

428 2041 630 2087 creantur,
665 2037 714 2079 cf.
749 2037 793 2087 Ι,
832 2038 936 2088 742,
974 2039 1074 2079 854.
1110 2037 1178 2088 II,
1216 2039 1321 2087 201,
1357 2039 1457 2079 485.
1491 2036 1578 2088 III,
1605 2039 1704 2078 281.
1729 2036 1802 2086 IV,

430 2114 542 2163 834,
579 2113 662 2153 515
697 2117 738 2154 et
770 2113 972 2168 saepius.”

490 2187 728 2230 Huiusmodi
788 2194 1024 2243 argumenta
1076 2189 1196 2231 nihili
1250 2189 1497 2232 aestimanda
1548 2194 1660 2240 sunt,
1724 2188 1803 2231 nisi

428 2264 617 2307 nituntur
648 2266 842 2307 accuratis
876 2266 1254 2322 investigationibus
1287 2272 1326 2308 et
1358 2267 1585 2322 scriptoriS‚
1618 2267 1662 2307 in
1685 2275 1808 2320 quem·

429 2342 672 2397 inquiritur,
707 2347 747 2384 et
779 2343 966 2396 aliorum,
1002 2345 1070 2398 qui
1099 2360 1188 2386 cum
1213 2360 1256 2386 eo
1279 2350 1373 2386 sunt
1395 2343 1662 2400 comparandi.
1695 2343 1805 2386 Neu-

428 2419 535 2457 trum
569 2415 743 2457 Jacobus
776 2416 883 2458 fecit.
947 2417 1053 2458 Nam
1086 2419 1265 2473 quoniam
1286 2433 1367 2459 non
1390 2417 1485 2459 locis
1511 2419 1532 2458 5
1557 2418 1625 2458 sed
1651 2418 1674 2458 8
1698 2417 1803 2458 inve-

429 2491 563 2533 nitur:
583 2491 614 2547 3)
647 2491 669 2532 Ι
705 2494 813 2542 118,
851 2495 960 2544 521,
984 2492 1029 2533 ΙΙ
1053 2495 1164 2544 603,
1189 2493 1259 2534 III
1287 2495 1394 2544 160,
1419 2495 1528 2544 208,
1555 2494 1664 2544 385,
1691 2493 1801 2542 560,

429 2566 491 2608 IV
527 2568 635 2618 119;
668 2568 841 2622 quamvis
871 2568 969 2609 locis
1005 2571 1052 2610 5:
1086 2569 1132 2610 II
1166 2571 1276 2620 313,
1311 2571 1422 2619 329,
1459 2570 1567 2620 398,
1601 2567 1661 2609 IV
1692 2569 1801 2619 196,

475 2714 497 2751 ¹)
545 2717 583 2745 M.
608 2717 722 2752 Hertz,
747 2716 785 2746 de
809 2716 840 2745 P.
872 2717 990 2753 Nigidii
1019 2718 1123 2754 Figuli
1152 2718 1268 2747 studiis
1296 2719 1391 2754 atque
1419 2717 1565 2755 operibus
1593 2717 1801 2751 Ber01.1845‚

423 2770 502 2819 pag.
528 2774 579 2804 32.

469 2827 499 2865 ¹²)
546 2833 716 2863 Dissertat.
740 2833 831 2871 prim.
855 2842 925 2871 pag.
954 2835 1001 2863 15.

474 2888 499 2930 ⁸)
547 2891 652 2923 lacobi
678 2892 754 2920 edit.
780 2891 882 2922 laudo.
