1936 3392
1051 301 1259 342 -34-

603 393 645 426 Et
664 391 812 425 mutant
830 389 972 425 variam
989 389 1125 425 faeiem
1141 401 1208 436 per
1228 391 1366 426 saecula
1383 392 1524 437 gentes.

601 444 648 477 At
666 443 794 477 manet
812 441 1008 476 incolumis
1027 442 1203 484 mundus,
1226 453 1366 488 suaque
1383 442 1511 477 omnia
1529 444 1673 487 servat3

603 493 693 534 Quae
714 504 782 528 nec
801 494 916 540 longa
937 493 1016 528 dies
1036 495 1149 541 auget
1168 493 1347 529 minuitve
1364 496 1533 529 senectus
1538 520 1607 529 .....

600 546 704 581 Idem
725 556 875 590 semper
895 545 979 589 erit,
1001 545 1182 592 quoniam
1201 557 1349 592 semper
1367 546 1438 581 fuit
1459 546 1572 581 idem.

599 598 680 633 Non
701 597 817 632 alium
835 597 962 633 videre
980 600 1117 643 patres,
1138 597 1301 633 aliumve
1322 601 1476 644 nepotes

599 650 825 696 Adspicient.
849 651 946 685 Deus
967 651 1023 685 est
1042 649 1106 695 qui
1126 660 1202 685 non
1222 652 1391 686 mutatur
1409 650 1446 685 in
1468 661 1543 686 aevo
1565 652 1591 685 ¹.

411 772 581 823 Ecquid,
604 771 790 823 inquam,
814 771 986 811 stoicum
1007 771 1063 810 ibi
1081 772 1273 822 reperias,
1295 772 1373 811 nisi
1400 773 1486 824 ipse
1512 772 1755 812 inserueris?
1774 772 1877 820 Quin

412 839 568 874 attente
598 835 859 887 perspicienti
888 848 1024 874 nonne
1053 835 1219 874 cuilibet
1254 836 1385 886 magis
1413 848 1462 875 ea
1488 836 1613 875 verba
1642 836 1877 876 convenisse

411 903 599 950 apparet,
619 912 744 951 quam
765 899 1036 938 stoico?Nam
1058 912 1142 938 non
1162 899 1432 938 aeternitatem
1453 899 1560 938 hanc
1577 899 1876 938 immutabilem

411 962 635 1002 decernunt
655 963 771 1002 stoici
793 963 935 1002 mundi
959 967 998 1002 et
1018 968 1222 1002 astrorum
1249 962 1484 1014 compagini
1506 973 1515 1001 :
1538 974 1777 1014 persuasum
1801 974 1876 1002 au-

408 1030 493 1065 tem
519 1027 677 1066 habent
705 1041 724 1064 «
748 1027 893 1074 solem,
915 1027 1072 1076 lunam,
1095 1026 1234 1066 stellas
1261 1039 1417 1075 omnes,
1436 1030 1606 1074 terram,
1628 1039 1756 1074 mare,
1779 1027 1877 1066 deos

409 1103 542 1130 esse...
561 1103 569 1130 :
587 1091 673 1130 fore
691 1095 830 1129 tamen
852 1091 1077 1142 aliquando
1092 1095 1137 1129 ut
1157 1091 1290 1129 omnis
1308 1090 1373 1129 hic
1394 1091 1570 1129 mundus
1588 1090 1734 1129 ardore
1754 1090 1878 1130 defla-

408 1159 497 1203 gret
512 1154 540 1193 ².
566 1170 585 1189 »
607 1156 893 1193 Humanorum
912 1155 1076 1206 quidem
1095 1154 1364 1205 imperiorum
1391 1153 1549 1204 aliquot
1569 1153 1720 1192 saecula
1739 1158 1875 1193 ortum

408 1229 680 1268 occasumque
707 1219 1051 1269 complectuntur,
1080 1218 1229 1257 saecula
1251 1222 1389 1256 autern
1418 1218 1633 1256 innumera
1658 1229 1740 1256 non
1765 1217 1876 1257 hunc

406 1282 547 1320 forsan
573 1286 815 1320 consument
837 1283 979 1320 orbem
1012 1293 1021 1320 :
1054 1282 1151 1331 quid
1178 1294 1276 1320 vero
1303 1281 1440 1319 stoicis
1464 1284 1627 1319 centum
1663 1285 1734 1320 aut
1765 1281 1874 1320 mille

406 1344 582 1383 saecula?
609 1345 679 1395 qui
701 1345 928 1395 sapientem
959 1357 1078 1383 suum
1105 1357 1187 1383 non
1212 1344 1444 1383 inferiorem
1473 1345 1572 1391 Deo,
1601 1345 1723 1383 etiam
1753 1344 1874 1384 deum

406 1421 492 1447 esse
519 1411 750 1453 autument,
779 1407 873 1446 licet
895 1407 963 1446 ille
989 1408 1057 1446 vix
1086 1407 1373 1458 octogenarius
1398 1407 1559 1446 fatiscat
1587 1412 1626 1446 et
1651 1407 1872 1456 dilabatur,

403 1473 510 1510 Deus
527 1472 635 1510 idem
651 1472 692 1510 in
710 1476 910 1511 aeternum
925 1483 971 1510 ac
989 1471 1050 1509 sui
1065 1471 1209 1510 similis
1226 1470 1378 1510 saecula
1392 1483 1552 1522 semper
1566 1470 1748 1510 labentia
1762 1471 1874 1511 inde-

404 1536 532 1576 fessus
555 1535 692 1575 vincat
715 1547 723 1574 :
747 1536 816 1574 sed
842 1535 1085 1574 brevitatem
1113 1535 1310 1586 temporis
1336 1534 1438 1573 nihil
1465 1538 1624 1584 curant,
1643 1547 1775 1586 neque
1799 1535 1873 1574 mi-

404 1600 516 1638 noris
534 1599 740 1638 aestimant
755 1599 823 1650 qui
846 1612 919 1650 per
937 1598 1081 1650 viginti
1102 1611 1231 1638 annos
1248 1598 1418 1638 rationis
1438 1598 1624 1638 conscius
1639 1599 1730 1646 fuit,
1749 1611 1874 1650 quam

405 1663 474 1714 qui
494 1675 568 1715 per
586 1663 731 1713 viginti
750 1663 878 1702 millia
898 1662 1159 1702 saeculorum.
1180 1663 1275 1709 Quis
1293 1662 1417 1712 igitur
1436 1662 1586 1701 stoicus
1613 1666 1723 1701 astra
1742 1663 1873 1713 magis

404 1726 676 1766 admirabitur
701 1739 827 1778 quam
856 1726 1054 1773 civitates,
1073 1726 1321 1777 illorumque
1348 1726 1659 1765 diuturnitatem
1681 1726 1873 1766 brevitati

403 1791 552 1830 harum
571 1791 819 1842 anteponet?
835 1790 957 1840 Vulgi
973 1789 1071 1829 levis
1091 1794 1130 1829 et
1150 1789 1420 1829 inconstantis
1443 1793 1504 1828 est
1529 1789 1611 1828 tale
1637 1794 1872 1841 temporum

403 1855 640 1901 discrimen.
660 1855 807 1906 Atque,
830 1854 905 1893 etsi
926 1854 1115 1893 Manilius
1140 1853 1206 1893 hic
1225 1853 1327 1892 illud
1354 1857 1513 1892 tantum
1541 1852 1617 1892 sibi
1642 1854 1869 1904 proposuit,

402 1924 461 1967 ut,
497 1932 619 1971 quem
651 1931 727 1958 nos
757 1919 893 1958 locum
925 1930 1187 1957 communem
1220 1929 1429 1965 vocamus,
1465 1917 1716 1967 extenderet,
1749 1929 1871 1957 nemo

402 1984 587 2035 profecto
609 1983 758 2022 stoicus
777 1983 868 2021 loco
895 1981 1106 2021 communi
1130 1980 1365 2020 indulsisset
1393 1993 1418 2019 a
1444 1980 1735 2030 magistrorum
1761 1980 1873 2020 insti-

402 2048 500 2086 tutis
520 2048 577 2086 ita
597 2047 903 2086 abhorrentem.
1674 2044 1677 2048 '

454 2113 607 2150 Locum
627 2123 791 2162 quoque
808 2122 1084 2157 communem,
1106 2121 1239 2161 neque
1257 2108 1467 2160 propriam
1486 2107 1708 2146 stoicorum
1729 2119 1872 2159 quam-

402 2175 497 2214 dam
515 2175 759 2222 doctrinam,
783 2174 904 2213 credo
926 2174 988 2212 his
1009 2173 1192 2212 versibus
1212 2173 1358 2220 inesse,
1381 2171 1529 2223 quibus
1549 2174 1671 2222 poeta
1687 2170 1870 2221 legentes

401 2238 592 2278 hortatur
624 2239 674 2277 ad
709 2242 820 2277 astra
853 2237 1138 2290 perspicienda
1172 2237 1374 2287 docetque
1408 2235 1593 2286 pervium
1629 2234 1868 2284 cogitationi

401 2303 585 2341 futurum
625 2301 841 2350 mundum,
881 2302 961 2341 hoc
1000 2303 1244 2351 argumento
1282 2299 1423 2347 fretus,
1465 2297 1678 2337 hominem
1715 2298 1869 2338 scilicet

443 2458 471 2487 1.
491 2455 640 2493 Astron„
662 2456 688 2494 I,
710 2456 780 2487 501.
796 2472 838 2477 —
861 2455 995 2494 FerraZ,
1016 2463 1068 2494 op.
1092 2452 1200 2490 laud„
1223 2462 1258 2494 p.
1280 2453 1336 2491 573
1365 2451 1423 2483 ubi
1443 2451 1566 2483 eadem
1593 2450 1776 2491 scripsisse
1798 2450 1867 2482 An-

400 2503 529 2543 glicum
551 2505 690 2543 poetam
708 2502 822 2542 Byron
845 2501 887 2532 de
908 2501 1065 2541 imperiis
1086 2503 1120 2531 et
1140 2508 1270 2532 oceano
1292 2500 1409 2530 refert.

440 2550 470 2580 2.
494 2549 578 2586 Cic.,
599 2547 718 2584 Acad„
747 2547 788 2587 ΙΙ,
817 2547 867 2586 3Ἱ,
893 2546 962 2577 119.
984 2564 1022 2569 -
1043 2546 1091 2576 Ct'.
1111 2546 1315 2583 Ravaisson,
1341 2544 1509 2575 Memoire
1537 2552 1597 2575 sur
1618 2543 1650 2575 le
1675 2543 1866 2581 stoicisme‚

398 2597 496 2627 Me'm.
518 2595 559 2627 de
578 2594 706 2626 l'Acad.
729 2593 788 2626 des
808 2594 925 2629 Inscr.5
950 2596 973 2624 t.
995 2592 1080 2631 XXI,
1101 2602 1134 2633 p.
1155 2593 1206 2623 69.
1227 2610 1267 2615 —
1287 2591 1407 2623 Senec.
1432 2601 1439 2621 ε

852 2663 922 2690 Οτι-Ιί
941 2663 1022 2696 regia
1038 2662 1180 2694 concidet,

853 2705 953 2730 Certos
972 2706 1060 2736 atque
1080 2702 1176 2729 obitus
1196 2701 1303 2733 trahet,

851 2745 946 2778 Atque
963 2751 1062 2769 omnes
1078 2742 1185 2777 pariter
1201 2743 1270 2769 deos

851 2784 956 2811 Perdet
971 2791 1050 2809 mors
1065 2783 1164 2817 aliqua
1183 2785 1214 2810 et
1229 2782 1327 2808 chaos.

1404 2821 1504 2856 (Herc.
1525 2820 1599 2852 OEt.,
1618 2819 1711 2856 1106.)
