1930 3320
993 292 1201 334 -98-

359 383 438 422 Sed
458 393 587 433 neque
613 378 800 419 Manilius
819 379 935 427 alias,
958 391 1033 419 nec
1052 380 1272 432 quisquam
1297 378 1382 418 fere
1406 383 1531 431 poeta
1555 379 1640 420 ullo
1666 381 1708 420 in
1736 394 1827 423 car-

358 446 468 484 mine
488 443 726 495 pulchriora
752 447 791 481 et
815 443 945 492 magis
972 443 1217 482 admiranda
1243 442 1370 482 edidit
1395 455 1520 494 quam
1547 456 1639 495 quae
1657 446 1827 497 ,magni-

359 508 619 547 ficentissima
649 506 691 544 in
719 505 924 557 principio
959 505 1052 545 libri
1082 506 1204 558 primi
1232 506 1282 545 de
1313 505 1516 546 Chaldaeis
1544 508 1828 562 AEgyptiisque

356 571 622 610 inveniuntur
657 581 666 609 :
697 570 738 608 in
769 569 919 620 quibus
950 570 1075 609 finem
1107 569 1309 609 scribendi
1337 569 1500 617 faciam,
1523 573 1567 610 ut
1597 570 1827 623 legentibus

356 647 480 686 quam
501 633 659 686 optima
678 632 836 672 Manilii
857 633 979 672 duret
1001 633 1247 672 existimatio
1271 644 1280 672 :

540 722 585 756 Et
603 722 740 755 natura
755 719 860 754 dedit
880 718 989 764 vires,
1009 731 1123 767 seque
1142 720 1222 765 ipsa
1242 720 1406 763 reclusit,

540 773 699 819 Regales
722 772 868 807 animos
888 772 1052 817 primum
1073 772 1229 818 dignata
1244 782 1406 814 movere,

539 825 717 861 Proxima
734 825 931 869 tangentes
947 835 1072 859 rerum
1086 823 1234 870 fastigia
1251 824 1360 867 caelo;

541 877 611 919 Qui
632 877 813 912 domuere
834 875 932 911 feras
955 878 1086 921 gentes
1106 875 1256 911 Oriente
1277 875 1344 910 sub
1364 875 1458 921 ipso,

540 930 639 972 Quas
661 930 763 963 secat
781 928 1000 974 Euphrates,
1022 928 1061 962 in
1084 939 1178 973 quas
1200 930 1238 963 et
1257 927 1358 962 Nilus
1379 926 1560 971 abundat,

540 982 621 1023 Qua
637 980 801 1016 mundus
821 980 918 1015 redit
938 983 974 1015 et
990 980 1118 1026 nigras
1140 981 1373 1026 superevolat
1394 979 1515 1015 urbes.

539 1036 640 1070 Tunc
665 1032 728 1078 qui
747 1031 890 1077 templa
910 1032 1024 1067 sacris
1045 1032 1242 1067 coluerunt
1260 1042 1372 1067 omne
1393 1042 1460 1078 per
1479 1042 1611 1076 sevum,

540 1084 753 1130 Delectique
773 1084 984 1119 sacerdotes
998 1084 1035 1118 in
1055 1083 1205 1129 publica
1220 1086 1321 1126 vota,

540 1136 668 1173 Officio
689 1136 837 1171 vinxere
854 1136 981 1179 deum,
1004 1136 1137 1182 quibus
1151 1135 1231 1182 ipsa
1250 1135 1414 1181 potentis

539 1188 710 1224 Numinis
725 1188 895 1223 accendit
911 1191 1056 1223 castam
1077 1188 1276 1233 praesentia
1292 1189 1474 1233 mentem,

538 1242 652 1286 Inque
669 1241 783 1275 deum
803 1240 895 1275 deus
913 1240 990 1286 ipse
1004 1240 1102 1283 tulit,
1117 1240 1311 1286 patuitque
1331 1239 1522 1275 ministris.

538 1293 580 1328 Hi
599 1295 746 1327 tantum
767 1302 918 1327 movere
939 1292 1052 1327 decus
1072 1291 1258 1337 primique
1277 1301 1345 1337 per
1363 1293 1485 1327 artem

539 1344 729 1381 Sideribus
750 1343 874 1378 videre
891 1343 994 1388 vagis
1016 1343 1220 1388 pendentia
1242 1343 1331 1378 sata.

538 1396 692 1443 Singula
712 1406 799 1430 nam
822 1395 974 1441 proprio
996 1396 1193 1441 signarunt
1211 1398 1385 1441 tempora
1404 1405 1505 1439 casu,

538 1451 667 1496 Longa
686 1458 753 1494 per
768 1447 939 1483 assiduas
954 1446 1139 1493 complexi
1159 1447 1284 1482 secula
1300 1457 1406 1482 curas
1428 1458 1436 1482 :

535 1499 717 1537 Nascendi
738 1510 822 1544 quoe
840 1498 972 1544 cuique
990 1498 1082 1542 dies,
1103 1509 1185 1544 quae
1207 1498 1284 1533 vita
1303 1497 1445 1539 fuisset,

536 1555 578 1589 In
596 1563 688 1599 quas
707 1551 867 1587 fortunae
887 1551 988 1597 leges
1007 1561 1167 1597 quaeque
1183 1550 1278 1586 hora
1296 1550 1449 1594 valeret,

537 1606 758 1650 Quantaque
779 1614 894 1649 quam
911 1603 1016 1649 parvi
1039 1602 1203 1638 facerent
1223 1601 1436 1638 discrimina
1454 1603 1590 1642 motus.>

534 1660 740 1703 Postquam
756 1655 880 1691 omnis
895 1654 976 1689 caeli
996 1655 1138 1700 species
1157 1653 1398 1689 redeuntibus
1418 1654 1526 1689 astris

532 1710 723 1753 Praecepta
741 1707 777 1742 in
797 1706 967 1752 proprias
987 1705 1110 1750 sedes,
1127 1709 1164 1741 et
1179 1705 1325 1741 reddita
1345 1705 1453 1740 certis

533 1764 707 1798 Fatorum
726 1758 914 1794 ordinibus
937 1769 1003 1794 sua
1023 1758 1155 1804 cuique
1170 1757 1339 1804 potentia
1359 1757 1491 1793 formae
1512 1768 1520 1792 ε

533 1815 601 1850 Per
615 1815 737 1848 varios
753 1822 837 1846 usus
857 1812 977 1845 artem
997 1809 1226 1855 experientia
1242 1809 1343 1850 fecit,

533 1864 713 1910 Exemplo
734 1864 968 1898 monstrante
988 1862 1100 1905 viam,
1123 1862 1386 1908 speculataque
1406 1861 1519 1907 longe

531 1914 734 1962 Deprendit
752 1913 873 1949 tacitis
897 1912 1132 1948 dominantia
1153 1913 1298 1959 legibus
1316 1914 1429 1957 astra,

533 1971 577 2004 Et
593 1971 717 2003 totum
736 1968 876 2002 aeterna
901 1966 1087 2001 mundum
1109 1964 1253 2000 ratione
1274 1964 1426 2005 moveri,

530 2022 781 2065 Fatorumque
800 2018 897 2053 vices
917 2017 1026 2053 certis
1045 2017 1255 2053 discernere
1277 2015 1392 2062 signis
1415 2017 1440 2051 ¹.

387 2123 414 2152 1.
435 2119 542 2158 Man„
563 2117 710 2154 Astron„
732 2115 758 2156 1,
777 2116 827 2147 40.

670 2239 751 2274 Vidi
771 2249 815 2274 ac
834 2237 990 2284 perlegi,

453 2292 608 2329 Lutetiae
628 2291 876 2334 Parisiorum,
898 2290 936 2324 in
959 2289 1139 2331 Sorbona,

411 2357 447 2381 a.
470 2345 506 2381 d.
530 2346 557 2380 X
574 2345 655 2380 Kal.
676 2345 747 2379 Jul.
770 2342 870 2378 anni.
893 2339 1229 2376 MDCCCLXXXVII.

343 2399 534 2434 Facultatis
554 2397 772 2431 Litterarum
794 2397 830 2429 in
849 2394 1045 2429 Academia
1064 2393 1260 2428 Parisiensz'

717 2449 886 2489 Decanus,

690 2512 732 2546 A.
755 2511 881 2545 HmLY.

1279 2558 1387 2605 Typis
1407 2557 1623 2593 mandetur.

1175 2611 1377 2646 Academiae
1398 2611 1612 2646 Parisiensis
1632 2609 1761 2654 rector,

1390 2673 1546 2709 Gaium).

1041 2783 1154 2814 FINIS
