1930 3320
1017 283 1225 323 -44-

380 370 498 409 docet
536 368 722 407 homines
756 367 918 406 vivendi
960 373 1090 408 artem
1135 370 1380 410 admonetve
1425 372 1472 410 de
1516 372 1680 413 virtute.
1717 374 1846 420 Quam

380 437 561 481 curetne,
586 444 637 469 an
662 443 745 470 non
779 435 906 478 curet,
936 432 1178 485 plerumque
1211 446 1375 485 prorsus
1401 435 1535 475 nescio
1564 447 1573 475 ε
1603 436 1651 475 de
1678 449 1726 476 ea
1749 449 1845 476 sane

379 496 537 533 nullum
570 494 669 532 facit
693 493 866 533 verbum
897 508 904 532 :
934 499 978 534 ut
1005 501 1144 535 noster
1168 497 1235 536 ille
1263 511 1382 549 quem
1401 499 1487 549 jam
1512 499 1609 549 dixi,
1631 500 1700 551 qui
1721 500 1849 540 Mani-

378 559 477 597 lium
493 557 733 608 theologum
749 557 971 597 stoicorum
990 564 1154 610 poetam
1170 561 1363 610 celebrat,
1384 562 1506 614 hujus
1523 576 1573 602 ne
1591 575 1741 602 nomen
1756 564 1848 615 qui-

377 622 486 669 dem,
509 621 702 660 carminis
718 634 769 671 ne
793 634 922 660 unum
948 623 1113 673 quidem
1139 637 1302 664 versum
1325 626 1367 664 in
1397 639 1444 665 ea
1465 627 1599 678 operis
1620 631 1736 679 parte
1757 627 1847 667 lau-

377 685 503 733 davit,
525 685 567 723 in
588 697 683 736 qua,
702 685 800 736 quid
818 686 1019 725 senserint
1032 687 1080 726 de
1101 688 1284 727 moribus
1303 690 1419 728 stoici
1433 694 1580 740 poetae,
1604 691 1794 742 quaesivit
1812 692 1840 730 ¹.

378 750 408 787 Ο
435 749 682 800 singularem
713 749 896 800 profecto
925 753 1048 801 atque
1071 751 1234 790 unicum
1261 753 1511 804 omninoque
1537 754 1622 793 sine
1654 754 1842 805 exemplo

378 812 567 862 stoicum,
602 812 672 863 qui
706 812 746 851 id
782 825 910 851 unum
948 813 1174 863 neglexerit
1211 815 1251 853 in
1291 828 1372 867 quo
1411 829 1494 855 uno
1532 817 1671 856 omnia
1706 817 1843 858 stoicis

376 880 513 915 erant!

427 940 575 986 Quidni
601 940 651 979 de
677 940 895 979 virtutibus
921 945 960 979 et
991 941 1111 989 vitiis,
1134 943 1183 981 de
1212 943 1339 982 animi
1370 944 1584 983 affectibus
1613 956 1659 983 ac
1689 944 1843 984 morbis

378 1003 572 1054 quaelibet
594 1004 768 1055 scripsit,
789 1005 820 1043 si
841 1017 924 1043 non
949 1005 992 1043 in
1010 1010 1145 1045 cetero
1164 1019 1301 1057 opere,
1336 1007 1377 1045 in
1409 1007 1488 1046 hoc
1518 1007 1663 1046 saltem
1697 1007 1842 1059 quinto

375 1067 495 1118 libro,
511 1068 553 1106 in
568 1080 666 1118 quo,
684 1068 782 1119 quid
803 1068 959 1119 possint
980 1073 1091 1107 astra
1105 1070 1155 1108 ad
1174 1070 1393 1109 dividenda
1410 1070 1842 1122 hominibusingenia,

372 1131 620 1181 explicavit‘.²
642 1131 702 1169 Ibi
719 1131 827 1170 enim
848 1132 947 1183 quid
967 1145 1051 1171 non
1073 1133 1232 1172 locutus
1252 1136 1337 1173 est?
1357 1135 1477 1173 Astra
1497 1135 1659 1184 fingunt
1678 1138 1841 1182 nautas,

376 1193 619 1241 ardeliones,
655 1195 834 1245 aurigas,
863 1195 1104 1246 desultores,
1134 1201 1355 1246 amatores,
1383 1197 1637 1237 cincinnatos
1662 1203 1702 1237 et
1727 1199 1844 1250 quasi

374 1257 422 1295 de
446 1257 615 1308 capsula
635 1261 742 1297 totos
767 1258 1059 1306 adolescentes,
1082 1260 1375 1299 circulatorum
1403 1273 1524 1300 omne
1551 1273 1694 1312 genus,
1715 1275 1841 1301 vena-

375 1325 496 1371 tores,
514 1321 752 1372 piscatores,
768 1325 990 1368 natatores,
1009 1326 1298 1373 praeceptores,
1315 1323 1610 1374 tragoediarum
1625 1325 1842 1375 scriptores

373 1388 412 1423 et
438 1385 749 1432 comoediarum,
778 1384 1059 1432 veterinarios,
1089 1386 1383 1436 pantomimos,
1411 1387 1612 1434 aurifices,
1641 1399 1839 1435 cursores,

372 1447 651 1495 funambulos,
675 1448 856 1486 ferarum
886 1448 1110 1487 domitores
1136 1452 1176 1488 et
1205 1450 1518 1501 mansuetarios,
1542 1463 1665 1502 quam
1691 1451 1843 1490 multas

372 1515 589 1562 praeteroea
614 1511 832 1550 hominum
859 1524 905 1550 ac
934 1512 1113 1550 vitarum
1143 1513 1317 1563 species!
1341 1517 1382 1552 at
1408 1517 1518 1552 totus
1543 1513 1586 1552 in
1607 1514 1671 1553 his
1697 1514 1845 1554 descri-

371 1575 515 1614 bendis
530 1579 766 1626 occupatus,
790 1575 1052 1626 lepidamque
1074 1576 1298 1615 novitatem
1319 1577 1550 1628 insequens,
1571 1578 1843 1617 vetustissima

370 1638 442 1677 illa
462 1643 501 1677 et
522 1638 616 1677 trita
637 1639 788 1686 omisit,
808 1639 1001 1677 virtutem
1021 1652 1067 1678 ac
1087 1639 1199 1687 vitia,
1221 1641 1330 1679 bona
1350 1640 1543 1692 malaque
1563 1641 1715 1680 omnia.
1735 1643 1840 1680 Num

371 1701 485 1741 stoici
511 1706 570 1741 est
602 1706 762 1741 tantam
797 1714 968 1752 operam
1001 1702 1041 1741 in
1068 1702 1251 1742 ridiculis
1285 1707 1325 1742 et
1350 1704 1677 1743 inconstantibus
1708 1705 1840 1744 homi-

370 1765 491 1804 nibus
512 1765 780 1817 depingendis
803 1778 1058 1813 consumere,
1082 1771 1216 1805 tacere
1244 1771 1380 1806 autem
1400 1780 1492 1819 quae
1520 1767 1714 1807 virtutem
1732 1773 1842 1807 astra

370 1829 582 1880 adjuvent,
605 1842 696 1881 quae
725 1833 870 1868 contra
895 1830 1036 1868 virtuti
1057 1830 1251 1869 obstent?
1272 1832 1327 1869 Ea
1348 1843 1444 1870 sane
1467 1835 1576 1870 astra
1597 1844 1661 1870 me
1681 1832 1842 1871 novisse

370 1893 535 1944 plurimi
565 1894 737 1939 oestimo,
766 1905 857 1943 quae
886 1893 986 1931 mihi
1011 1898 1118 1932 recte
1145 1894 1309 1932 vivendi
1339 1899 1483 1942 artem,
1513 1895 1630 1933 nihili
1652 1907 1749 1934 vero
1777 1908 1841 1943 ea,

372 1970 463 2008 quae
490 1957 616 1996 nandi
644 1961 715 1996 aut
746 1957 841 2008 equi
873 1957 1043 1996 curandi
1077 1958 1260 1996 afferent.
1281 1959 1418 2009 Neque
1443 1958 1523 1997 alia
1554 1959 1638 1998 sere
1661 1958 1845 1999 invenies

370 2034 444 2073 per
477 2025 610 2061 totum
648 2021 759 2059 hunc
796 2020 946 2059 librum
987 2034 1079 2072 quae
1118 2033 1252 2060 mores
1293 2021 1506 2074 increpent
1541 2020 1687 2071 malos,
1715 2035 1840 2074 quam

371 2084 492 2124 haec:

559 2213 726 2248 Luxuriae
749 2212 839 2258 quia
856 2214 958 2247 terra
980 2222 1128 2257 parum,
1146 2210 1313 2246 fastidiet
1331 2210 1459 2245 orbem

556 2266 702 2308 Venter,
725 2267 761 2299 et
782 2264 860 2310 ipse
883 2264 1011 2309 gulam
1035 2263 1173 2298 Nereus
1195 2273 1239 2297 ex
1265 2272 1416 2308 aequore
1436 2263 1565 2307 pascet
1585 2262 1612 2296 ².

368 2365 418 2402 Et
437 2362 526 2402 haec
547 2376 555 2402 :

438 2469 522 2503 Haec
542 2467 664 2502 fuerat
684 2467 878 2513 quondam
893 2465 1044 2512 templis
1070 2475 1246 2501 concessa
1267 2465 1387 2510 figura
1410 2465 1658 2511 (laquearium
1678 2466 1808 2512 genus)
1831 2481 1840 2502 ε

437 2519 633 2565 Nuncjam
653 2519 811 2554 luxuriae
834 2521 918 2565 pars
940 2529 948 2553 t
972 2521 1008 2553 et
1024 2517 1185 2553 triclinia
1201 2518 1350 2563 templis

437 2573 675 2615 Conccrtant,
697 2571 859 2618 tectique
880 2581 970 2607 auro
983 2571 1064 2617 jam
1083 2570 1267 2606 vescimur
1286 2580 1376 2605 auro
1394 2571 1418 2604 ³³.

408 2713 438 2744 1.
457 2712 588 2750 Ferraz,
606 2721 658 2753 op.
677 2711 788 2747 laud„
812 2712 865 2743 ch.
887 2720 932 2742 x1.
954 2711 1002 2742 De
1022 2710 1175 2743 Moribus
1195 2709 1287 2752 apud
1308 2713 1428 2750 poetas
1448 2710 1588 2743 stoicos.

407 2760 436 2790 2.
457 2759 609 2796 Astron„
628 2759 667 2796 V,
691 2759 758 2790 195.

408 2804 558 2842 3.1bid.,
574 2805 613 2844 V,
631 2805 706 2839 291.
