<?xml version="1.0" encoding="UTF-8"?>
<!DOCTYPE html PUBLIC "-//W3C//DTD XHTML 1.0 Transitional//EN"
    "http://www.w3.org/TR/xhtml1/DTD/xhtml1-transitional.dtd">
<html xmlns="http://www.w3.org/1999/xhtml" xml:lang="en" lang="en">
 <head>
  <title>
</title>
<meta http-equiv="Content-Type" content="text/html;charset=utf-8" />
  <meta name='ocr-system' content='tesseract 3.04.00' />
  <meta name='ocr-capabilities' content='ocr_page ocr_carea ocr_par ocr_line ocrx_word'/>
</head>
<body>
  <div class='ocr_page' id='page_1' title='image "./lucubrationesman00thomuoft_0328.png"; bbox 0 0 1930 3320; ppageno 0'>
   <div class='ocr_carea' id='block_1_1' title="bbox 907 192 1179 229">
    <p class='ocr_par' dir='ltr' id='par_1_1' title="bbox 907 192 1179 229">
     <span class='ocr_line' id='line_1_1' title="bbox 907 192 1179 229; baseline 0.004 -2"><span class='ocrx_word' id='word_1_1' title='bbox 907 192 1179 229; x_wconf 70' lang='lat'>—50—</span> 
     </span>
    </p>
   </div>
   <div class='ocr_carea' id='block_1_2' title="bbox 303 311 1776 862">
    <p class='ocr_par' dir='ltr' id='par_1_2' title="bbox 303 311 1776 862">
     <span class='ocr_line' id='line_1_2' title="bbox 303 311 1774 357; baseline 0.001 -13"><span class='ocrx_word' id='word_1_2' title='bbox 303 311 369 344; x_wconf 83' lang='grc'><em>872</em></span> <span class='ocrx_word' id='word_1_3' title='bbox 397 322 605 354; x_wconf 88' lang='lat' dir='ltr'><em>praeceps</em></span> <span class='ocrx_word' id='word_1_4' title='bbox 636 313 750 353; x_wconf 80' lang='lat' dir='ltr'><em>hacc,</em></span> <span class='ocrx_word' id='word_1_5' title='bbox 780 311 863 345; x_wconf 84' lang='lat' dir='ltr'><em>illa</em></span> <span class='ocrx_word' id='word_1_6' title='bbox 886 322 1074 355; x_wconf 77' lang='lat' dir='ltr'><em>superne.</em></span> <span class='ocrx_word' id='word_1_7' title='bbox 1122 313 1173 346; x_wconf 84' lang='grc' dir='ltr'><em>ΠΙ</em></span> <span class='ocrx_word' id='word_1_8' title='bbox 1197 312 1263 346; x_wconf 89' lang='grc'><em>544</em></span> <span class='ocrx_word' id='word_1_9' title='bbox 1287 325 1338 356; x_wconf 82' lang='lat' dir='ltr'><em>sq.</em></span> <span class='ocrx_word' id='word_1_10' title='bbox 1362 313 1457 357; x_wconf 82' lang='lat' dir='ltr'><em>quod</em></span> <span class='ocrx_word' id='word_1_11' title='bbox 1481 312 1654 347; x_wconf 82' lang='lat' dir='ltr'><em>tardius</em></span> <span class='ocrx_word' id='word_1_12' title='bbox 1678 313 1774 356; x_wconf 83' lang='lat' dir='ltr'><em>illa,</em></span> 
     </span>
     <span class='ocr_line' id='line_1_3' title="bbox 306 367 1773 412; baseline 0.002 -12"><span class='ocrx_word' id='word_1_13' title='bbox 306 367 420 400; x_wconf 89' lang='lat' dir='ltr'><em>Haec</em></span> <span class='ocrx_word' id='word_1_14' title='bbox 457 367 584 401; x_wconf 86' lang='lat' dir='ltr'><em>citius</em></span> <span class='ocrx_word' id='word_1_15' title='bbox 616 371 793 411; x_wconf 75' lang='lat' dir='ltr'><em>peraqant</em></span> <span class='ocrx_word' id='word_1_16' title='bbox 826 368 954 409; x_wconf 87' lang='lat' dir='ltr'><em>orbem.</em></span> <span class='ocrx_word' id='word_1_17' title='bbox 1006 367 1071 401; x_wconf 84' lang='lat'><em>546</em></span> <span class='ocrx_word' id='word_1_18' title='bbox 1107 380 1157 412; x_wconf 82' lang='lat' dir='ltr'><em>sq.</em></span> <span class='ocrx_word' id='word_1_19' title='bbox 1197 369 1315 403; x_wconf 91' lang='lat' dir='ltr'><em>Hora</em></span> <span class='ocrx_word' id='word_1_20' title='bbox 1347 369 1414 402; x_wconf 89' lang='lat' dir='ltr'><em>die</em></span> <span class='ocrx_word' id='word_1_21' title='bbox 1439 369 1502 409; x_wconf 88' lang='lat' dir='ltr'><em>bis,</em></span> <span class='ocrx_word' id='word_1_22' title='bbox 1527 380 1659 403; x_wconf 88' lang='lat' dir='ltr'><em>mense</em></span> <span class='ocrx_word' id='word_1_23' title='bbox 1684 369 1773 403; x_wconf 87' lang='lat' dir='ltr'><em>dies</em></span> 
     </span>
     <span class='ocr_line' id='line_1_4' title="bbox 306 423 1775 468; baseline 0.001 -11"><span class='ocrx_word' id='word_1_24' title='bbox 306 423 418 466; x_wconf 84' lang='lat' dir='ltr'><em>semel,</em></span> <span class='ocrx_word' id='word_1_25' title='bbox 433 434 523 457; x_wconf 80' lang='lat' dir='ltr'><em>unus</em></span> <span class='ocrx_word' id='word_1_26' title='bbox 540 424 577 456; x_wconf 81' lang='lat' dir='ltr'><em>in</em></span> <span class='ocrx_word' id='word_1_27' title='bbox 599 434 707 457; x_wconf 87' lang='lat' dir='ltr'><em>anno</em></span> <span class='ocrx_word' id='word_1_28' title='bbox 721 423 892 457; x_wconf 85' lang='lat' dir='ltr'><em>Mensis.</em></span> <span class='ocrx_word' id='word_1_29' title='bbox 916 424 1015 458; x_wconf 91' lang='lat' dir='ltr'><em>IV86</em></span> <span class='ocrx_word' id='word_1_30' title='bbox 1031 424 1132 468; x_wconf 79' lang='lat' dir='ltr'><em>Quod</em></span> <span class='ocrx_word' id='word_1_31' title='bbox 1149 425 1312 459; x_wconf 78' lang='lat' dir='ltr'><em>Decios</em></span> <span class='ocrx_word' id='word_1_32' title='bbox 1334 435 1414 459; x_wconf 91' lang='lat' dir='ltr'><em>non</em></span> <span class='ocrx_word' id='word_1_33' title='bbox 1438 436 1554 459; x_wconf 90' lang='lat' dir='ltr'><em>omne</em></span> <span class='ocrx_word' id='word_1_34' title='bbox 1578 425 1669 468; x_wconf 85' lang='lat' dir='ltr'><em>tulit,</em></span> <span class='ocrx_word' id='word_1_35' title='bbox 1691 435 1775 460; x_wconf 90' lang='lat' dir='ltr'><em>non</em></span> 
     </span>
     <span class='ocr_line' id='line_1_5' title="bbox 305 479 1774 525; baseline 0.002 -12"><span class='ocrx_word' id='word_1_36' title='bbox 305 490 414 513; x_wconf 90' lang='lat' dir='ltr'><em>omne</em></span> <span class='ocrx_word' id='word_1_37' title='bbox 430 479 645 514; x_wconf 80' lang='lat' dir='ltr'><em>Camillos.</em></span> <span class='ocrx_word' id='word_1_38' title='bbox 670 480 899 514; x_wconf 86' lang='lat' dir='ltr'><em>313Altera</em></span> <span class='ocrx_word' id='word_1_39' title='bbox 923 491 1001 515; x_wconf 87' lang='lat' dir='ltr'><em>sors</em></span> <span class='ocrx_word' id='word_1_40' title='bbox 1019 482 1175 524; x_wconf 80' lang='lat' dir='ltr'><em>Tauro,</em></span> <span class='ocrx_word' id='word_1_41' title='bbox 1203 480 1393 516; x_wconf 78' lang='lat' dir='ltr'><em>Geminis</em></span> <span class='ocrx_word' id='word_1_42' title='bbox 1406 492 1496 525; x_wconf 86' lang='lat' dir='ltr'><em>pars</em></span> <span class='ocrx_word' id='word_1_43' title='bbox 1521 482 1650 516; x_wconf 88' lang='lat' dir='ltr'><em>tertia</em></span> <span class='ocrx_word' id='word_1_44' title='bbox 1674 481 1774 516; x_wconf 90' lang='lat' dir='ltr'><em>cedit.</em></span> 
     </span>
     <span class='ocr_line' id='line_1_6' title="bbox 304 535 1775 581; baseline 0.003 -13"><span class='ocrx_word' id='word_1_45' title='bbox 304 535 371 568; x_wconf 83' lang='lat'><em>340</em></span> <span class='ocrx_word' id='word_1_46' title='bbox 382 536 554 578; x_wconf 84' lang='lat' dir='ltr'><em>sq.veris</em></span> <span class='ocrx_word' id='word_1_47' title='bbox 569 536 671 581; x_wconf 67' lang='lat' dir='ltr'><em>iuga</em></span> <span class='ocrx_word' id='word_1_48' title='bbox 689 539 859 580; x_wconf 73' lang='lat' dir='ltr'><em>temperat</em></span> <span class='ocrx_word' id='word_1_49' title='bbox 875 536 960 580; x_wconf 83' lang='lat' dir='ltr'><em>ille,</em></span> <span class='ocrx_word' id='word_1_50' title='bbox 975 536 1090 571; x_wconf 89' lang='lat' dir='ltr'><em>Haec</em></span> <span class='ocrx_word' id='word_1_51' title='bbox 1106 538 1394 572; x_wconf 84' lang='lat' dir='ltr'><em>auctumnales</em></span> <span class='ocrx_word' id='word_1_52' title='bbox 1410 538 1775 581; x_wconf 76' lang='lat' dir='ltr'><em>componit—horas.</em></span> 
     </span>
     <span class='ocr_line' id='line_1_7' title="bbox 304 590 1776 638; baseline 0.004 -15"><span class='ocrx_word' id='word_1_53' title='bbox 304 590 371 623; x_wconf 82' lang='grc'><em>432</em></span> <span class='ocrx_word' id='word_1_54' title='bbox 391 590 452 624; x_wconf 81' lang='lat' dir='ltr'><em>Tot</em></span> <span class='ocrx_word' id='word_1_55' title='bbox 478 595 626 634; x_wconf 87' lang='lat' dir='ltr'><em>partes</em></span> <span class='ocrx_word' id='word_1_56' title='bbox 650 591 812 626; x_wconf 88' lang='lat' dir='ltr'><em>iterare</em></span> <span class='ocrx_word' id='word_1_57' title='bbox 836 596 951 636; x_wconf 89' lang='lat' dir='ltr'><em>queat,</em></span> <span class='ocrx_word' id='word_1_58' title='bbox 976 594 1026 627; x_wconf 86' lang='lat' dir='ltr'><em>tot</em></span> <span class='ocrx_word' id='word_1_59' title='bbox 1042 593 1186 628; x_wconf 81' lang='lat' dir='ltr'><em>dicere</em></span> <span class='ocrx_word' id='word_1_60' title='bbox 1206 605 1396 630; x_wconf 87' lang='lat' dir='ltr'><em>summas.</em></span> <span class='ocrx_word' id='word_1_61' title='bbox 1420 596 1485 628; x_wconf 86' lang='grc'><em>591</em></span> <span class='ocrx_word' id='word_1_62' title='bbox 1505 596 1617 638; x_wconf 80' lang='lat' dir='ltr'><em>Asper</em></span> <span class='ocrx_word' id='word_1_63' title='bbox 1634 594 1683 629; x_wconf 91' lang='lat' dir='ltr'><em>ab</em></span> <span class='ocrx_word' id='word_1_64' title='bbox 1700 605 1776 629; x_wconf 66' lang='lat' dir='ltr'><em>aare</em></span> 
     </span>
     <span class='ocr_line' id='line_1_8' title="bbox 304 647 1774 694; baseline 0.003 -15"><span class='ocrx_word' id='word_1_65' title='bbox 304 647 377 679; x_wconf 84' lang='lat' dir='ltr'><em>ruit</em></span> <span class='ocrx_word' id='word_1_66' title='bbox 397 647 574 689; x_wconf 88' lang='lat' dir='ltr'><em>Boreas,</em></span> <span class='ocrx_word' id='word_1_67' title='bbox 599 648 695 692; x_wconf 70' lang='lat' dir='ltr'><em>fuyit</em></span> <span class='ocrx_word' id='word_1_68' title='bbox 709 648 853 682; x_wconf 80' lang='lat' dir='ltr'><em>Eurus</em></span> <span class='ocrx_word' id='word_1_69' title='bbox 878 650 925 683; x_wconf 88' lang='lat' dir='ltr'><em>ab</em></span> <span class='ocrx_word' id='word_1_70' title='bbox 952 653 1057 683; x_wconf 84' lang='lat' dir='ltr'><em>ortu.</em></span> <span class='ocrx_word' id='word_1_71' title='bbox 1094 650 1156 684; x_wconf 82' lang='lat'><em>731</em></span> <span class='ocrx_word' id='word_1_72' title='bbox 1170 650 1271 684; x_wconf 86' lang='lat' dir='ltr'><em>Adde</em></span> <span class='ocrx_word' id='word_1_73' title='bbox 1296 661 1423 685; x_wconf 87' lang='lat' dir='ltr'><em>sonos</em></span> <span class='ocrx_word' id='word_1_74' title='bbox 1445 651 1620 685; x_wconf 84' lang='lat' dir='ltr'><em>totidem</em></span> <span class='ocrx_word' id='word_1_75' title='bbox 1642 660 1774 694; x_wconf 82' lang='lat' dir='ltr'><em>vocum,</em></span> 
     </span>
     <span class='ocr_line' id='line_1_9' title="bbox 305 703 1775 752; baseline 0.003 -17"><span class='ocrx_word' id='word_1_76' title='bbox 305 703 479 737; x_wconf 86' lang='lat' dir='ltr'><em>totidem</em></span> <span class='ocrx_word' id='word_1_77' title='bbox 517 704 630 738; x_wconf 87' lang='lat' dir='ltr'><em>insere</em></span> <span class='ocrx_word' id='word_1_78' title='bbox 670 705 851 748; x_wconf 68' lang='lat' dir='ltr'><em>linquas.</em></span> <span class='ocrx_word' id='word_1_79' title='bbox 904 705 971 739; x_wconf 83' lang='lat'><em>813</em></span> <span class='ocrx_word' id='word_1_80' title='bbox 1011 718 1060 749; x_wconf 82' lang='lat' dir='ltr'><em>sq.</em></span> <span class='ocrx_word' id='word_1_81' title='bbox 1100 707 1160 740; x_wconf 84' lang='lat' dir='ltr'><em>Sic</em></span> <span class='ocrx_word' id='word_1_82' title='bbox 1203 708 1347 741; x_wconf 90' lang='lat' dir='ltr'><em>terrae</em></span> <span class='ocrx_word' id='word_1_83' title='bbox 1387 708 1518 742; x_wconf 84' lang='lat' dir='ltr'><em>terris</em></span> <span class='ocrx_word' id='word_1_84' title='bbox 1554 707 1775 752; x_wconf 86' lang='lat' dir='ltr'><em>respondent,</em></span> 
     </span>
     <span class='ocr_line' id='line_1_10' title="bbox 307 759 1775 808; baseline 0.005 -17"><span class='ocrx_word' id='word_1_85' title='bbox 307 759 482 794; x_wconf 78' lang='lat' dir='ltr'><em>orbibus</em></span> <span class='ocrx_word' id='word_1_86' title='bbox 506 759 647 801; x_wconf 84' lang='lat' dir='ltr'><em>orbes,</em></span> <span class='ocrx_word' id='word_1_87' title='bbox 674 761 830 794; x_wconf 80' lang='lat' dir='ltr'><em>Litora</em></span> <span class='ocrx_word' id='word_1_88' title='bbox 855 761 1076 804; x_wconf 77' lang='lat' dir='ltr'><em>litoribus,</em></span> <span class='ocrx_word' id='word_1_89' title='bbox 1100 762 1245 807; x_wconf 76' lang='lat' dir='ltr'><em>reynis</em></span> <span class='ocrx_word' id='word_1_90' title='bbox 1269 763 1453 797; x_wconf 86' lang='lat' dir='ltr'><em>contraria</em></span> <span class='ocrx_word' id='word_1_91' title='bbox 1475 774 1610 808; x_wconf 76' lang='lat' dir='ltr'><em>reyna.</em></span> <span class='ocrx_word' id='word_1_92' title='bbox 1657 763 1685 797; x_wconf 91' lang='lat' dir='ltr'>V</span> <span class='ocrx_word' id='word_1_93' title='bbox 1709 763 1775 798; x_wconf 83' lang='lat'><em>583</em></span> 
     </span>
     <span class='ocr_line' id='line_1_11' title="bbox 303 815 1228 862; baseline 0.004 -13"><span class='ocrx_word' id='word_1_94' title='bbox 303 815 557 860; x_wconf 73' lang='lat' dir='ltr'><em>pelaqusque</em></span> <span class='ocrx_word' id='word_1_95' title='bbox 580 817 724 857; x_wconf 83' lang='lat' dir='ltr'><em>vomit,</em></span> <span class='ocrx_word' id='word_1_96' title='bbox 750 818 1038 852; x_wconf 85' lang='lat' dir='ltr'><em>circumsonat</em></span> <span class='ocrx_word' id='word_1_97' title='bbox 1062 829 1228 862; x_wconf 84' lang='lat' dir='ltr'><em>aequor.</em></span> 
     </span>
    </p>
   </div>
   <div class='ocr_carea' id='block_1_3' title="bbox 308 873 1775 994">
    <p class='ocr_par' dir='ltr' id='par_1_3' title="bbox 308 873 1775 994">
     <span class='ocr_line' id='line_1_12' title="bbox 418 873 1775 931; baseline 0.002 -18"><span class='ocrx_word' id='word_1_98' title='bbox 418 873 604 926; x_wconf 78' lang='lat' dir='ltr'><em>Versus,</em></span> <span class='ocrx_word' id='word_1_99' title='bbox 644 874 687 914; x_wconf 89' lang='lat' dir='ltr'><em>in</em></span> <span class='ocrx_word' id='word_1_100' title='bbox 730 874 881 928; x_wconf 85' lang='lat' dir='ltr'><em>quibus</em></span> <span class='ocrx_word' id='word_1_101' title='bbox 919 875 1130 916; x_wconf 82' lang='lat' dir='ltr'><em>ehiasmus</em></span> <span class='ocrx_word' id='word_1_102' title='bbox 1174 890 1268 916; x_wconf 86' lang='lat' dir='ltr'><em>eum</em></span> <span class='ocrx_word' id='word_1_103' title='bbox 1307 875 1511 931; x_wconf 84' lang='lat' dir='ltr'><em>asyndeto</em></span> <span class='ocrx_word' id='word_1_104' title='bbox 1551 881 1636 916; x_wconf 85' lang='lat' dir='ltr'><em>non</em></span> <span class='ocrx_word' id='word_1_105' title='bbox 1676 889 1775 916; x_wconf 85' lang='lat' dir='ltr'><em>con-</em></span> 
     </span>
     <span class='ocr_line' id='line_1_13' title="bbox 308 940 919 994; baseline 0.007 -14"><span class='ocrx_word' id='word_1_106' title='bbox 308 940 475 982; x_wconf 77' lang='lat' dir='ltr'><em>iunctus</em></span> <span class='ocrx_word' id='word_1_107' title='bbox 508 946 585 994; x_wconf 79' lang='lat' dir='ltr'><em>est,</em></span> <span class='ocrx_word' id='word_1_108' title='bbox 619 943 788 983; x_wconf 83' lang='lat' dir='ltr'><em>enotavi</em></span> <span class='ocrx_word' id='word_1_109' title='bbox 817 943 919 984; x_wconf 84' lang='lat' dir='ltr'><em>hos:</em></span> 
     </span>
    </p>
   </div>
   <div class='ocr_carea' id='block_1_4' title="bbox 304 1007 1814 2807">
    <p class='ocr_par' dir='ltr' id='par_1_4' title="bbox 304 1007 1814 2807">
     <span class='ocr_line' id='line_1_14' title="bbox 395 1007 1778 1054; baseline 0.001 -12"><span class='ocrx_word' id='word_1_110' title='bbox 395 1007 412 1042; x_wconf 95' lang='lat' dir='ltr'>I</span> <span class='ocrx_word' id='word_1_111' title='bbox 437 1008 480 1042; x_wconf 90' lang='lat'><em>10</em></span> <span class='ocrx_word' id='word_1_112' title='bbox 503 1008 596 1042; x_wconf 88' lang='lat' dir='ltr'><em>Das</em></span> <span class='ocrx_word' id='word_1_113' title='bbox 620 1009 800 1042; x_wconf 85' lang='lat' dir='ltr'><em>animum</em></span> <span class='ocrx_word' id='word_1_114' title='bbox 824 1010 1025 1053; x_wconf 86' lang='lat' dir='ltr'><em>viresque</em></span> <span class='ocrx_word' id='word_1_115' title='bbox 1046 1010 1172 1053; x_wconf 82' lang='lat' dir='ltr'><em>facis.</em></span> <span class='ocrx_word' id='word_1_116' title='bbox 1220 1012 1264 1045; x_wconf 88' lang='lat'><em>69</em></span> <span class='ocrx_word' id='word_1_117' title='bbox 1298 1023 1349 1054; x_wconf 81' lang='lat' dir='ltr'><em>sq.</em></span> <span class='ocrx_word' id='word_1_118' title='bbox 1381 1011 1466 1045; x_wconf 88' lang='lat' dir='ltr'><em>Tum</em></span> <span class='ocrx_word' id='word_1_119' title='bbox 1487 1011 1580 1044; x_wconf 84' lang='lat' dir='ltr'><em>velut</em></span> <span class='ocrx_word' id='word_1_120' title='bbox 1605 1009 1778 1044; x_wconf 79' lang='lat' dir='ltr'><em>amissis</em></span> 
     </span>
     <span class='ocr_line' id='line_1_15' title="bbox 305 1066 1776 1110; baseline 0.002 -13"><span class='ocrx_word' id='word_1_121' title='bbox 305 1075 514 1107; x_wconf 78' lang='lat' dir='ltr'><em>maerens,</em></span> <span class='ocrx_word' id='word_1_122' title='bbox 552 1067 625 1099; x_wconf 80' lang='lat' dir='ltr'><em>tum</em></span> <span class='ocrx_word' id='word_1_123' title='bbox 660 1066 774 1100; x_wconf 83' lang='lat' dir='ltr'><em>laeta</em></span> <span class='ocrx_word' id='word_1_124' title='bbox 810 1067 977 1101; x_wconf 85' lang='lat' dir='ltr'><em>renatis</em></span> <span class='ocrx_word' id='word_1_125' title='bbox 1001 1066 1197 1101; x_wconf 80' lang='lat' dir='ltr'><em>Sideribus.</em></span> <span class='ocrx_word' id='word_1_126' title='bbox 1256 1067 1297 1101; x_wconf 80' lang='lat'><em>77</em></span> <span class='ocrx_word' id='word_1_127' title='bbox 1336 1068 1412 1101; x_wconf 87' lang='lat' dir='ltr'><em>Nec</em></span> <span class='ocrx_word' id='word_1_128' title='bbox 1447 1067 1576 1101; x_wconf 85' lang='lat' dir='ltr'><em>vitam</em></span> <span class='ocrx_word' id='word_1_129' title='bbox 1610 1067 1776 1110; x_wconf 76' lang='lat' dir='ltr'><em>pelayo‚</em></span> 
     </span>
     <span class='ocr_line' id='line_1_16' title="bbox 305 1121 1778 1167; baseline 0.001 -14"><span class='ocrx_word' id='word_1_130' title='bbox 305 1130 377 1154; x_wconf 89' lang='lat' dir='ltr'><em>nec</em></span> <span class='ocrx_word' id='word_1_131' title='bbox 401 1121 545 1155; x_wconf 84' lang='lat' dir='ltr'><em>ventis</em></span> <span class='ocrx_word' id='word_1_132' title='bbox 568 1122 709 1156; x_wconf 84' lang='lat' dir='ltr'><em>credere</em></span> <span class='ocrx_word' id='word_1_133' title='bbox 732 1124 843 1156; x_wconf 83' lang='lat' dir='ltr'><em>vota.</em></span> <span class='ocrx_word' id='word_1_134' title='bbox 880 1123 944 1157; x_wconf 84' lang='lat'><em>186</em></span> <span class='ocrx_word' id='word_1_135' title='bbox 961 1123 1080 1157; x_wconf 86' lang='lat' dir='ltr'><em>Idem</em></span> <span class='ocrx_word' id='word_1_136' title='bbox 1096 1123 1291 1158; x_wconf 82' lang='lat' dir='ltr'><em>Phoebus</em></span> <span class='ocrx_word' id='word_1_137' title='bbox 1315 1128 1372 1158; x_wconf 88' lang='lat' dir='ltr'><em>eat</em></span> <span class='ocrx_word' id='word_1_138' title='bbox 1395 1124 1483 1158; x_wconf 85' lang='lat' dir='ltr'><em>caeli</em></span> <span class='ocrx_word' id='word_1_139' title='bbox 1506 1123 1548 1157; x_wconf 88' lang='lat' dir='ltr'><em>de</em></span> <span class='ocrx_word' id='word_1_140' title='bbox 1569 1122 1778 1167; x_wconf 85' lang='lat' dir='ltr'><em>partibus</em></span> 
     </span>
     <span class='ocr_line' id='line_1_17' title="bbox 306 1177 1776 1225; baseline 0.003 -15"><span class='ocrx_word' id='word_1_141' title='bbox 306 1177 452 1212; x_wconf 86' lang='lat' dir='ltr'><em>isdem.</em></span> <span class='ocrx_word' id='word_1_142' title='bbox 483 1178 551 1212; x_wconf 91' lang='grc'><em>205</em></span> <span class='ocrx_word' id='word_1_143' title='bbox 579 1179 741 1224; x_wconf 82' lang='lat' dir='ltr'><em>Undique</em></span> <span class='ocrx_word' id='word_1_144' title='bbox 766 1184 1019 1222; x_wconf 73' lang='lat' dir='ltr'><em>surycntcm</em></span> <span class='ocrx_word' id='word_1_145' title='bbox 1040 1181 1233 1224; x_wconf 86' lang='lat' dir='ltr'><em>pariter,</em></span> <span class='ocrx_word' id='word_1_146' title='bbox 1254 1181 1527 1225; x_wconf 78' lang='lat' dir='ltr'><em>pariterque</em></span> <span class='ocrx_word' id='word_1_147' title='bbox 1550 1180 1776 1215; x_wconf 83' lang='lat' dir='ltr'><em>cadentem.</em></span> 
     </span>
     <span class='ocr_line' id='line_1_18' title="bbox 306 1234 1778 1281; baseline 0.001 -13"><span class='ocrx_word' id='word_1_148' title='bbox 306 1234 373 1268; x_wconf 82' lang='grc'><em>215</em></span> <span class='ocrx_word' id='word_1_149' title='bbox 397 1235 536 1269; x_wconf 87' lang='lat' dir='ltr'><em>terris</em></span> <span class='ocrx_word' id='word_1_150' title='bbox 567 1246 640 1269; x_wconf 89' lang='lat' dir='ltr'><em>non</em></span> <span class='ocrx_word' id='word_1_151' title='bbox 664 1236 871 1270; x_wconf 86' lang='lat' dir='ltr'><em>omnibus</em></span> <span class='ocrx_word' id='word_1_152' title='bbox 907 1237 1047 1270; x_wconf 89' lang='lat' dir='ltr'><em>omnia</em></span> <span class='ocrx_word' id='word_1_153' title='bbox 1075 1236 1210 1281; x_wconf 76' lang='lat' dir='ltr'><em>siyna.</em></span> <span class='ocrx_word' id='word_1_154' title='bbox 1257 1237 1323 1271; x_wconf 81' lang='lat'><em>314</em></span> <span class='ocrx_word' id='word_1_155' title='bbox 1349 1237 1523 1271; x_wconf 74' lang='lat' dir='ltr'><em>Proaeima</em></span> <span class='ocrx_word' id='word_1_156' title='bbox 1553 1237 1778 1281; x_wconf 79' lang='lat' dir='ltr'><em>friyentcs</em></span> 
     </span>
     <span class='ocr_line' id='line_1_19' title="bbox 307 1290 1779 1337; baseline 0.001 -13"><span class='ocrx_word' id='word_1_157' title='bbox 307 1290 461 1325; x_wconf 84' lang='lat' dir='ltr'><em>Arctos</em></span> <span class='ocrx_word' id='word_1_158' title='bbox 482 1292 746 1336; x_wconf 86' lang='lat' dir='ltr'><em>Boreamque</em></span> <span class='ocrx_word' id='word_1_159' title='bbox 769 1293 993 1337; x_wconf 70' lang='lat' dir='ltr'><em>riyentem.</em></span> <span class='ocrx_word' id='word_1_160' title='bbox 1029 1293 1094 1328; x_wconf 83' lang='lat'><em>357</em></span> <span class='ocrx_word' id='word_1_161' title='bbox 1119 1294 1386 1337; x_wconf 78' lang='lat' dir='ltr'><em>Expositam</em></span> <span class='ocrx_word' id='word_1_162' title='bbox 1406 1297 1539 1337; x_wconf 87' lang='lat' dir='ltr'><em>ponto</em></span> <span class='ocrx_word' id='word_1_163' title='bbox 1563 1293 1667 1337; x_wconf 86' lang='lat' dir='ltr'><em>deflet</em></span> <span class='ocrx_word' id='word_1_164' title='bbox 1688 1302 1779 1326; x_wconf 89' lang='lat' dir='ltr'><em>sco·</em></span> 
     </span>
     <span class='ocr_line' id='line_1_20' title="bbox 304 1348 1780 1394; baseline 0.001 -13"><span class='ocrx_word' id='word_1_165' title='bbox 304 1348 510 1392; x_wconf 77' lang='lat' dir='ltr'><em>putisque</em></span> <span class='ocrx_word' id='word_1_166' title='bbox 540 1350 783 1384; x_wconf 80' lang='lat' dir='ltr'><em>revinctam.</em></span> <span class='ocrx_word' id='word_1_167' title='bbox 830 1350 896 1384; x_wconf 87' lang='grc'><em>482</em></span> <span class='ocrx_word' id='word_1_168' title='bbox 924 1350 1018 1394; x_wconf 70' lang='lat' dir='ltr'><em>Quid</em></span> <span class='ocrx_word' id='word_1_169' title='bbox 1045 1354 1116 1384; x_wconf 88' lang='lat' dir='ltr'><em>tam</em></span> <span class='ocrx_word' id='word_1_170' title='bbox 1149 1350 1380 1393; x_wconf 84' lang='lat' dir='ltr'><em>confusum</em></span> <span class='ocrx_word' id='word_1_171' title='bbox 1413 1350 1573 1394; x_wconf 88' lang='lat' dir='ltr'><em>specie,</em></span> <span class='ocrx_word' id='word_1_172' title='bbox 1598 1348 1685 1393; x_wconf 83' lang='lat' dir='ltr'><em>quid</em></span> <span class='ocrx_word' id='word_1_173' title='bbox 1708 1352 1780 1383; x_wconf 88' lang='lat' dir='ltr'><em>tam</em></span> 
     </span>
     <span class='ocr_line' id='line_1_21' title="bbox 307 1399 1814 1451; baseline 0.002 -13"><span class='ocrx_word' id='word_1_174' title='bbox 307 1405 400 1439; x_wconf 88' lang='lat' dir='ltr'><em>vice</em></span> <span class='ocrx_word' id='word_1_175' title='bbox 435 1408 601 1440; x_wconf 87' lang='lat' dir='ltr'><em>certum</em></span> <span class='ocrx_word' id='word_1_176' title='bbox 636 1407 714 1441; x_wconf 77' lang='lat' dir='ltr'><em>est?</em></span> <span class='ocrx_word' id='word_1_177' title='bbox 753 1407 821 1441; x_wconf 87' lang='lat'><em>498</em></span> <span class='ocrx_word' id='word_1_178' title='bbox 845 1419 895 1451; x_wconf 81' lang='lat' dir='ltr'><em>sq.</em></span> <span class='ocrx_word' id='word_1_179' title='bbox 927 1406 999 1441; x_wconf 89' lang='lat' dir='ltr'><em>Cur</em></span> <span class='ocrx_word' id='word_1_180' title='bbox 1034 1407 1182 1442; x_wconf 89' lang='lat' dir='ltr'><em>cadem</em></span> <span class='ocrx_word' id='word_1_181' title='bbox 1215 1408 1421 1442; x_wconf 83' lang='lat' dir='ltr'><em>aestivas</em></span> <span class='ocrx_word' id='word_1_182' title='bbox 1452 1410 1629 1441; x_wconf 77' lang='lat' dir='ltr'><em>exornant</em></span> <span class='ocrx_word' id='word_1_183' title='bbox 1660 1406 1781 1441; x_wconf 85' lang='lat' dir='ltr'><em>sidera</em></span> <span class='ocrx_word' id='word_1_184' title='bbox 1812 1399 1814 1401; x_wconf 39' lang='grc'><strong><em>’</em></strong></span> 
     </span>
     <span class='ocr_line' id='line_1_22' title="bbox 307 1462 1780 1509; baseline 0.001 -14"><span class='ocrx_word' id='word_1_185' title='bbox 307 1463 424 1496; x_wconf 86' lang='lat' dir='ltr'><em>noctes</em></span> <span class='ocrx_word' id='word_1_186' title='bbox 443 1462 597 1506; x_wconf 79' lang='lat' dir='ltr'><em>Semper,</em></span> <span class='ocrx_word' id='word_1_187' title='bbox 623 1467 655 1498; x_wconf 78' lang='lat' dir='ltr'><em>et</em></span> <span class='ocrx_word' id='word_1_188' title='bbox 677 1464 746 1497; x_wconf 81' lang='lat' dir='ltr'><em>Iiib</em></span> <span class='ocrx_word' id='word_1_189' title='bbox 758 1475 885 1498; x_wconf 86' lang='lat' dir='ltr'><em>ernas</em></span> <span class='ocrx_word' id='word_1_190' title='bbox 909 1463 1078 1498; x_wconf 74' lang='lat' dir='ltr'><em>eadem?</em></span> <span class='ocrx_word' id='word_1_191' title='bbox 1115 1465 1181 1498; x_wconf 84' lang='lat'><em>519</em></span> <span class='ocrx_word' id='word_1_192' title='bbox 1198 1464 1296 1508; x_wconf 70' lang='lat' dir='ltr'><em>Quae</em></span> <span class='ocrx_word' id='word_1_193' title='bbox 1319 1474 1383 1498; x_wconf 86' lang='lat' dir='ltr'><em>nec</em></span> <span class='ocrx_word' id='word_1_194' title='bbox 1406 1464 1513 1509; x_wconf 78' lang='lat' dir='ltr'><em>Zonya</em></span> <span class='ocrx_word' id='word_1_195' title='bbox 1537 1463 1630 1497; x_wconf 82' lang='lat' dir='ltr'><em>dies</em></span> <span class='ocrx_word' id='word_1_196' title='bbox 1653 1465 1780 1506; x_wconf 75' lang='lat' dir='ltr'><em>auyet</em></span> 
     </span>
     <span class='ocr_line' id='line_1_23' title="bbox 307 1518 1779 1564; baseline 0 -12"><span class='ocrx_word' id='word_1_197' title='bbox 307 1519 549 1563; x_wconf 87' lang='lat' dir='ltr'><em>minuitque</em></span> <span class='ocrx_word' id='word_1_198' title='bbox 574 1522 790 1554; x_wconf 86' lang='lat' dir='ltr'><em>senectus.</em></span> <span class='ocrx_word' id='word_1_199' title='bbox 836 1521 902 1555; x_wconf 89' lang='grc'><em>522</em></span> <span class='ocrx_word' id='word_1_200' title='bbox 929 1533 979 1564; x_wconf 80' lang='lat' dir='ltr'><em>sq.</em></span> <span class='ocrx_word' id='word_1_201' title='bbox 1004 1521 1089 1554; x_wconf 90' lang='lat' dir='ltr'><em>Non</em></span> <span class='ocrx_word' id='word_1_202' title='bbox 1113 1521 1222 1555; x_wconf 83' lang='lat' dir='ltr'><em>alium</em></span> <span class='ocrx_word' id='word_1_203' title='bbox 1257 1520 1407 1555; x_wconf 81' lang='lat' dir='ltr'><em>videre</em></span> <span class='ocrx_word' id='word_1_204' title='bbox 1439 1524 1593 1564; x_wconf 86' lang='lat' dir='ltr'><em>patres</em></span> <span class='ocrx_word' id='word_1_205' title='bbox 1628 1518 1779 1553; x_wconf 81' lang='lat' dir='ltr'><em>aliumve</em></span> 
     </span>
     <span class='ocr_line' id='line_1_24' title="bbox 306 1573 1777 1621; baseline -0.001 -13"><span class='ocrx_word' id='word_1_206' title='bbox 306 1578 489 1618; x_wconf 88' lang='lat' dir='ltr'><em>nepotes</em></span> <span class='ocrx_word' id='word_1_207' title='bbox 506 1575 745 1618; x_wconf 85' lang='lat' dir='ltr'><em>Aspicient.</em></span> <span class='ocrx_word' id='word_1_208' title='bbox 786 1576 853 1610; x_wconf 88' lang='grc'><em>614</em></span> <span class='ocrx_word' id='word_1_209' title='bbox 877 1587 928 1619; x_wconf 84' lang='lat' dir='ltr'><em>sq.</em></span> <span class='ocrx_word' id='word_1_210' title='bbox 949 1586 1210 1619; x_wconf 77' lang='lat' dir='ltr'><em>squamosaque</em></span> <span class='ocrx_word' id='word_1_211' title='bbox 1236 1578 1420 1621; x_wconf 64' lang='lat' dir='ltr'><em>tergora</em></span> <span class='ocrx_word' id='word_1_212' title='bbox 1439 1573 1777 1619; x_wconf 73' lang='lat' dir='ltr'><em>CetiLaniyeri-</em></span> 
     </span>
     <span class='ocr_line' id='line_1_25' title="bbox 307 1631 1779 1676; baseline -0.001 -11"><span class='ocrx_word' id='word_1_213' title='bbox 307 1642 385 1676; x_wconf 88' lang='lat' dir='ltr'><em>que</em></span> <span class='ocrx_word' id='word_1_214' title='bbox 408 1633 509 1666; x_wconf 79' lang='lat' dir='ltr'><em>notat</em></span> <span class='ocrx_word' id='word_1_215' title='bbox 531 1632 665 1675; x_wconf 83' lang='lat' dir='ltr'><em>fines.</em></span> <span class='ocrx_word' id='word_1_216' title='bbox 713 1632 780 1666; x_wconf 89' lang='lat'><em>688</em></span> <span class='ocrx_word' id='word_1_217' title='bbox 804 1644 854 1676; x_wconf 78' lang='lat' dir='ltr'><em>sq.</em></span> <span class='ocrx_word' id='word_1_218' title='bbox 879 1632 1170 1676; x_wconf 87' lang='lat' dir='ltr'><em>Aestivosque</em></span> <span class='ocrx_word' id='word_1_219' title='bbox 1193 1636 1289 1667; x_wconf 86' lang='lat' dir='ltr'><em>secat</em></span> <span class='ocrx_word' id='word_1_220' title='bbox 1310 1632 1458 1676; x_wconf 84' lang='lat' dir='ltr'><em>fines,</em></span> <span class='ocrx_word' id='word_1_221' title='bbox 1482 1631 1779 1675; x_wconf 80' lang='lat' dir='ltr'><em>Aquilamque</em></span> 
     </span>
     <span class='ocr_line' id='line_1_26' title="bbox 307 1687 1778 1734; baseline 0 -12"><span class='ocrx_word' id='word_1_222' title='bbox 307 1688 529 1731; x_wconf 84' lang='lat' dir='ltr'><em>supinam,</em></span> <span class='ocrx_word' id='word_1_223' title='bbox 561 1688 802 1732; x_wconf 86' lang='lat' dir='ltr'><em>Temporaque</em></span> <span class='ocrx_word' id='word_1_224' title='bbox 826 1690 1082 1732; x_wconf 80' lang='lat' dir='ltr'><em>aequantem</em></span> <span class='ocrx_word' id='word_1_225' title='bbox 1112 1699 1266 1734; x_wconf 56' lang='lat' dir='ltr'><em>‚qurum</em></span> <span class='ocrx_word' id='word_1_226' title='bbox 1295 1699 1529 1732; x_wconf 74' lang='lat' dir='ltr'><em>zonamque</em></span> <span class='ocrx_word' id='word_1_227' title='bbox 1557 1687 1778 1732; x_wconf 80' lang='lat' dir='ltr'><em>ferentem.</em></span> 
     </span>
     <span class='ocr_line' id='line_1_27' title="bbox 309 1743 1779 1788; baseline -0.001 -10"><span class='ocrx_word' id='word_1_228' title='bbox 309 1744 678 1788; x_wconf 73' lang='lat' dir='ltr'><em>7341nfusumque</em></span> <span class='ocrx_word' id='word_1_229' title='bbox 695 1745 770 1778; x_wconf 86' lang='lat' dir='ltr'><em>loco</em></span> <span class='ocrx_word' id='word_1_230' title='bbox 787 1744 961 1778; x_wconf 87' lang='lat' dir='ltr'><em>cinerem</em></span> <span class='ocrx_word' id='word_1_231' title='bbox 984 1744 1276 1788; x_wconf 85' lang='lat' dir='ltr'><em>mundumque</em></span> <span class='ocrx_word' id='word_1_232' title='bbox 1300 1743 1544 1788; x_wconf 76' lang='lat' dir='ltr'><em>sepultum?</em></span> <span class='ocrx_word' id='word_1_233' title='bbox 1568 1743 1779 1786; x_wconf 79' lang='lat' dir='ltr'><em>762Atque</em></span> 
     </span>
     <span class='ocr_line' id='line_1_28' title="bbox 308 1799 1780 1844; baseline -0.001 -11"><span class='ocrx_word' id='word_1_234' title='bbox 308 1801 374 1834; x_wconf 81' lang='lat' dir='ltr'><em>hic</em></span> <span class='ocrx_word' id='word_1_235' title='bbox 405 1800 605 1844; x_wconf 82' lang='lat' dir='ltr'><em>Aeacidas,</em></span> <span class='ocrx_word' id='word_1_236' title='bbox 645 1802 715 1834; x_wconf 84' lang='lat' dir='ltr'><em>hic</em></span> <span class='ocrx_word' id='word_1_237' title='bbox 752 1803 792 1835; x_wconf 86' lang='lat' dir='ltr'><em>et</em></span> <span class='ocrx_word' id='word_1_238' title='bbox 826 1803 1043 1835; x_wconf 82' lang='lat' dir='ltr'><em>venerantur</em></span> <span class='ocrx_word' id='word_1_239' title='bbox 1079 1801 1241 1837; x_wconf 82' lang='lat' dir='ltr'><em>Atridas,</em></span> <span class='ocrx_word' id='word_1_240' title='bbox 1295 1801 1362 1835; x_wconf 89' lang='grc'><em>808</em></span> <span class='ocrx_word' id='word_1_241' title='bbox 1401 1800 1583 1844; x_wconf 77' lang='lat' dir='ltr'><em>Quidquid</em></span> <span class='ocrx_word' id='word_1_242' title='bbox 1618 1799 1780 1843; x_wconf 85' lang='lat' dir='ltr'><em>ubique</em></span> 
     </span>
     <span class='ocr_line' id='line_1_29' title="bbox 308 1855 1780 1902; baseline -0.001 -11"><span class='ocrx_word' id='word_1_243' title='bbox 308 1858 437 1900; x_wconf 82' lang='lat' dir='ltr'><em>nitet,</em></span> <span class='ocrx_word' id='word_1_244' title='bbox 467 1859 616 1901; x_wconf 75' lang='lat' dir='ltr'><em>viyeat</em></span> <span class='ocrx_word' id='word_1_245' title='bbox 647 1859 930 1902; x_wconf 88' lang='lat' dir='ltr'><em>quandoque.</em></span> <span class='ocrx_word' id='word_1_246' title='bbox 977 1859 1043 1893; x_wconf 85' lang='lat'><em>856</em></span> <span class='ocrx_word' id='word_1_247' title='bbox 1066 1858 1120 1892; x_wconf 88' lang='lat' dir='ltr'><em>Ac</em></span> <span class='ocrx_word' id='word_1_248' title='bbox 1155 1858 1278 1892; x_wconf 84' lang='lat' dir='ltr'><em>silice</em></span> <span class='ocrx_word' id='word_1_249' title='bbox 1312 1858 1358 1892; x_wconf 88' lang='lat' dir='ltr'><em>in</em></span> <span class='ocrx_word' id='word_1_250' title='bbox 1394 1857 1520 1899; x_wconf 87' lang='lat' dir='ltr'><em>dura,</em></span> <span class='ocrx_word' id='word_1_251' title='bbox 1558 1855 1780 1900; x_wconf 81' lang='lat' dir='ltr'><em>viridique</em></span> 
     </span>
     <span class='ocr_line' id='line_1_30' title="bbox 309 1914 1780 1959; baseline -0.001 -11"><span class='ocrx_word' id='word_1_252' title='bbox 309 1915 352 1948; x_wconf 82' lang='lat' dir='ltr'><em>in</em></span> <span class='ocrx_word' id='word_1_253' title='bbox 387 1915 558 1949; x_wconf 87' lang='lat' dir='ltr'><em>cortice.</em></span> <span class='ocrx_word' id='word_1_254' title='bbox 619 1915 655 1949; x_wconf 93' lang='grc' dir='ltr'>Π</span> <span class='ocrx_word' id='word_1_255' title='bbox 692 1915 736 1949; x_wconf 87' lang='grc'><em>28</em></span> <span class='ocrx_word' id='word_1_256' title='bbox 780 1927 831 1958; x_wconf 82' lang='lat' dir='ltr'><em>sq.</em></span> <span class='ocrx_word' id='word_1_257' title='bbox 870 1918 1136 1959; x_wconf 86' lang='lat' dir='ltr'><em>matremque</em></span> <span class='ocrx_word' id='word_1_258' title='bbox 1181 1915 1408 1954; x_wconf 76' lang='lat' dir='ltr'><em>dolentem,</em></span> <span class='ocrx_word' id='word_1_259' title='bbox 1455 1914 1780 1956; x_wconf 82' lang='lat' dir='ltr'><em>Solventemque</em></span> 
     </span>
     <span class='ocr_line' id='line_1_31' title="bbox 308 1968 1781 2014; baseline -0.002 -9"><span class='ocrx_word' id='word_1_260' title='bbox 308 1975 486 2014; x_wconf 84' lang='lat' dir='ltr'><em>patrem.</em></span> <span class='ocrx_word' id='word_1_261' title='bbox 546 1971 611 2005; x_wconf 87' lang='grc'><em>185</em></span> <span class='ocrx_word' id='word_1_262' title='bbox 646 1983 697 2014; x_wconf 88' lang='lat' dir='ltr'><em>sq.</em></span> <span class='ocrx_word' id='word_1_263' title='bbox 733 1971 812 2004; x_wconf 85' lang='lat' dir='ltr'><em>ille</em></span> <span class='ocrx_word' id='word_1_264' title='bbox 857 1971 1133 2005; x_wconf 86' lang='lat' dir='ltr'><em>senescentis</em></span> <span class='ocrx_word' id='word_1_265' title='bbox 1173 1970 1309 2011; x_wconf 84' lang='lat' dir='ltr'><em>veris,</em></span> <span class='ocrx_word' id='word_1_266' title='bbox 1350 1969 1585 2005; x_wconf 88' lang='lat' dir='ltr'><em>subeuntis</em></span> <span class='ocrx_word' id='word_1_267' title='bbox 1627 1972 1666 2003; x_wconf 66' lang='lat' dir='ltr'><em>et*</em></span> <span class='ocrx_word' id='word_1_268' title='bbox 1702 1968 1781 2002; x_wconf 73' lang='lat' dir='ltr'><em>ille</em></span> 
     </span>
     <span class='ocr_line' id='line_1_32' title="bbox 309 2026 1782 2070; baseline -0.002 -9"><span class='ocrx_word' id='word_1_269' title='bbox 309 2027 524 2062; x_wconf 83' lang='lat' dir='ltr'><em>Aestatis.</em></span> <span class='ocrx_word' id='word_1_270' title='bbox 592 2028 659 2061; x_wconf 88' lang='grc'><em>208</em></span> <span class='ocrx_word' id='word_1_271' title='bbox 700 2037 809 2061; x_wconf 86' lang='lat' dir='ltr'><em>nunc</em></span> <span class='ocrx_word' id='word_1_272' title='bbox 852 2027 932 2061; x_wconf 83' lang='lat' dir='ltr'><em>illa</em></span> <span class='ocrx_word' id='word_1_273' title='bbox 967 2027 1074 2070; x_wconf 87' lang='lat' dir='ltr'><em>dies,</em></span> <span class='ocrx_word' id='word_1_274' title='bbox 1113 2037 1223 2061; x_wconf 88' lang='lat' dir='ltr'><em>nunc</em></span> <span class='ocrx_word' id='word_1_275' title='bbox 1265 2030 1414 2061; x_wconf 88' lang='lat' dir='ltr'><em>noctes</em></span> <span class='ocrx_word' id='word_1_276' title='bbox 1452 2026 1534 2060; x_wconf 83' lang='lat' dir='ltr'><em>illa</em></span> <span class='ocrx_word' id='word_1_277' title='bbox 1573 2027 1782 2069; x_wconf 82' lang='lat' dir='ltr'><em>sequuntur.</em></span> 
     </span>
     <span class='ocr_line' id='line_1_33' title="bbox 310 2080 1781 2127; baseline -0.003 -9"><span class='ocrx_word' id='word_1_278' title='bbox 310 2083 490 2118; x_wconf 84' lang='grc'><em>404-406</em></span> <span class='ocrx_word' id='word_1_279' title='bbox 525 2084 831 2127; x_wconf 82' lang='lat' dir='ltr'><em>Capricornum</em></span> <span class='ocrx_word' id='word_1_280' title='bbox 875 2094 1052 2127; x_wconf 84' lang='lat' dir='ltr'><em>opponere</em></span> <span class='ocrx_word' id='word_1_281' title='bbox 1089 2085 1268 2126; x_wconf 88' lang='lat' dir='ltr'><em>Cancro,</em></span> <span class='ocrx_word' id='word_1_282' title='bbox 1303 2082 1571 2127; x_wconf 71' lang='lat' dir='ltr'><em>Laniqerum</em></span> <span class='ocrx_word' id='word_1_283' title='bbox 1605 2080 1781 2123; x_wconf 86' lang='lat' dir='ltr'><em>Librae,</em></span> 
     </span>
     <span class='ocr_line' id='line_1_34' title="bbox 311 2135 1780 2185; baseline -0.003 -11"><span class='ocrx_word' id='word_1_284' title='bbox 311 2160 353 2165; x_wconf 83' lang='lat'><em>-—</em></span> <span class='ocrx_word' id='word_1_285' title='bbox 401 2139 569 2174; x_wconf 81' lang='lat' dir='ltr'><em>Piscibus</em></span> <span class='ocrx_word' id='word_1_286' title='bbox 614 2140 830 2185; x_wconf 65' lang='lat' dir='ltr'><em>Erigonem,</em></span> <span class='ocrx_word' id='word_1_287' title='bbox 888 2140 1127 2183; x_wconf 75' lang='lat' dir='ltr'><em>lucenique</em></span> <span class='ocrx_word' id='word_1_288' title='bbox 1182 2139 1408 2183; x_wconf 84' lang='lat' dir='ltr'><em>Urnaeque</em></span> <span class='ocrx_word' id='word_1_289' title='bbox 1458 2138 1648 2172; x_wconf 88' lang='lat' dir='ltr'><em>Leonem.</em></span> <span class='ocrx_word' id='word_1_290' title='bbox 1715 2135 1780 2170; x_wconf 80' lang='lat'><em>517</em></span> 
     </span>
     <span class='ocr_line' id='line_1_35' title="bbox 312 2192 1783 2240; baseline -0.002 -11"><span class='ocrx_word' id='word_1_291' title='bbox 312 2196 470 2230; x_wconf 84' lang='lat' dir='ltr'><em>Audire</em></span> <span class='ocrx_word' id='word_1_292' title='bbox 488 2200 526 2230; x_wconf 88' lang='lat' dir='ltr'><em>ut</em></span> <span class='ocrx_word' id='word_1_293' title='bbox 540 2196 1031 2240; x_wconf 82' lang='lat' dir='ltr'><em>cupiantalios,aliosque</em></span> <span class='ocrx_word' id='word_1_294' title='bbox 1051 2196 1199 2230; x_wconf 83' lang='lat' dir='ltr'><em>videre.</em></span> <span class='ocrx_word' id='word_1_295' title='bbox 1219 2195 1340 2239; x_wconf 82' lang='lat' dir='ltr'><em>658sq.</em></span> <span class='ocrx_word' id='word_1_296' title='bbox 1354 2195 1430 2229; x_wconf 89' lang='lat' dir='ltr'><em>Ver</em></span> <span class='ocrx_word' id='word_1_297' title='bbox 1441 2194 1583 2236; x_wconf 81' lang='lat' dir='ltr'><em>Aries,</em></span> <span class='ocrx_word' id='word_1_298' title='bbox 1599 2192 1783 2227; x_wconf 86' lang='lat' dir='ltr'><em>Cererem</em></span> 
     </span>
     <span class='ocr_line' id='line_1_36' title="bbox 317 2248 1781 2298; baseline -0.003 -11"><span class='ocrx_word' id='word_1_299' title='bbox 317 2252 485 2298; x_wconf 85' lang='lat' dir='ltr'><em>Cancer,</em></span> <span class='ocrx_word' id='word_1_300' title='bbox 511 2253 806 2297; x_wconf 80' lang='lat' dir='ltr'><em>Bacchumque</em></span> <span class='ocrx_word' id='word_1_301' title='bbox 831 2253 1039 2286; x_wconf 85' lang='lat' dir='ltr'><em>ministrans</em></span> <span class='ocrx_word' id='word_1_302' title='bbox 1062 2251 1213 2292; x_wconf 87' lang='lat' dir='ltr'><em>Libra,</em></span> <span class='ocrx_word' id='word_1_303' title='bbox 1242 2251 1376 2295; x_wconf 85' lang='lat' dir='ltr'><em>Caper</em></span> <span class='ocrx_word' id='word_1_304' title='bbox 1400 2251 1594 2285; x_wconf 88' lang='lat' dir='ltr'><em>brumam.</em></span> <span class='ocrx_word' id='word_1_305' title='bbox 1639 2248 1707 2283; x_wconf 88' lang='grc'><em>918</em></span> <span class='ocrx_word' id='word_1_306' title='bbox 1730 2259 1781 2292; x_wconf 77' lang='lat' dir='ltr'><em>sq.</em></span> 
     </span>
     <span class='ocr_line' id='line_1_37' title="bbox 314 2305 1782 2353; baseline -0.003 -10"><span class='ocrx_word' id='word_1_307' title='bbox 314 2309 656 2353; x_wconf 84' lang='lat' dir='ltr'><em>qua—acclivia</em></span> <span class='ocrx_word' id='word_1_308' title='bbox 680 2309 1015 2353; x_wconf 83' lang='lat' dir='ltr'><em>finemlnveniunt,</em></span> <span class='ocrx_word' id='word_1_309' title='bbox 1042 2319 1125 2352; x_wconf 87' lang='lat' dir='ltr'><em>qua</em></span> <span class='ocrx_word' id='word_1_310' title='bbox 1146 2308 1412 2352; x_wconf 84' lang='lat' dir='ltr'><em>principium</em></span> <span class='ocrx_word' id='word_1_311' title='bbox 1435 2305 1617 2340; x_wconf 84' lang='lat' dir='ltr'><em>declivia</em></span> <span class='ocrx_word' id='word_1_312' title='bbox 1631 2308 1782 2339; x_wconf 83' lang='lat' dir='ltr'><em>sumunt.</em></span> 
     </span>
     <span class='ocr_line' id='line_1_38' title="bbox 312 2362 1784 2406; baseline -0.004 -6"><span class='ocrx_word' id='word_1_313' title='bbox 312 2366 365 2400; x_wconf 87' lang='grc' dir='ltr'><em>ΠΙ</em></span> <span class='ocrx_word' id='word_1_314' title='bbox 382 2366 449 2399; x_wconf 84' lang='grc'><em>530</em></span> <span class='ocrx_word' id='word_1_315' title='bbox 474 2366 560 2400; x_wconf 88' lang='lat' dir='ltr'><em>Non</em></span> <span class='ocrx_word' id='word_1_316' title='bbox 584 2366 710 2399; x_wconf 86' lang='lat' dir='ltr'><em>annis</em></span> <span class='ocrx_word' id='word_1_317' title='bbox 733 2365 848 2406; x_wconf 88' lang='lat' dir='ltr'><em>anni,</em></span> <span class='ocrx_word' id='word_1_318' title='bbox 872 2375 935 2398; x_wconf 90' lang='lat' dir='ltr'><em>nec</em></span> <span class='ocrx_word' id='word_1_319' title='bbox 958 2375 1120 2398; x_wconf 87' lang='lat' dir='ltr'><em>menses</em></span> <span class='ocrx_word' id='word_1_320' title='bbox 1142 2363 1371 2398; x_wconf 86' lang='lat' dir='ltr'><em>mensibus.</em></span> <span class='ocrx_word' id='word_1_321' title='bbox 1407 2363 1472 2396; x_wconf 85' lang='lat'><em>639</em></span> <span class='ocrx_word' id='word_1_322' title='bbox 1493 2362 1784 2406; x_wconf 84' lang='lat' dir='ltr'><em>producitque</em></span> 
     </span>
     <span class='ocr_line' id='line_1_39' title="bbox 313 2419 1784 2467; baseline -0.002 -11"><span class='ocrx_word' id='word_1_323' title='bbox 313 2423 432 2464; x_wconf 85' lang='lat' dir='ltr'><em>diem,</em></span> <span class='ocrx_word' id='word_1_324' title='bbox 459 2424 753 2467; x_wconf 86' lang='lat' dir='ltr'><em>tenebrasque</em></span> <span class='ocrx_word' id='word_1_325' title='bbox 776 2422 968 2457; x_wconf 84' lang='lat' dir='ltr'><em>resolvit.</em></span> <span class='ocrx_word' id='word_1_326' title='bbox 1000 2423 1047 2457; x_wconf 90' lang='lat' dir='ltr'><em>IV</em></span> <span class='ocrx_word' id='word_1_327' title='bbox 1063 2423 1105 2456; x_wconf 92' lang='grc'><em>10</em></span> <span class='ocrx_word' id='word_1_328' title='bbox 1123 2421 1446 2464; x_wconf 76' lang='lat' dir='ltr'><em>Luxuriamquc</em></span> <span class='ocrx_word' id='word_1_329' title='bbox 1470 2421 1605 2454; x_wconf 88' lang='lat' dir='ltr'><em>lucris</em></span> <span class='ocrx_word' id='word_1_330' title='bbox 1629 2419 1784 2462; x_wconf 84' lang='lat' dir='ltr'><em>emimus,</em></span> 
     </span>
     <span class='ocr_line' id='line_1_40' title="bbox 315 2475 1784 2524; baseline -0.003 -10"><span class='ocrx_word' id='word_1_331' title='bbox 315 2481 505 2523; x_wconf 76' lang='lat' dir='ltr'><em>luoeuquc</em></span> <span class='ocrx_word' id='word_1_332' title='bbox 528 2480 719 2523; x_wconf 88' lang='lat' dir='ltr'><em>rapinas.</em></span> <span class='ocrx_word' id='word_1_333' title='bbox 767 2480 811 2513; x_wconf 87' lang='lat'><em>46</em></span> <span class='ocrx_word' id='word_1_334' title='bbox 838 2479 961 2524; x_wconf 73' lang='lat' dir='ltr'><em>Quod</em></span> <span class='ocrx_word' id='word_1_335' title='bbox 985 2479 1140 2512; x_wconf 86' lang='lat' dir='ltr'><em>consul</em></span> <span class='ocrx_word' id='word_1_336' title='bbox 1163 2479 1293 2512; x_wconf 85' lang='lat' dir='ltr'><em>totiens</em></span> <span class='ocrx_word' id='word_1_337' title='bbox 1318 2478 1431 2520; x_wconf 79' lang='lat' dir='ltr'><em>exul,</em></span> <span class='ocrx_word' id='word_1_338' title='bbox 1460 2477 1572 2521; x_wconf 88' lang='lat' dir='ltr'><em>quod</em></span> <span class='ocrx_word' id='word_1_339' title='bbox 1597 2477 1639 2510; x_wconf 84' lang='lat' dir='ltr'><em>de</em></span> <span class='ocrx_word' id='word_1_340' title='bbox 1664 2475 1784 2510; x_wconf 74' lang='lat' dir='ltr'><em>exule</em></span> 
     </span>
     <span class='ocr_line' id='line_1_41' title="bbox 315 2532 1786 2579; baseline -0.003 -9"><span class='ocrx_word' id='word_1_341' title='bbox 315 2537 474 2570; x_wconf 86' lang='lat' dir='ltr'><em>consul.</em></span> <span class='ocrx_word' id='word_1_342' title='bbox 544 2537 587 2570; x_wconf 82' lang='grc'><em>64</em></span> <span class='ocrx_word' id='word_1_343' title='bbox 622 2536 756 2579; x_wconf 85' lang='lat' dir='ltr'><em>Inque</em></span> <span class='ocrx_word' id='word_1_344' title='bbox 801 2545 904 2579; x_wconf 74' lang='lat' dir='ltr'><em>royo</em></span> <span class='ocrx_word' id='word_1_345' title='bbox 953 2535 1168 2574; x_wconf 81' lang='lat' dir='ltr'><em>Croesum,</em></span> <span class='ocrx_word' id='word_1_346' title='bbox 1225 2534 1524 2577; x_wconf 82' lang='lat' dir='ltr'><em>Priamumque</em></span> <span class='ocrx_word' id='word_1_347' title='bbox 1569 2533 1615 2566; x_wconf 89' lang='lat' dir='ltr'><em>in</em></span> <span class='ocrx_word' id='word_1_348' title='bbox 1660 2532 1786 2566; x_wconf 82' lang='lat' dir='ltr'><em>litore</em></span> 
     </span>
     <span class='ocr_line' id='line_1_42' title="bbox 315 2589 1786 2636; baseline -0.004 -8"><span class='ocrx_word' id='word_1_349' title='bbox 315 2597 489 2629; x_wconf 89' lang='lat' dir='ltr'><em>truncum.</em></span> <span class='ocrx_word' id='word_1_350' title='bbox 558 2593 623 2627; x_wconf 85' lang='lat'><em>317</em></span> <span class='ocrx_word' id='word_1_351' title='bbox 664 2605 715 2636; x_wconf 84' lang='lat' dir='ltr'><em>sq.</em></span> <span class='ocrx_word' id='word_1_352' title='bbox 767 2593 926 2626; x_wconf 86' lang='lat' dir='ltr'><em>Cancro</em></span> <span class='ocrx_word' id='word_1_353' title='bbox 963 2593 1157 2635; x_wconf 87' lang='lat' dir='ltr'><em>primam,</em></span> <span class='ocrx_word' id='word_1_354' title='bbox 1199 2591 1458 2634; x_wconf 86' lang='lat' dir='ltr'><em>mediamque</em></span> <span class='ocrx_word' id='word_1_355' title='bbox 1498 2589 1649 2630; x_wconf 88' lang='lat' dir='ltr'><em>Leoni,</em></span> <span class='ocrx_word' id='word_1_356' title='bbox 1694 2589 1786 2622; x_wconf 76' lang='lat' dir='ltr'><em>Ex-</em></span> 
     </span>
     <span class='ocr_line' id='line_1_43' title="bbox 315 2644 1786 2693; baseline -0.004 -9"><span class='ocrx_word' id='word_1_357' title='bbox 315 2652 483 2684; x_wconf 86' lang='lat' dir='ltr'><em>tremam</em></span> <span class='ocrx_word' id='word_1_358' title='bbox 508 2649 735 2693; x_wconf 74' lang='lat' dir='ltr'><em>Eriyonae</em></span> <span class='ocrx_word' id='word_1_359' title='bbox 778 2648 914 2683; x_wconf 88' lang='lat' dir='ltr'><em>tribuit.</em></span> <span class='ocrx_word' id='word_1_360' title='bbox 961 2649 1027 2682; x_wconf 88' lang='grc'><em>349</em></span> <span class='ocrx_word' id='word_1_361' title='bbox 1051 2647 1212 2682; x_wconf 86' lang='lat' dir='ltr'><em>medias</em></span> <span class='ocrx_word' id='word_1_362' title='bbox 1247 2647 1386 2681; x_wconf 87' lang='lat' dir='ltr'><em>Tauro</em></span> <span class='ocrx_word' id='word_1_363' title='bbox 1417 2647 1550 2690; x_wconf 84' lang='lat' dir='ltr'><em>partes,</em></span> <span class='ocrx_word' id='word_1_364' title='bbox 1578 2644 1786 2679; x_wconf 80' lang='lat' dir='ltr'><em>Geminis-</em></span> 
     </span>
     <span class='ocr_line' id='line_1_44' title="bbox 316 2703 1786 2751; baseline -0.004 -10"><span class='ocrx_word' id='word_1_365' title='bbox 316 2718 393 2751; x_wconf 86' lang='lat' dir='ltr'><em>que</em></span> <span class='ocrx_word' id='word_1_366' title='bbox 418 2716 654 2750; x_wconf 87' lang='lat' dir='ltr'><em>supremas.</em></span> <span class='ocrx_word' id='word_1_367' title='bbox 701 2705 767 2740; x_wconf 88' lang='lat'><em>380</em></span> <span class='ocrx_word' id='word_1_368' title='bbox 785 2717 836 2749; x_wconf 83' lang='lat' dir='ltr'><em>sq.</em></span> <span class='ocrx_word' id='word_1_369' title='bbox 861 2706 939 2739; x_wconf 88' lang='lat' dir='ltr'><em>Nec</em></span> <span class='ocrx_word' id='word_1_370' title='bbox 966 2725 1003 2730; x_wconf 91' lang='lat'>—</span> <span class='ocrx_word' id='word_1_371' title='bbox 1029 2706 1156 2739; x_wconf 84' lang='lat' dir='ltr'><em>lanas</em></span> <span class='ocrx_word' id='word_1_372' title='bbox 1172 2704 1316 2745; x_wconf 83' lang='lat' dir='ltr'><em>Aries,</em></span> <span class='ocrx_word' id='word_1_373' title='bbox 1340 2713 1403 2737; x_wconf 89' lang='lat' dir='ltr'><em>nec</em></span> <span class='ocrx_word' id='word_1_374' title='bbox 1427 2703 1596 2736; x_wconf 85' lang='lat' dir='ltr'><em>Taurus</em></span> <span class='ocrx_word' id='word_1_375' title='bbox 1620 2704 1786 2740; x_wconf 86' lang='lat' dir='ltr'><em>aratra,</em></span> 
     </span>
     <span class='ocr_line' id='line_1_45' title="bbox 317 2758 1786 2807; baseline -0.007 -5"><span class='ocrx_word' id='word_1_376' title='bbox 317 2765 394 2802; x_wconf 85' lang='lat' dir='ltr'><em>Nec</em></span> <span class='ocrx_word' id='word_1_377' title='bbox 420 2763 587 2801; x_wconf 76' lang='lat' dir='ltr'><em>Gemini</em></span> <span class='ocrx_word' id='word_1_378' title='bbox 616 2773 773 2807; x_wconf 88' lang='lat' dir='ltr'><em>musas,</em></span> <span class='ocrx_word' id='word_1_379' title='bbox 810 2773 872 2798; x_wconf 88' lang='lat' dir='ltr'><em>nec</em></span> <span class='ocrx_word' id='word_1_380' title='bbox 906 2772 1060 2797; x_wconf 90' lang='lat' dir='ltr'><em>merces</em></span> <span class='ocrx_word' id='word_1_381' title='bbox 1092 2762 1249 2796; x_wconf 84' lang='lat' dir='ltr'><em>Cancer</em></span> <span class='ocrx_word' id='word_1_382' title='bbox 1280 2760 1425 2795; x_wconf 87' lang='lat' dir='ltr'><em>amabit.</em></span> <span class='ocrx_word' id='word_1_383' title='bbox 1472 2758 1539 2794; x_wconf 84' lang='lat'><em>383</em></span> <span class='ocrx_word' id='word_1_384' title='bbox 1567 2770 1644 2803; x_wconf 87' lang='lat' dir='ltr'><em>sqq.</em></span> <span class='ocrx_word' id='word_1_385' title='bbox 1673 2759 1786 2792; x_wconf 85' lang='lat' dir='ltr'><em>Men-</em></span> 
     </span>
    </p>
   </div>
  </div>
 </body>
</html>
