1936 3392
1042 315 1250 355 ...20—

407 405 546 444 vivum
579 404 778 442 Caesarem
815 405 937 452 poeta
970 402 1125 440 socium
1164 414 1256 441 cum
1288 404 1387 442 Jove
1419 403 1516 442 facit
1547 416 1594 442 ac
1630 405 1871 456 participem

405 467 615 518 regiminis
653 465 776 504 orbis.
816 464 1006 503 Divinam
1051 465 1158 504 enim
1204 470 1471 517 potestatem,
1509 479 1584 506 nec
1619 469 1870 508 terrestrium

405 534 566 569 tantum
594 541 746 576 rerum,
769 527 839 567 sed
864 532 1022 567 naturae
1051 529 1174 568 totius
1200 542 1246 568 ac
1273 530 1417 568 mundi
1445 530 1676 581 arbitrium,
1704 543 1755 570 ne
1785 532 1874 572 ullo

405 593 570 645 quidem
606 591 747 631 relicto
785 592 1005 640 consortio,
1042 592 1233 642 Virgilius
1269 594 1466 643 Augusto,
1503 595 1689 633 Lucanus
1720 595 1870 635 Neroni

404 659 692 696 concesserunt
710 656 738 694 ².
760 654 945 694 Valerius
965 659 1102 693 autem
1126 655 1322 694 Maximus
1342 656 1533 695 caelestem
1559 657 1707 696 Tiberii
1730 659 1872 710 provi-

404 720 576 760 dentiam
601 718 795 771 appellat,
815 719 1027 757 etiamtum
1047 719 1220 757 viventis
1241 719 1270 769 ²,
1290 723 1330 757 et
1351 720 1505 758 Statius
1526 733 1653 771 usque
1671 721 1796 760 verba
1818 722 1868 761 de

402 783 634 823 Domitiano
661 782 771 830 facit,
803 786 1001 832 tanquam
1031 782 1064 820 si
1095 794 1236 821 omnes
1266 794 1359 820 eum
1389 782 1443 820 dii
1470 782 1638 834 deaeque
1664 783 1864 834 collegam

402 847 479 887 sibi
506 859 648 897 parem
678 858 724 884 ae
750 846 903 884 socium
935 849 1160 895 agnoscant
1181 846 1209 883 ³.
1240 845 1436 884 Eamdem
1470 846 1555 884 fere
1586 846 1867 887 adulationem

402 922 541 950 versus
561 909 760 948 notissimi
781 921 864 959 prae
885 921 926 947 se
947 909 1084 947 ferunt
1107 920 1115 947 :

538 1024 650 1058 Nocte
670 1023 766 1068 pluit
784 1025 883 1066 tota;
906 1023 1062 1058 redeunt
1081 1022 1293 1067 spectacula
1313 1032 1426 1057 mane
1448 1032 1456 1056 t

585 1075 750 1110 Divisum
770 1074 971 1120 imperium
992 1085 1078 1108 cum
1096 1074 1182 1109 Jove
1203 1074 1326 1109 Cacsar
1343 1073 1471 1108 habet.

449 1189 506 1227 Ne
525 1200 622 1227 vero
643 1188 732 1238 quis
753 1188 802 1226 de
824 1187 946 1226 modo
968 1192 1008 1226 et
1027 1200 1219 1226 mensura
1239 1187 1327 1238 ejus
1348 1187 1566 1235 societatis,
1587 1199 1709 1238 quam
1729 1192 1865 1238 poetae

397 1251 626 1290 Caesaribus
654 1263 746 1289 cum
765 1252 864 1290 Jove
891 1255 930 1289 et
949 1251 1025 1289 diis
1046 1251 1245 1297 tribuunt,
1269 1251 1462 1302 disputet.
1485 1251 1582 1289 Mihi
1598 1263 1745 1302 nempe
1765 1250 1862 1289 satis

396 1319 456 1353 est
478 1315 588 1366 quod
616 1314 742 1352 ullam
769 1314 1001 1352 tribuerunt
1026 1326 1034 1352 z
1058 1314 1150 1352 licet
1170 1314 1359 1352 Manilius
1389 1314 1605 1353 arctiorem
1632 1314 1696 1353 vel
1723 1326 1859 1366 aequa·

396 1378 541 1417 liorem
562 1378 675 1416 illam
695 1376 873 1422 finxerit,
897 1377 995 1428 quid
1017 1377 1168 1415 refert?
1186 1377 1299 1415 Idem
1321 1376 1482 1416 locutus
1499 1381 1574 1427 est,
1594 1377 1706 1428 quod
1726 1376 1861 1422 multi,

397 1442 466 1480 sed
487 1441 528 1480 vi
549 1440 706 1490 majore
731 1444 770 1478 et
793 1440 1013 1478 intentiore
1034 1439 1284 1478 adulatione.

445 1506 498 1543 At
522 1517 595 1543 cur
626 1504 815 1543 Manilius
841 1504 986 1542 caelum
1013 1504 1197 1554 Augusto
1225 1503 1448 1553 regendum
1481 1503 1720 1554 permittit«
1749 1503 1861 1542 socio

393 1580 466 1619 per
486 1568 603 1619 signa
625 1569 808 1606 Tonante
832 1568 878 1605 »ἲ
900 1567 1003 1606 Sane
1025 1566 1088 1605 his
1108 1566 1242 1605 verbis
1257 1579 1333 1618 per
1351 1567 1482 1618 siyna,
1503 1567 1544 1605 in
1565 1567 1712 1618 quibus
1735 1566 1858 1606 inter-

393 1636 527 1683 pretes
550 1631 668 1669 valde
689 1631 859 1677 haesere,
882 1630 984 1668 nihil
1007 1629 1119 1668 aliud
1138 1629 1406 1680 significatur,
1430 1642 1554 1680 quam
1576 1629 1690 1669 locus
1711 1629 1753 1668 in
1775 1642 1856 1681 quo

391 1707 439 1734 ca
469 1695 580 1734 Jovis
614 1694 866 1744 Augustique
903 1693 1012 1732 socia
1045 1697 1226 1744 potestas
1264 1697 1498 1740 excreatum
1538 1705 1613 1732 nec
1651 1694 1857 1743 Augustus

391 1758 537 1807 magis,
558 1770 682 1808 quam
701 1757 874 1808 Jupiter,
891 1757 933 1794 in
953 1756 1037 1795 ullo
1055 1756 1186 1795 sidere
1213 1756 1465 1795 domicilium
1480 1756 1632 1795 habere
1651 1756 1857 1807 putandus

391 1826 463 1861 est.
486 1821 639 1860 Deinde
665 1820 777 1859 illam
800 1820 888 1859 cccli
911 1819 1233 1858 dominationem
1253 1823 1293 1858 et
1313 1819 1415 1858 alias
1438 1819 1643 1871 pollicitus
1666 1823 1740 1867 est,
1763 1832 1857 1859 cum

390 1885 551 1936 scripsit
570 1899 579 1923 :

482 1999 580 2034 Tolle
602 1998 695 2033 istos
715 1998 914 2033 homiuum
934 2002 1065 2043 partus
1086 1998 1152 2032 sub
1173 1997 1294 2032 sidere
1315 1997 1380 2032 tali
1399 1997 1480 2044 (sub
1506 1998 1604 2034 Nave
1623 1998 1785 2046 Argo)...

483 2051 595 2096 (Non)
613 2050 855 2096 Actiacosque
875 2050 974 2084 sinus
994 2050 1091 2085 inter
1106 2060 1308 2095 suspensus
1329 2049 1514 2095 utrimque
1673 2049 1676 2053 ’

483 2103 605 2146 Orbis,
626 2105 662 2138 et
682 2102 719 2137 in
736 2103 851 2148 ponto
873 2102 953 2137 caeli
971 2102 1127 2137 fortuna
1146 2101 1289 2136 natabit
1309 2101 1342 2145 ¹⁶3

389 2222 602 2269 tanquam,
641 2223 686 2258 ut
721 2219 874 2270 optime
910 2219 967 2258 ait
997 2219 1149 2266 Freier,
1183 2234 1201 2254 «
1232 2230 1372 2269 pugna
1403 2218 1570 2257 Actiaca
1605 2218 1655 2258 de
1687 2218 1854 2257 fortuna

389 2282 499 2320 orbis
527 2286 566 2320 et
594 2282 697 2328 caeli,
720 2282 770 2321 de
796 2282 926 2321 salute
951 2283 1074 2321 totius
1101 2281 1243 2320 mundi
1266 2285 1413 2332 agatur
1432 2281 1447 2305 ⁵
1476 2297 1512 2329 »,
1534 2285 1574 2320 et
1600 2282 1743 2321 victori
1771 2294 1854 2321 non

389 2348 508 2383 terrae
543 2349 719 2394 tantum,
739 2346 810 2384 sed
847 2346 965 2396 signa
997 2342 1159 2396 quoque
1191 2345 1270 2383 sint
1308 2357 1481 2383 cessura.
1506 2346 1554 2384 Et
1588 2349 1726 2384 tamen
1766 2349 1853 2384 tum

389 2409 596 2458 Augustus
616 2408 795 2448 vivebat.

442 2473 556 2510 Nunc
582 2472 742 2510 omissis
773 2472 835 2511 his
862 2472 1044 2511 versibus
1063 2472 1105 2510 in
1127 2473 1275 2524 quibus
1299 2473 1395 2514 Vari
1415 2473 1573 2512 cladem
1601 2476 1805 2512 memorat
1823 2472 1853 2520 θ,

430 2588 460 2618 1.
479 2587 588 2626 Virg.,
611 2587 742 2627 Ge'orgy„
762 2588 788 2625 Ι,
806 2588 922 2626 24-423
943 2588 1037 2626 Luc.‚
1056 2587 1189 2624 Plears„
1210 2589 1235 2625 1,
1257 2590 1307 2620 45.

431 2634 460 2665 2.
482 2633 554 2664 Val.
572 2634 674 2673 Max.,
695 2643 750 2674 op.
774 2634 795 2664 I.

431 2680 460 2710 3.
483 2679 581 2718 Stat„
600 2679 694 2715 silv„
714 2680 741 2717 Ι,
760 2681 795 2718 1;
818 2680 872 2719 lv,
893 2682 905 2711 l
929 2683 963 2711 ct
983 2682 1012 2711 2.

434 2727 463 2756 4.
482 2726 613 2763 Manil.,
634 2727 781 2762 Astron„
802 2727 841 2765 V,
863 2728 969 2758 53-54.

432 2772 461 2802 5.
483 2772 609 2811 Freier,
629 2782 682 2812 op.
705 2771 740 2808 l.‚
763 2782 796 2812 p.
819 2774 868 2803 21.

433 2819 464 2849 6.
485 2818 612 2854 Manu„
635 2819 783 2854 Astron„
806 2818 832 2857 l,
853 2820 1002 2850 799-900.
