1910 3250
971 281 1246 320 ..78-

382 402 502 450 tibus,
531 401 598 449 qui
624 400 817 439 imitando
845 412 932 438 eum
959 411 1200 450 expressere.
1241 399 1350 440 Idem
1378 401 1605 452 saepissime
1622 404 1665 442 in
1681 416 1822 445 memo-

382 469 481 506 riam
508 468 661 506 reducit
681 468 843 506 Troiam
872 468 1031 516 eiusque
1059 479 1191 517 regem
1218 468 1510 508 celeberrimum
1531 482 1618 509 cum
1635 469 1824 520 Hectore,

383 535 450 583 qui
493 535 662 573 fortasse
702 539 746 573 ut
784 534 967 581 Achilles
1002 535 1250 584 Alexandro,
1293 537 1350 575 sic
1385 536 1619 577 Germanico
1659 538 1824 589 placuit.

382 603 597 651 Pergamus
626 602 749 651 igitur
777 601 970 651 suspicari
999 603 1284 652 necessitatem,
1314 615 1428 652 quam
1457 606 1613 654 quidem
1638 607 1746 645 domi
1765 607 1822 645 in-

382 673 442 707 ter
470 667 747 707 Germanicum
774 673 814 707 et
840 669 1050 708 Manilium
1079 670 1349 709 intercessisse
1376 683 1396 710 e
1425 673 1662 711 carminibus
1689 686 1823 713 eornm

381 748 502 785 supra
546 736 867 786 coniectavimus‚
911 737 952 774 in
998 737 1140 775 itinere
1179 738 1363 777 Asiatico
1409 751 1494 778 esse
1538 741 1822 780 continuatam.

384 802 501 850 Quod
532 803 565 840 si
593 807 821 853 opportuno
851 804 1020 853 quodam
1046 804 1135 842 loco
1164 816 1286 853 usque
1314 806 1363 843 ad
1390 807 1706 855 persuadendum
1730 821 1821 847 con-

379 871 524 908 firmari
565 871 755 920 potuerit,
794 883 874 909 non
915 875 1071 920 temere,
1114 871 1182 910 sed
1215 873 1382 921 quadam
1416 886 1501 912 cum
1535 875 1822 924 probabilitate

379 938 694 977 Astronomicon
730 939 874 976 librum
906 938 950 976 II
983 939 1087 977 haud
1119 939 1177 978 ita
1210 941 1334 979 multo
1367 944 1462 992 post
1492 942 1610 982 Ilium
1642 943 1823 983 relictum

386 1006 612 1045 incohatum
641 1018 724 1045 esse
752 1010 981 1044 statuemus.

479 1074 661 1120 Accedit,
689 1074 795 1123 quod
823 1086 946 1124 regna
974 1075 1177 1124 signorum
1203 1076 1429 1116 caelestium
1454 1090 1527 1128 per
1551 1081 1685 1128 partes
1713 1079 1822 1119 orbis

379 1145 572 1179 terrarum
611 1144 692 1180 tam
727 1142 949 1180 luculenter
981 1143 1174 1182 Manilius
1207 1144 1410 1195 describit,
1453 1157 1568 1194 quam
1601 1150 1822 1186 accuratam

377 1209 515 1247 harum
555 1221 683 1248 rerum
724 1210 994 1259 cognitionem
1034 1210 1145 1249 nullo
1185 1211 1300 1250 modo
1341 1213 1510 1263 adipisci
1551 1214 1629 1252 nisi
1668 1214 1820 1264 magnis

378 1280 484 1314 terra
519 1277 693 1326 marique
727 1278 843 1316 factis
878 1277 1090 1316 itineribus
1122 1281 1269 1328 potest.
1330 1279 1490 1330 Optime
1523 1283 1653 1319 autem
1686 1281 1820 1320 nescio

378 1356 427 1381 an
455 1343 531 1382 hoc
558 1345 790 1393 cogniturus
819 1345 885 1394 sis,
915 1345 949 1382 si
976 1345 1296 1396 descriptionem,
1325 1358 1424 1396 quae
1444 1351 1586 1397 quarto
1604 1348 1709 1386 libro
1728 1359 1820 1386 con-

375 1412 527 1450 tinetur
562 1412 655 1451 inde
690 1425 714 1450 a
740 1425 855 1451 versu
885 1414 956 1452 585
984 1425 1107 1462 usque
1133 1414 1183 1451 ad
1211 1415 1296 1463 815,
1329 1415 1455 1452 totam
1483 1415 1564 1453 sive
1590 1415 1707 1453 modo
1735 1427 1820 1454 ver—

378 1489 441 1515 sus
461 1481 658 1519 671—675
678 1492 764 1518 cnm
782 1481 1091 1530 enumeratione,
1121 1492 1235 1530 quam
1254 1502 1302 1509 —
1326 1485 1370 1519 ut
1388 1482 1608 1532 exemplum
1625 1483 1752 1521 dicam
1769 1504 1819 1510 —

378 1545 417 1583 in
451 1546 586 1585 Fastis
622 1548 712 1586 inde
747 1560 770 1586 a
804 1547 878 1598 IV,
919 1550 992 1587 273
1028 1547 1196 1587 Ovidius
1229 1549 1459 1598 plerumque
1494 1550 1601 1588 intra
1634 1549 1819 1588 domesti-

376 1625 444 1651 cos
473 1615 603 1652 otians
631 1615 758 1653 facere
784 1616 930 1665 potuit,
957 1616 1093 1654 dedita
1111 1629 1233 1666 opera
1252 1618 1510 1668 comparabis.
1554 1617 1818 1666 Quaecunque

376 1682 559 1731 regiones
592 1684 642 1720 ab
677 1683 817 1734 Illyria
849 1695 973 1732 usque
1008 1684 1058 1722 ad
1094 1688 1290 1722 extremos
1318 1684 1557 1723 Parthorum
1591 1684 1686 1723 fines
1722 1683 1818 1723 Ger-

377 1750 530 1788 manico
571 1750 841 1799 peragrandae
881 1751 1001 1800 fuere,
1042 1763 1107 1789 eas
1147 1752 1188 1788 in
1221 1751 1382 1789 Manilii
1423 1752 1570 1790 chartis
1604 1751 1817 1801 inscriptas

376 1818 545 1866 poeticis
581 1818 693 1866 quasi
728 1818 928 1856 coloribus
959 1818 1153 1867 reperies3
1189 1823 1231 1857 at
1260 1818 1396 1858 Ovidii
1423 1820 1472 1857 ab
1500 1819 1706 1857 ieiunitate
1733 1818 1818 1857 ani-

377 1897 479 1922 mum
507 1889 544 1922 te
573 1897 799 1924 aversurum
826 1886 994 1924 confido.

476 1951 616 2000 Neque
643 1953 771 1990 minus
799 1956 975 1991 nostram
1003 1953 1052 1990 ad
1081 1965 1237 1991 causam
1263 1954 1450 2002 pertinet,
1486 1953 1593 2002 quod
1618 1953 1816 1991 Astrono-

375 2019 505 2057 micon
538 2024 677 2058 auctor
704 2020 753 2058 ad
782 2020 1041 2058 illustrandas
1070 2032 1159 2058 suas
1189 2022 1405 2059 sententias
1434 2021 1625 2070 imagines
1651 2014 1707 2058 de
1733 2020 1817 2058 iti-

373 2099 485 2126 nere
513 2088 703 2137 repetitas
733 2088 891 2138 saepius
918 2089 1217 2138 exspectatione
1244 2088 1408 2126 carmini
1427 2088 1681 2138 interposuit,
1707 2087 1818 2125 velut

372 2155 430 2202 II,
457 2156 516 2194 50.
544 2156 605 2194 58.
633 2157 692 2194 59.
727 2155 805 2204 ΙΙΙ,
833 2158 893 2194 26.
926 2156 977 2205 V,
1006 2159 1039 2194 1.
1092 2156 1252 2195 Etenim
1278 2157 1370 2195 hinc
1398 2167 1553 2205 quoque
1578 2159 1691 2205 patet
1717 2166 1817 2204 eum,

375 2223 443 2271 qui
474 2222 701 2261 incredibili
737 2223 903 2272 quadam
934 2223 1039 2262 vitae
1068 2224 1311 2262 obscuritate
1339 2223 1388 2261 ad
1415 2223 1517 2261 hanc
1545 2221 1815 2271 quaestionem

375 2301 447 2327 nos
481 2290 632 2339 allexit,
667 2303 746 2327 non
780 2291 900 2328 fuisse
936 2291 977 2328 in
1005 2303 1164 2329 numero
1194 2291 1395 2328 hominum
1423 2301 1575 2339 semper
1600 2290 1681 2327 fere
1709 2289 1815 2327 domi

376 2357 587 2395 otiantium
621 2362 739 2406 atque
774 2358 892 2396 etiam
927 2358 1132 2408 superiora
1160 2358 1275 2396 simul
1301 2357 1530 2406 respicienti
1557 2356 1652 2395 mihi
1679 2360 1815 2395 tantus

373 2423 483 2462 veuit
509 2426 674 2475 animus,
702 2429 747 2463 ut
773 2428 924 2475 partem
949 2425 1263 2464 Astronomicon
1290 2437 1385 2474 eam,
1415 2436 1513 2473 quae
1540 2425 1645 2463 inter
1670 2425 1816 2463 librum

372 2492 394 2530 I
421 2496 461 2530 et
479 2493 518 2531 V
544 2497 688 2541 exstat,
714 2505 738 2531 a
765 2493 875 2532 socio
895 2492 1119 2532 Germanici
1146 2493 1187 2530 in
1214 2493 1303 2542 ipso
1331 2493 1473 2531 itinere
1492 2492 1711 2531 confectam
1729 2502 1815 2530 esse

372 2571 499 2608 paene
527 2561 663 2599 iurem.

474 2627 585 2665 Haec
618 2639 679 2666 res
711 2631 956 2677 quantopere
982 2628 1099 2666 nobis
1129 2628 1171 2665 in
1198 2627 1446 2677 exploranda
1472 2627 1656 2666 carminis
1682 2627 1813 2665 aetate

375 2695 608 2733 sudantibus
636 2693 859 2733 blanditur!
905 2695 1179 2744 Prosperrime
1206 2695 1346 2743 procul
1374 2695 1496 2732 dubio
1525 2694 1566 2731 in
1591 2693 1811 2732 tractandis

372 2763 488 2801 rebus
523 2762 759 2802 caelestibus
794 2774 895 2802 unus
930 2762 1096 2813 quisque
1127 2762 1342 2813 procedere
1376 2763 1537 2812 poterat
1561 2761 1604 2800 in
1631 2759 1811 2810 Oriente,
