1942 3308
987 234 1265 278 —46....-

381 363 570 420 Augusto
601 357 693 403 vivo
715 358 866 417 positus
896 365 968 402 est.
1028 360 1201 416 Tropice
1227 360 1392 417 quidem
1421 360 1576 402 locutus
1602 366 1662 403 est
1682 356 1867 414 Ovidius,

380 448 470 474 cum
492 430 663 473 Fabium
687 429 926 480 Maximum,
959 428 1052 483 quia
1073 443 1220 470 nomen
1243 429 1327 471 eius
1349 429 1610 470 clarissimum
1632 430 1867 482 habebatur,

379 500 530 542 Fabiae
559 497 691 552 gentis
720 496 829 537 sidus
859 495 1085 551 appellaret
1115 495 1211 551 (Ep.
1244 511 1295 537 ex
1328 497 1373 539 P.
1399 498 1598 550 1113,2)‚
1629 504 1752 554 atque
1781 512 1869 539 rem

379 569 566 609 dilectam
599 565 757 620 saepius
797 564 907 604 sidus
946 563 1208 605 nominabant
1233 564 1418 618 Romani,
1462 565 1573 606 velut
1602 565 1724 621 Prop.
1757 565 1800 607 II
1829 565 1868 616 3,

385 636 448 687 14,
482 649 561 690 quo
593 633 680 674 loco
708 631 870 688 puellae
907 631 1008 673 oculi
1038 637 1181 687 poetae
1211 647 1284 687 pro
1314 632 1445 674 sidere
1475 638 1590 685 sunt3
1630 648 1710 675 non
1738 633 1869 674 minus

379 703 499 745 etiam
527 700 673 743 Graeci
706 699 889 741 vocabuli
915 692 1049 755 οἷσῑὴρ
1086 699 1262 754 genuina
1295 700 1355 740 vis
1393 715 1696 757 nonnumquam
1736 701 1871 744 nescio

379 785 459 826 quo
488 775 603 825 paeto
642 782 805 823 prorsus
844 767 930 808 fere
963 766 1122 807 videtur
1158 767 1307 822 perisse
1324 766 1354 821 ¹)
1392 774 1431 808 et
1468 768 1632 810 omnino
1667 783 1747 811 non
1777 783 1869 811 raro

379 847 419 880 et
449 838 631 879 homines
663 842 702 877 et
725 849 790 876 res
818 849 909 875 cum
940 834 1079 875 stellae
1106 834 1323 890 splendore
1353 837 1699 892 comparantur,²)
1730 850 1869 892 quam-

379 907 517 947 obrem
548 904 708 959 singula
742 902 930 959 exempla
959 908 1143 944 accurate
1179 903 1397 958 spectanda
1434 909 1474 945 et
1503 903 1736 960 temptanda
1762 910 1868 948 sunt.

379 974 462 1016 Sed
494 974 533 1014 in
564 986 612 1013 eo
643 971 770 1020 titulo,
803 985 922 1026 quem
958 985 1079 1026 supra
1119 970 1246 1022 attuli,
1289 986 1367 1012 non
1407 970 1582 1026 figurate
1618 970 1768 1013 dictum
1795 977 1868 1024 est,

379 1055 510 1097 neque
548 1040 656 1081 enim
687 1038 851 1093 neglegi
892 1037 1012 1079 debet
1051 1044 1212 1094 poetam
1243 1038 1376 1094 loqui:
1418 1039 1701 1095 imperatorem
1733 1044 1870 1081 ortum

379 1123 465 1150 esse
493 1107 603 1149 sidus
643 1106 762 1148 totius
793 1105 1012 1156 Graeciae3
1045 1120 1175 1161 neque
1205 1105 1329 1160 igitur
1359 1105 1460 1147 illud
1489 1099 1691 1161 ἄστρον
1725 1107 1869 1162 solum,

378 1176 447 1217 sed
480 1176 598 1217 etiam
631 1174 799 1215 verbum
830 1167 1083 1214 ἀνέτειλε
1113 1187 1240 1228 grave
1269 1180 1329 1215 est
1358 1187 1432 1215 nee
1461 1173 1538 1215 levi
1567 1180 1772 1216 momento
1801 1175 1869 1218 de-

378 1245 445 1285 bet
487 1242 702 1285 aestimari.
768 1241 971 1292 Quoniam
1012 1247 1146 1282 autem
1186 1241 1226 1282 in
1266 1241 1382 1283 titulo
1424 1241 1584 1298 publico
1623 1241 1870 1285 Octavianus

377 1318 470 1352 ante
502 1324 709 1352 excessum
732 1308 950 1363 significari
977 1308 1106 1364 potuit
1130 1301 1279 1364 ἄστρον
1295 1301 1515 1357 Ἑλλάδος.
1535 1341 1544 1351 .
1563 1341 1574 1351 .
1604 1300 1655 1358 ὃς
1674 1302 1870 1360 viveretis,

379 1385 531 1434 quanto
564 1379 691 1432 magis
732 1383 850 1433 poeta
888 1382 1010 1432 atque
1049 1376 1081 1417 is
1121 1376 1284 1432 quidem
1322 1377 1547 1432 astrologus
1586 1383 1770 1434 arreptus
1799 1378 1871 1420 im-

378 1453 473 1503 petu
516 1446 866 1501 cogitatorumque
906 1443 1116 1486 velocitate
1153 1459 1244 1485 cum
1284 1444 1409 1499 vulgi,
1448 1450 1532 1485 tum
1570 1442 1869 1487 Chaldaeorum

378 1515 430 1555 de
458 1515 649 1568 Augusto
681 1512 860 1554 notiones
887 1517 1046 1554 secutus
1078 1511 1236 1566 fingere
1265 1511 1339 1552 sibi
1369 1511 1500 1568 potuit
1529 1511 1668 1553 vivum
1698 1512 1871 1569 impera-

380 1589 509 1624 torem
549 1581 653 1622 inter
683 1587 792 1621 astra
821 1579 974 1621 versari
1012 1585 1133 1636 atque
1174 1579 1268 1620 inde
1310 1586 1438 1621 sortes
1478 1579 1680 1621 Romanas
1713 1593 1869 1634 regere,

379 1650 615 1707 praesertim
643 1664 735 1690 cum
766 1649 805 1689 in
843 1647 1003 1704 templis
1041 1648 1146 1690 inter
1176 1647 1271 1689 deos
1301 1647 1385 1689 eius
1415 1647 1674 1690 simulacrum
1704 1648 1870 1701 esset.³)

380 1719 472 1760 Huc
502 1733 592 1759 cum
623 1717 758 1772 aliqua
797 1715 1146 1757 verisimilitudine
1186 1717 1335 1758 referas
1374 1715 1482 1772 quod
1512 1714 1780 1758 Germanicus
1819 1715 1871 1757 de

379 1795 539 1829 mortuo
567 1785 790 1829 Octaviano
822 1785 960 1836 (Arat.
992 1785 1093 1836 558)
1126 1799 1265 1826 versus
1297 1784 1390 1825 facit
1418 1783 1559 1826 hosce:

547 1867 641 1918 Hic,
675 1866 867 1920 Auyuste,
897 1869 1013 1906 tuum
1039 1865 1214 1919 ιᾳιεηὶἰαίί
1245 1877 1416 1919 corpore
1443 1877 1594 1905 numen

550 1935 762 1975 Attonitus
792 1935 902 1974 inter
928 1937 1065 1987 yentes
1087 1933 1360 1987 patriamque
1381 1936 1600 1987 paventem

548 2003 601 2044 In
632 2002 788 2043 caelum
818 2002 913 2042 tulit
944 2005 980 2042 et
1009 2002 1275 2041 maternis
1304 1999 1558 2041 reddidit
1584 1999 1775 2042 astris,

379 2087 549 2124 Astrum
582 2082 705 2137 igitur
733 2081 853 2122 debet
879 2080 1001 2121 fuisse
1024 2080 1237 2135 Augustus
1267 2086 1396 2132 antea,
1426 2078 1632 2121 descendit
1661 2078 1714 2120 de
1743 2076 1867 2130 caelo,

379 2152 454 2192 fuit
488 2157 639 2192 astrum
671 2149 792 2191 etiarn
823 2149 917 2190 dum
940 2148 1216 2190 Romanorum
1238 2148 1457 2204 imperator
1478 2147 1566 2200 fuit,
1597 2145 1714 2188 metis
1734 2151 1869 2186 autem

381 2218 486 2260 vitae
512 2218 657 2260 relictis
683 2217 915 2270 „redditur“
939 2217 1130 2258 maternis
1153 2216 1269 2257 astris
1294 2216 1364 2267 (ef.
1387 2214 1487 2258 Hor.
1510 2229 1543 2258 e.
1565 2213 1585 2256 l
1608 2214 1646 2266 2,
1668 2214 1724 2256 45
1753 2227 1872 2255 serus

517 2334 539 2372 ¹)
566 2333 605 2363 cf.
631 2342 659 2363 e.
684 2343 714 2374 g.
739 2331 877 2363 Anthol.
902 2331 1010 2362 Palat.
1036 2329 1100 2361 V11
1126 2331 1179 2361 21.

514 2389 540 2430 ²)
566 2389 606 2420 es.
641 2398 669 2420 e.
701 2398 732 2429 g.
766 2388 897 2429 Hymn.
932 2386 1046 2427 Apoll.
1082 2388 1109 2424 1,
1143 2386 1226 2423 774;
1273 2385 1312 2416 11.
1338 2385 1367 2415 V
1400 2382 1439 2422 43
1486 2383 1535 2414 VI
1559 2383 1644 2423 295;
1686 2382 1771 2415 XIX
1793 2382 1870 2416 382.

379 2446 478 2477 Walz
510 2444 594 2477 rhet.
629 2445 748 2477 Graec.
780 2444 830 2475 111
860 2454 892 2485 p.
918 2444 995 2484 551,
1032 2442 1218 2483 multisque
1257 2441 1334 2473 aliis
1368 2441 1451 2472 locis
1484 2440 1570 2472 tales
1605 2440 1686 2472 licet
1714 2439 1871 2472 invenias

379 2502 658 2544 comparationes.

514 2559 541 2600 3)
565 2559 606 2590 ef.
631 2558 735 2590 etiam
760 2556 1007 2599 epigrammata
1032 2564 1118 2597 quae
1144 2554 1178 2585 in
1205 2553 1340 2585 Anthol.
1367 2553 1475 2585 palat.
1501 2551 1553 2586 ed.
1578 2552 1742 2586 Duebnor
1762 2550 1780 2588 I
1804 2552 1870 2584 669

379 2620 412 2651 et
437 2617 502 2648 670
528 2619 576 2659 (p.
600 2611 686 2653 402]
713 2614 838 2655 scripta
862 2616 961 2645 sunt:

693 2669 831 2714 ἇστέρας
854 2669 1018 2713 εἰσαθρεῖς
1043 2665 1148 2711 ἆστῆρ
1174 2665 1260 2710 ἐμός.
1302 2667 1396 2699 Εἴθε
1419 2668 1577 2709 γενοίμην

694 2725 853 2772 Οὖρανὸς,
880 2723 920 2762 ὥς
944 2726 1079 2760 πολλοῖς
1104 2722 1254 2766 ὄμμασιν
1278 2723 1322 2759 εἷς
1345 2725 1379 2755 σὲ
1402 2723 1528 2763 βλέπω.

693 2782 798 2827 ἆστῆρ
823 2785 902 2827 ’πρὶν
925 2783 987 2824 μὲν
1012 2782 1155 2824 ἔλαμπες
1177 2779 1222 2812 ἐνὶ
1249 2781 1381 2818 ζωοῖσιν
1396 2777 1513 2822 Ἑῷος·

692 2844 750 2877 νῦν
775 2839 812 2874 δὲ
836 2837 949 2874 θανών
973 2836 1116 2883 λα’μπεις
1133 2836 1299 2885 “Eumene
1322 2835 1355 2870 ἓν
1379 2837 1566 2882 φθιμένοις.
