1910 3250
731 230 1009 295 *ld-⁶

116 374 296 442 positum
328 395 417 426 esso
444 378 599 426 statuit.
629 404 683 412 -—
711 378 829 424 Haec
859 378 987 436 igitur
1016 377 1104 423 eius
1135 372 1188 422 de
1218 387 1320 437 pace
1350 393 1374 420 a
1404 375 1527 436 poeta
1558 377 1642 420 me·

115 459 274 495 morata
294 450 472 495 concidit
498 450 826 506 argumentatio:
856 448 1062 494 Universe
1083 448 1207 503 enim,
1240 455 1285 490 ut
1305 447 1496 502 vidimus,
1529 446 1643 503 pacis

114 521 331 564 dulcedine
362 520 672 563 delectabantur
687 518 877 573 Romani,
910 525 1035 575 atque
1066 518 1153 576 ipse
1176 517 1427 562 Octavianus
1454 533 1490 560 a.
1516 515 1568 560 U.
1593 514 1642 560 C.

117 591 200 635 725
232 591 282 644 (f.
313 590 342 634 f.
374 605 410 634 a.
441 605 479 634 a.
512 587 613 632 Chr.
646 603 685 632 n.
719 588 795 641 29)
827 588 915 630 Iani
936 587 1150 644 templum,
1183 587 1295 644 quod
1326 587 1367 628 in
1389 586 1499 629 bello
1531 592 1643 642 patc-

116 660 186 703 bat
214 675 263 702 ac
292 666 386 716 post
414 658 597 701 Numam
627 657 756 700 semel
795 657 980 699 clausum
1010 657 1136 699 fuisse
1173 655 1348 698 traditur
1379 654 1518 708 (Suet.
1549 653 1642 698 Oct.

115 729 205 783 22),
254 734 486 785 operuerat,
530 733 575 768 ut
614 726 767 769 bellum
809 732 852 768 ct
900 725 1104 768 discordia
1144 725 1299 767 inclusa
1340 722 1644 781 quodammodo

117 797 357 841 viderentur
397 811 486 839 esse
526 811 575 838 ac
610 811 695 852 pax
735 802 890 839 renata.
951 794 1158 852 Loquitur
1197 793 1250 837 de
1290 809 1338 836 ea
1369 808 1416 836 re
1445 793 1644 836 Horatius

117 883 152 912 c.
183 866 247 910 IV
281 867 333 910 15
363 866 442 908 sic:
507 866 614 918 Tua,
645 864 815 917 Caesar,
846 869 964 906 aetas
995 898 1005 908 .
1039 898 1049 908 .
1083 898 1092 907 .
1123 898 1133 908 .

437 967 447 976 .
482 969 492 979 .
524 941 561 977 et
587 949 767 977 vacuum
799 935 955 976 duellis

519 1005 676 1048 Ianum
713 1005 888 1056 Quirini
917 1005 1082 1046 clausit.

256 1073 419 1126 Quibus
462 1073 597 1115 adseri
639 1079 811 1131 possunt
855 1087 878 1115 e
917 1072 1099 1114 carmine
1144 1070 1344 1114 saeculari
1386 1087 1425 1115 v.
1469 1070 1524 1114 57
1568 1085 1644 1127 sq„

118 1145 266 1203 quibus
312 1160 394 1202 pax
442 1150 484 1187 et
538 1144 640 1186 fides
687 1150 729 1186 et
780 1143 910 1186 honos
954 1142 1188 1186 laudantur.
1265 1140 1447 1185 Omnino
1492 1139 1647 1182 multus

118 1221 182 1258 est
230 1213 427 1258 Horatius
483 1214 523 1255 in
577 1213 853 1271 praedicanda
905 1210 1090 1268 Augusti
1146 1217 1379 1268 temporum
1435 1209 1646 1263 felicitate,

118 1299 243 1341 quam
274 1284 331 1326 ita
358 1290 601 1327 exornatam
631 1290 727 1326 ante
766 1283 905 1325 oculos
937 1282 1073 1340 ponit,
1115 1287 1160 1323 ut
1196 1295 1323 1323 aurea
1353 1285 1464 1322 aetas
1490 1278 1647 1323 redisse

119 1415 242 1456 gustus
267 1411 522 1446 Germanorum
555 1422 698 1444 manum
724 1422 836 1454 usque
870 1412 916 1444 ad
942 1411 1025 1444 Vari
1053 1410 1189 1443 cladem
1222 1409 1315 1441 inter
1338 1407 1531 1451 armigeros
1557 1408 1648 1440 cirea

117 1480 156 1504 se
180 1469 345 1503 habuisse
371 1469 508 1502 disertis
534 1469 652 1502 verbis
679 1469 809 1502 dicitur
833 1469 926 1503 Suet.
952 1469 1028 1502 Oct.
1054 1469 1109 1500 49.
1159 1467 1204 1500 Et
1226 1471 1347 1499 notum
1373 1470 1424 1499 est
1447 1465 1554 1498 etiam
1580 1465 1649 1498 Ro-

118 1537 239 1561 manos
273 1527 540 1569 Germanorum,
576 1537 652 1559 cum
687 1527 838 1569 primum
873 1537 932 1560 eos
967 1528 1234 1569 conspexerunt,
1269 1524 1504 1556 admiratione
1528 1527 1648 1566 captos

119 1595 207 1622 esse.
254 1585 342 1618 Tum
369 1595 450 1618 vero
475 1595 553 1618 cum
579 1585 791 1628 astrologica
821 1585 977 1617 carmina
1009 1584 1138 1626 scripta
1170 1588 1347 1625 putamus,
1380 1581 1423 1614 de
1450 1580 1646 1623 Germanis,

120 1643 327 1686 quibuscum
353 1642 559 1685 saepissime
583 1642 653 1675 iam
681 1642 855 1686 congressi
880 1645 1007 1684 essent,
1034 1642 1272 1674 Romanorum
1297 1649 1585 1682 unumquemque
1610 1640 1648 1670 in

120 1701 319 1734 universum
357 1699 516 1734 edoctum
547 1701 657 1734 fuisse
697 1704 971 1733 consentaneum
1003 1703 1064 1734 est.
1123 1699 1265 1731 Etenim
1298 1701 1483 1740 postquam
1516 1695 1650 1730 Cimbri

120 1757 344 1801 Teutonique
367 1762 504 1791 tantum
538 1759 705 1792 Romanis
730 1762 893 1792 terrorem
926 1758 1132 1799 iniecerunt,
1165 1760 1237 1789 tota
1262 1759 1301 1788 ut
1326 1754 1520 1796 trepidaret
1543 1754 1650 1786 Italia

120 1816 326 1860 solidusque
351 1817 566 1849 tremisceret
597 1817 703 1858 orbis,
737 1817 870 1860 primus
903 1816 1113 1849 Posidonius
1144 1814 1201 1858 (cs.
1225 1814 1352 1847 Athen.
1378 1813 1427 1845 lv
1453 1823 1488 1854 p.
1517 1813 1581 1844 153
1615 1815 1650 1844 et

121 1873 247 1908 Strabo
270 1873 305 1906 11
329 1884 363 1916 p.
391 1875 467 1908 102.
493 1874 561 1906 VII
586 1875 618 1907 2.
643 1886 678 1917 p.
703 1875 916 1915 sss-294),
951 1878 1027 1906 tum
1055 1873 1093 1905 C.
1118 1872 1228 1904 Iulius
1254 1871 1384 1904 Caesar
1409 1870 1570 1902 Rhenum
1597 1870 1650 1902 bis

120 1939 354 1975 transgressus
386 1941 497 1964 mores
532 1932 788 1965 Germanorum
822 1931 1025 1974 descripsit3
1061 1930 1184 1963 Cicero
1218 1933 1253 1961 et
1286 1929 1329 1961 de
1364 1928 1512 1961 Caesare
1538 1931 1573 1959 et
1607 1927 1650 1958 de

122 1989 234 2022 Mario
259 1990 451 2032 composuit
482 1989 650 2030 carmina,
684 1989 743 2021 ubi
775 1989 818 2021 de
844 1989 1029 2022 Germanis
1063 1986 1204 2020 dicendi
1230 1986 1296 2019 fuit.
1326 1986 1479 2026 occasi03
1508 1985 1651 2017 Furium

121 2046 327 2080 Bibaculum
342 2046 520 2089 (Teuffelii
537 2047 557 2086 ἓ
580 2047 654 2087 192,
672 2047 693 2079 8
712 2050 748 2079 et
765 2047 799 2089 9)
825 2047 867 2078 de
893 2046 1007 2088 bellis,
1035 2055 1124 2088 quae
1143 2045 1272 2078 Caesar
1297 2055 1372 2076 cum
1400 2043 1513 2076 Gallis
1529 2042 1649 2085 gessit,

121 2105 353 2148 pragmatiam
369 2105 548 2147 scripsisse
565 2104 751 2148 probabile
770 2108 834 2146 est,
861 2103 1050 2137 Sallustius
1069 2103 1111 2136 de
1136 2102 1276 2146 proavis
1295 2102 1421 2134 nostris
1441 2101 1477 2132 in
1497 2099 1651 2132 historiis

121 2163 280 2195 narravit
311 2163 366 2202 (cf.
397 2162 483 2195 Sall.
515 2163 569 2195 ed.
597 2163 655 2195 Fr.
686 2162 785 2195 Kritz
820 2163 906 2204 LPS.
941 2162 1042 2204 1853,
1073 2162 1141 2194 vol.
1167 2160 1232 2203 111,
1264 2171 1299 2203 p.
1326 2161 1394 2192 ‘236
1419 2169 1468 2201 sq.
1503 2162 1537 2191 et
1562 2157 1649 2190 Sall.

122 2219 176 2253 ed.
200 2219 292 2252 Rud.
321 2219 460 2252 Dietsch
487 2220 570 2262 Lps.
597 2220 698 2261 1859,
734 2220 803 2253 vol.
830 2220 875 2262 11,
906 2230 940 2261 p.
969 2219 1059 2262 127),
1092 2218 1231 2251 Livium
1258 2221 1374 2250 autem
1401 2216 1441 2248 in
1466 2217 1489 2248 l.
1520 2217 1582 2248 104
1608 2216 1652 2248 de

123 2276 376 2311 Germanorum
410 2278 479 2310 situ
513 2288 555 2310 ac
580 2277 738 2311 moribus
764 2277 968 2320 exposuisse
1001 2276 1176 2320 periocha,
1213 2285 1319 2318 quam
1346 2275 1527 2316 habemus,
1552 2274 1653 2307 dooe-

123 2345 218 2368 mur:
245 2336 363 2378 itaque
387 2336 631 2379 suppeditasse
656 2335 773 2368 hercle
798 2336 913 2368 fontes
938 2335 1133 2368 uberrimos
1158 2338 1291 2366 certum
1306 2336 1369 2375 est,
1394 2333 1430 2364 in
1457 2333 1583 2374 quibus
1610 2331 1653 2363 de

124 2391 376 2426 Germanorum
390 2393 532 2437 populis
545 2393 634 2426 sicut
651 2398 787 2436 poetae,
803 2394 861 2436 qui
877 2393 910 2426 ei
924 2395 1181 2425 antecesserant
1192 2393 1248 2435 (cf.
1266 2392 1368 2434 Verg.
1382 2390 1447 2424 Ov.
1461 2390 1546 2423 Hor.
1561 2389 1652 2431 cet.),

123 2446 174 2483 ita
186 2450 254 2493 hio,
273 2451 432 2494 quisquis
449 2451 654 2493 conscripsit
670 2452 913 2492 astronomica,
938 2452 967 2483 si
983 2450 1109 2494 voluit,
1127 2450 1262 2492 aliquid
1280 2449 1465 2482 inveniret.
1490 2448 1544 2480 Ea
1563 2457 1654 2490 quae

124 2507 168 2541 de
194 2509 387 2547 Germania
410 2508 508 2551 dicit,
534 2509 673 2542 etiamsi
699 2510 773 2552 ipso
791 2519 862 2542 non
880 2509 1027 2552 viderat,
1052 2508 1141 2541 scire
1166 2511 1285 2540 tamen
1302 2506 1416 2549 potuit
1439 2509 1546 2548 atque
1564 2505 1652 2538 adeo

125 2564 256 2599 debuit.
304 2565 373 2600 Sed
393 2567 487 2600 enim
505 2567 639 2600 Freieri
665 2567 967 2600 ratiocinationem
991 2567 1020 2600 si
1046 2576 1285 2608 sequeremur,
1306 2565 1411 2598 etiam
1436 2563 1533 2606 inde,
1560 2562 1654 2605 quod

126 2623 296 2657 Horatius
329 2624 374 2666 (c.
397 2624 448 2657 IV
473 2625 506 2668 5,
530 2626 575 2658 26
601 2635 705 2668 quem
733 2636 867 2659 versum
899 2625 987 2658 mire
1018 2635 1097 2657 cum
1123 2623 1265 2656 Manilii
1288 2635 1321 2656 v.
1345 2623 1397 2655 1v
1423 2622 1490 2655 794
1516 2621 1655 2662 conspi-

125 2691 202 2714 rare
239 2685 358 2725 petam
406 2685 446 2715 ut
488 2681 769 2726 animadvertas)
813 2683 1042 2716 Germaniam
1081 2681 1275 2723 horridam,
1317 2681 1446 2713 Raetos
1484 2680 1654 2711 immanes

127 2738 190 2780 (lv
217 2738 271 2781 1⁴)
295 2739 381 2773 dicit
405 2750 447 2772 ac
470 2741 613 2784 similia,
647 2751 724 2774 eum
750 2741 787 2774 in
812 2741 886 2773 illis
912 2742 1013 2774 terris
1038 2744 1219 2774 versatum
1245 2749 1320 2773 esse
1346 2738 1486 2771 efficere
1512 2737 1655 2769 debere-

126 2806 210 2830 mus.
258 2797 447 2832 Commode
478 2801 598 2831 autem
635 2799 794 2832 accidere
827 2799 914 2831 mihi
938 2799 1052 2840 video,
1088 2797 1179 2841 quod
1204 2798 1280 2841 ipse
1306 2797 1379 2838 ille,
1406 2798 1526 2828 contra
1551 2804 1654 2835 quem

126 2854 218 2888 subii
242 2854 527 2898 disputationem,
562 2855 769 2890 coniecturis
803 2857 992 2900 indulgens
1017 2867 1062 2889 ne
1095 2856 1140 2888 ad
1172 2865 1285 2899 nugas
1309 2854 1532 2896 ineptiasque
1557 2851 1656 2884 effin-

128 2912 257 2959 gendas
283 2914 511 2960 descenderit,
536 2914 765 2949 vehementer
789 2918 927 2949 veretur
953 2915 998 2960 (p.
1026 2915 1093 2957 75).

1563 2978 1607 3017 2*
