1936 3392
1099 295 1150 333 26

438 437 638 492 principio
686 435 803 476 huius
852 436 980 491 operis
1025 435 1175 476 indicat
1222 439 1262 475 et
1304 434 1460 475 Plinius
1493 438 1684 486 testatur,
1719 451 1809 478 cum

437 515 558 555 refert
604 513 785 555 XXXVI
829 513 900 555 lib.
933 514 1127 555 naturalis
1159 513 1371 563 historiae,
1411 513 1616 555 cuiusdam
1649 514 1811 557 obelisci

437 592 633 634 cacumini
684 607 756 647 per
808 591 1021 633 Manilium
1080 591 1413 632 Mathematicum
1462 596 1640 633 auratam
1677 593 1810 648 pilam

436 667 556 727 fuisse
590 667 767 708 additam
799 667 848 708 ad
881 667 1196 722 dignoscendum
1228 667 1414 708 horarum
1446 667 1663 709 rationes.”

499 743 576 784 Sed
593 743 728 784 nullus
741 743 863 784 codex
875 743 1086 784 Plinianus
1098 747 1190 784 ante
1202 742 1404 784 saeculum
1417 742 1494 784 XV
1506 744 1581 785 hoc
1593 744 1679 786 loco
1691 746 1728 801 (ᾧ
1742 746 1812 800 72)

438 820 597 862 Manilii
631 836 775 863 nomen
807 822 999 876 scriptum
1031 820 1174 871 habet,
1214 821 1282 861 sed
1316 820 1498 863 Facundi
1529 821 1635 863 Novi
1666 823 1816 865 mathe—

437 899 598 949 matici3
633 898 790 940 saeculo
813 897 892 939 XV
915 898 1075 939 demum
1098 898 1140 938 in
1162 897 1316 938 Italicis
1340 897 1544 939 codicibus
1565 899 1774 954 reperitur.
1790 899 1815 954 ¹)

436 973 612 1014 Videtur
643 974 770 1028 igitur
791 974 936 1027 aliquis
950 1005 961 1025 ‚
986 977 1032 1015 ut
1059 973 1315 1026 antiquitatis
1337 974 1613 1015 testimonium
1637 989 1708 1016 suo
1730 974 1816 1016 Ma·

439 1050 538 1091 nilio
561 1050 808 1100 vindicaret,
832 1050 1016 1091 consulto
1045 1049 1193 1090 codicis
1216 1049 1421 1090 cuiusdam
1445 1050 1657 1092 lectionem
1674 1051 1816 1093 immu-

438 1133 543 1169 tasse
557 1145 568 1178 ;
603 1143 695 1169 nam
729 1142 887 1169 censere
919 1127 959 1168 id
993 1142 1086 1168 casu
1120 1127 1292 1181 quodam
1315 1128 1464 1169 factum
1487 1143 1571 1170 esse
1592 1128 1815 1171 litterarum

438 1205 584 1247 ductus
617 1221 689 1246 nos
725 1209 875 1247 vetant.

497 1281 636 1323 Patria
680 1296 772 1323 vero
815 1286 956 1336 poetae
991 1282 1178 1335 equidem
1210 1282 1346 1323 nullus
1386 1282 1526 1324 dubito
1560 1284 1659 1338 quin
1691 1284 1818 1326 Roma

438 1358 557 1399 fuerit
572 1389 583 1408 ‚
618 1362 688 1399 aut
720 1362 826 1398 certe
849 1357 982 1399 Italia.
1027 1357 1118 1399 Lib.
1141 1357 1163 1398 I
1191 1373 1246 1399 VS.
1276 1359 1295 1399 7
1322 1360 1551 1413 Augustum
1574 1359 1817 1414 alloquitur:

438 1434 591 1485 „Hunc
624 1435 719 1475 mihi
751 1441 795 1476 tu
812 1467 824 1486 ,
859 1434 1023 1486 Caesar,
1041 1436 1201 1489 patriae
1223 1436 1487 1492 princepsque
1510 1441 1703 1492 paterque
1711 1469 1723 1488 ,
1749 1439 1819 1492 qui

437 1511 541 1565 regis
574 1511 756 1565 augustis
787 1510 992 1566 parentem
1017 1511 1173 1565 legibus
1195 1511 1355 1562 orbem,
1380 1527 1691 1567 concessumque
1713 1513 1818 1568 patri

437 1589 632 1628 mundum
666 1586 762 1627 deus
786 1587 869 1642 ipse
892 1588 1053 1628 mereris
1069 1619 1080 1638 ,
1106 1588 1174 1629 das
1197 1588 1375 1630 animum
1389 1587 1430 1639 ,”
1452 1588 1544 1640 ubi,
1568 1589 1645 1631 nisi
1658 1588 1818 1642 patriae

437 1661 647 1716 intellegas
672 1662 833 1716 patriae
864 1677 966 1704 meae
989 1663 1050 1704 vel
1071 1668 1224 1705 noytrae
1239 1696 1250 1714 ,
1275 1665 1516 1706 sententiam
1539 1663 1723 1706 debilites
1771 1663 1817 1705 II

440 1740 548 1779 888:
595 1751 786 1789 'scensum
819 1740 875 1780 sie
908 1741 1088 1794 proxima
1121 1740 1265 1781 Graiae
1298 1746 1435 1782 nostra
1466 1740 1576 1782 subit
1608 1739 1816 1796 linguae.''

439 1814 520 1867 Qui
554 1815 787 1869 peregrinus
817 1815 984 1856 scribere
1017 1803 1213 1871 potuisset
1247 1817 1394 1858 haeci':
1461 1817 1542 1866 „Et
1575 1817 1608 1858 si
1641 1831 1721 1870 qua
1753 1831 1816 1858 ex-

439 1898 552 1934 terna
599 1893 820 1934 1eferentur
866 1894 1030 1935 nomina
1077 1894 1240 1949 lingua,
1291 1895 1366 1936 hoc
1398 1895 1552 1950 operis,
1602 1909 1681 1936 non
1714 1895 1817 1935 vatis

437 1969 514 2010 erit
525 1986 536 2019 3
571 1984 652 2010 non
685 1970 818 2011 omnia
850 1970 954 2011 flecti
990 1975 1174 2024 possunt,
1209 1975 1249 2012 et
1281 1972 1440 2026 propria
1461 1971 1604 2012 melius
1626 1970 1700 2012 sub
1722 1985 1818 2012 voce

438 2046 656 2088 notantur”
688 2047 779 2098 III,
830 2049 1022 2088 40—42.
1088 2048 1229 2101 „Quid
1263 2049 1427 2090 referam
1461 2047 1639 2098 Cannas,
1662 2048 1817 2089 *admo-

437 2127 558 2176 taque
593 2122 799 2164 moenibus
832 2124 969 2164 arma?
1032 2124 1209 2178 Postque
1242 2129 1355 2174 tuos,
1390 2125 1674 2175 Thrasimone,
1708 2124 1817 2165 lacus

438 2199 689 2253 Fabiumque
720 2204 939 2241 morantem
958 2233 969 2251 ‚
1003 2200 1302 2255 Varronemque
1335 2201 1431 2255 fuga
1461 2215 1675 2255 magnum,
1709 2200 1817 2254 quod

438 2272 568 2312 vivere
618 2276 774 2327 posset,
816 2273 1011 2328 accepisse
1059 2273 1200 2327 iugum
1234 2275 1361 2314 victae
1395 2273 1648 2328 Carthaginis
1681 2272 1818 2314 arces?

438 2350 651 2405 Speratum
683 2349 951 2391 Hannibalem
983 2352 1124 2392 nostris
1157 2351 1344 2393 cecidisse
1367 2352 1538 2400 catenis,
1572 2350 1816 2405 exiliumque

438 2427 495 2467 rei
527 2427 677 2467 furtiva
708 2430 835 2467 morte
868 2426 987 2467 luisse
1000 2426 1046 2467 ?”
1082 2427 1141 2468 IV
1177 2429 1367 2470 37—42.
1391 2428 1422 2483 ²)

485 2621 510 2658 ¹}
557 2622 603 2652 Cf.
629 2623 707 2652 edit.
734 2622 835 2659 Sillig.

480 2678 505 2716 ²)
552 2681 651 2710 Recte
677 2689 729 2709 eos
753 2681 869 2718 poetae
894 2681 1070 2710 vindicavit
1088 2682 1219 2711 Iacobus
1236 2682 1268 2711 in
1286 2691 1389 2719 progr.
1413 2682 1486 2711 Lub.
1507 2682 1587 2710 1835
1605 2681 1638 2710 et
1656 2681 1730 2709 ante
1749 2688 1816 2709 eum

440 2740 593 2774 numus,
612 2739 662 2776 qui
682 2739 802 2776 optime
820 2747 872 2768 eos
890 2739 1141 2776 interpretatur:
1160 2740 1296 2774 „Sensus
1312 2740 1364 2769 hie
1381 2741 1448 2773 est,
1466 2739 1600 2777 periisse
1617 2738 1817 2768 Annibalem.

440 2807 528 2836 quem
558 2798 685 2828 vincula
710 2799 821 2828 nostra
845 2799 1058 2835 expectabant
1083 2799 1115 2827 et
1139 2799 1242 2835 fugam
1268 2799 1372 2833 illam⁷
1391 2807 1450 2835 qua
1468 2798 1560 2828 nobis
1576 2797 1706 2835 ereptus
1721 2795 1819 2826 latuit

439 2857 521 2894 apud
545 2856 703 2890 Prusiam,
728 2856 824 2886 luisse
848 2857 906 2886 hoc
930 2856 1043 2886 mortis
1068 2865 1199 2892 genere,
1221 2857 1303 2893 quod
1321 2857 1347 2885 ei
1367 2856 1494 2893 utpote
1511 2854 1604 2886 noxio
1623 2853 1817 2884 conveniret.

439 2911 501 2941 Nec
537 2911 693 2942 immerito
730 2911 822 2941 addit
846 2911 892 2940 vir
917 2911 1068 2941 candidus
1093 2912 1126 2941 et
1150 2911 1350 2948 ingeniosus:
1400 2911 1611 2947 „Parcendum
1642 2909 1692 2940 est
1715 2909 1816 2939 veteri
