<?xml version="1.0" encoding="UTF-8"?>
<!DOCTYPE html PUBLIC "-//W3C//DTD XHTML 1.0 Transitional//EN"
    "http://www.w3.org/TR/xhtml1/DTD/xhtml1-transitional.dtd">
<html xmlns="http://www.w3.org/1999/xhtml" xml:lang="en" lang="en">
 <head>
  <title>
</title>
<meta http-equiv="Content-Type" content="text/html;charset=utf-8" />
  <meta name='ocr-system' content='tesseract 3.04.00' />
  <meta name='ocr-capabilities' content='ocr_page ocr_carea ocr_par ocr_line ocrx_word'/>
</head>
<body>
  <div class='ocr_page' id='page_1' title='image "./lucubrationesman00thomuoft_0488.png"; bbox 0 0 1910 3250; ppageno 0'>
   <div class='ocr_carea' id='block_1_1' title="bbox 909 231 1187 275">
    <p class='ocr_par' dir='ltr' id='par_1_1' title="bbox 909 231 1187 275">
     <span class='ocr_line' id='line_1_1' title="bbox 909 231 1187 275; baseline 0.004 -12"><span class='ocrx_word' id='word_1_1' title='bbox 909 231 1187 275; x_wconf 55' lang='grc'><strong>,24-</strong></span> 
     </span>
    </p>
   </div>
   <div class='ocr_carea' id='block_1_2' title="bbox 307 353 1836 2585">
    <p class='ocr_par' dir='ltr' id='par_1_2' title="bbox 307 353 1836 2585">
     <span class='ocr_line' id='line_1_2' title="bbox 311 353 1798 419; baseline 0.009 -23"><span class='ocrx_word' id='word_1_2' title='bbox 311 353 353 397; x_wconf 90' lang='lat' dir='ltr'><strong>in</strong></span> <span class='ocrx_word' id='word_1_3' title='bbox 380 369 450 398; x_wconf 90' lang='lat' dir='ltr'><strong>ore</strong></span> <span class='ocrx_word' id='word_1_4' title='bbox 479 354 601 397; x_wconf 87' lang='lat' dir='ltr'><strong>fuisse</strong></span> <span class='ocrx_word' id='word_1_5' title='bbox 627 353 809 411; x_wconf 89' lang='lat' dir='ltr'><strong>putanda</strong></span> <span class='ocrx_word' id='word_1_6' title='bbox 837 361 910 410; x_wconf 84' lang='lat' dir='ltr'><strong>est,</strong></span> <span class='ocrx_word' id='word_1_7' title='bbox 949 357 1185 413; x_wconf 86' lang='lat' dir='ltr'><strong>praesertim</strong></span> <span class='ocrx_word' id='word_1_8' title='bbox 1212 373 1304 401; x_wconf 90' lang='lat' dir='ltr'><strong>cum</strong></span> <span class='ocrx_word' id='word_1_9' title='bbox 1343 359 1426 403; x_wconf 90' lang='lat' dir='ltr'><strong>illic</strong></span> <span class='ocrx_word' id='word_1_10' title='bbox 1456 361 1591 419; x_wconf 86' lang='lat' dir='ltr'><strong>specie</strong></span> <span class='ocrx_word' id='word_1_11' title='bbox 1618 377 1798 409; x_wconf 79' lang='lat' dir='ltr'><strong>secessus</strong></span> 
     </span>
     <span class='ocr_line' id='line_1_3' title="bbox 307 423 1796 487; baseline 0.009 -21"><span class='ocrx_word' id='word_1_12' title='bbox 307 424 423 466; x_wconf 86' lang='lat' dir='ltr'><strong>exsul</strong></span> <span class='ocrx_word' id='word_1_13' title='bbox 452 423 599 479; x_wconf 83' lang='lat' dir='ltr'>egisset</span> <span class='ocrx_word' id='word_1_14' title='bbox 635 423 687 465; x_wconf 84' lang='lat' dir='ltr'><strong>ab</strong></span> <span class='ocrx_word' id='word_1_15' title='bbox 725 439 758 466; x_wconf 92' lang='lat' dir='ltr'><strong>a.</strong></span> <span class='ocrx_word' id='word_1_16' title='bbox 785 439 822 468; x_wconf 86' lang='lat' dir='ltr'><strong>a.</strong></span> <span class='ocrx_word' id='word_1_17' title='bbox 854 423 952 469; x_wconf 83' lang='lat' dir='ltr'><strong>Chr.</strong></span> <span class='ocrx_word' id='word_1_18' title='bbox 993 440 1032 469; x_wconf 91' lang='lat' dir='ltr'><strong>n.</strong></span> <span class='ocrx_word' id='word_1_19' title='bbox 1061 427 1087 469; x_wconf 92' lang='lat'>6</span> <span class='ocrx_word' id='word_1_20' title='bbox 1118 441 1247 483; x_wconf 89' lang='lat' dir='ltr'><strong>usque</strong></span> <span class='ocrx_word' id='word_1_21' title='bbox 1285 428 1337 470; x_wconf 82' lang='lat' dir='ltr'><strong>ad</strong></span> <span class='ocrx_word' id='word_1_22' title='bbox 1365 445 1402 474; x_wconf 90' lang='lat' dir='ltr'><strong>a.</strong></span> <span class='ocrx_word' id='word_1_23' title='bbox 1432 445 1472 486; x_wconf 90' lang='lat' dir='ltr'><strong>p.</strong></span> <span class='ocrx_word' id='word_1_24' title='bbox 1504 430 1602 477; x_wconf 85' lang='lat' dir='ltr'><strong>Chr.</strong></span> <span class='ocrx_word' id='word_1_25' title='bbox 1634 447 1675 477; x_wconf 91' lang='lat' dir='ltr'><strong>n.</strong></span> <span class='ocrx_word' id='word_1_26' title='bbox 1705 434 1744 478; x_wconf 80' lang='lat'><strong>2.</strong></span> <span class='ocrx_word' id='word_1_27' title='bbox 1762 434 1796 487; x_wconf 86' lang='lat'><strong>¹)</strong></span> 
     </span>
     <span class='ocr_line' id='line_1_4' title="bbox 307 491 1799 553; baseline 0.007 -21"><span class='ocrx_word' id='word_1_28' title='bbox 307 491 583 543; x_wconf 83' lang='lat' dir='ltr'><strong>Quamobrem</strong></span> <span class='ocrx_word' id='word_1_29' title='bbox 613 505 703 532; x_wconf 91' lang='lat' dir='ltr'><strong>cum</strong></span> <span class='ocrx_word' id='word_1_30' title='bbox 723 492 940 548; x_wconf 87' lang='lat' dir='ltr'><strong>parvulum</strong></span> <span class='ocrx_word' id='word_1_31' title='bbox 973 494 1168 550; x_wconf 90' lang='lat' dir='ltr'><strong>temporis</strong></span> <span class='ocrx_word' id='word_1_32' title='bbox 1196 495 1370 552; x_wconf 89' lang='lat' dir='ltr'><strong>spatium</strong></span> <span class='ocrx_word' id='word_1_33' title='bbox 1401 495 1683 553; x_wconf 81' lang='lat' dir='ltr'><strong>Germanicus,</strong></span> <span class='ocrx_word' id='word_1_34' title='bbox 1715 515 1799 543; x_wconf 83' lang='lat' dir='ltr'><strong>ma-</strong></span> 
     </span>
     <span class='ocr_line' id='line_1_5' title="bbox 307 558 1799 619; baseline 0.007 -19"><span class='ocrx_word' id='word_1_35' title='bbox 307 574 435 614; x_wconf 89' lang='lat' dir='ltr'><strong>gnum</strong></span> <span class='ocrx_word' id='word_1_36' title='bbox 451 558 638 601; x_wconf 87' lang='lat' dir='ltr'><strong>Tiberius</strong></span> <span class='ocrx_word' id='word_1_37' title='bbox 654 559 695 600; x_wconf 90' lang='lat' dir='ltr'><strong>in</strong></span> <span class='ocrx_word' id='word_1_38' title='bbox 712 558 781 601; x_wconf 87' lang='lat' dir='ltr'><strong>illa</strong></span> <span class='ocrx_word' id='word_1_39' title='bbox 801 558 932 602; x_wconf 87' lang='lat' dir='ltr'><strong>insula</strong></span> <span class='ocrx_word' id='word_1_40' title='bbox 951 560 1025 603; x_wconf 88' lang='lat' dir='ltr'><strong>soli</strong></span> <span class='ocrx_word' id='word_1_41' title='bbox 1045 567 1199 604; x_wconf 80' lang='lat' dir='ltr'><strong>sacrata</strong></span> <span class='ocrx_word' id='word_1_42' title='bbox 1222 563 1293 615; x_wconf 84' lang='lat' dir='ltr'><strong>(cf.</strong></span> <span class='ocrx_word' id='word_1_43' title='bbox 1311 562 1462 606; x_wconf 86' lang='lat' dir='ltr'><strong>Lucan.</strong></span> <span class='ocrx_word' id='word_1_44' title='bbox 1484 565 1522 619; x_wconf 88' lang='grc'><strong>8,</strong></span> <span class='ocrx_word' id='word_1_45' title='bbox 1545 566 1630 609; x_wconf 82' lang='lat'><strong>244</strong></span> <span class='ocrx_word' id='word_1_46' title='bbox 1649 567 1799 610; x_wconf 84' lang='lat' dir='ltr'><strong>claram</strong></span> 
     </span>
     <span class='ocr_line' id='line_1_6' title="bbox 308 626 1800 679; baseline 0.007 -11"><span class='ocrx_word' id='word_1_47' title='bbox 308 626 394 669; x_wconf 86' lang='lat' dir='ltr'><strong>sole</strong></span> <span class='ocrx_word' id='word_1_48' title='bbox 432 626 627 679; x_wconf 88' lang='lat' dir='ltr'>Rhodon)</span> <span class='ocrx_word' id='word_1_49' title='bbox 668 627 808 670; x_wconf 86' lang='lat' dir='ltr'><strong>fuisset</strong></span> <span class='ocrx_word' id='word_1_50' title='bbox 846 633 888 670; x_wconf 90' lang='lat' dir='ltr'><strong>et</strong></span> <span class='ocrx_word' id='word_1_51' title='bbox 931 628 1039 670; x_wconf 90' lang='lat' dir='ltr'><strong>hunc</strong></span> <span class='ocrx_word' id='word_1_52' title='bbox 1078 629 1120 670; x_wconf 89' lang='lat' dir='ltr'><strong>in</strong></span> <span class='ocrx_word' id='word_1_53' title='bbox 1158 629 1259 672; x_wconf 93' lang='lat' dir='ltr'><strong>illud</strong></span> <span class='ocrx_word' id='word_1_54' title='bbox 1290 631 1477 674; x_wconf 84' lang='lat' dir='ltr'>exsilium</span> <span class='ocrx_word' id='word_1_55' title='bbox 1514 633 1684 676; x_wconf 84' lang='lat' dir='ltr'><strong>eiectum</strong></span> <span class='ocrx_word' id='word_1_56' title='bbox 1714 649 1800 678; x_wconf 87' lang='lat' dir='ltr'><strong>esse</strong></span> 
     </span>
     <span class='ocr_line' id='line_1_7' title="bbox 308 694 1800 755; baseline 0.005 -20"><span class='ocrx_word' id='word_1_57' title='bbox 308 709 430 737; x_wconf 91' lang='lat' dir='ltr'><strong>nemo</strong></span> <span class='ocrx_word' id='word_1_58' title='bbox 462 700 549 735; x_wconf 90' lang='lat' dir='ltr'><strong>tum</strong></span> <span class='ocrx_word' id='word_1_59' title='bbox 578 694 785 736; x_wconf 88' lang='lat' dir='ltr'><strong>Romanus</strong></span> <span class='ocrx_word' id='word_1_60' title='bbox 823 695 1041 751; x_wconf 83' lang='lat' dir='ltr'><strong>ignoraret,</strong></span> <span class='ocrx_word' id='word_1_61' title='bbox 1085 696 1185 738; x_wconf 90' lang='lat' dir='ltr'><strong>nihil</strong></span> <span class='ocrx_word' id='word_1_62' title='bbox 1215 703 1314 751; x_wconf 86' lang='lat' dir='ltr'><strong>erat,</strong></span> <span class='ocrx_word' id='word_1_63' title='bbox 1355 699 1464 755; x_wconf 91' lang='lat' dir='ltr'><strong>quod</strong></span> <span class='ocrx_word' id='word_1_64' title='bbox 1496 699 1729 745; x_wconf 81' lang='lat' dir='ltr'><strong>Germanici</strong></span> <span class='ocrx_word' id='word_1_65' title='bbox 1758 702 1800 743; x_wconf 89' lang='lat' dir='ltr'><strong>in</strong></span> 
     </span>
     <span class='ocr_line' id='line_1_8' title="bbox 313 761 1802 825; baseline 0.005 -22"><span class='ocrx_word' id='word_1_66' title='bbox 313 762 446 803; x_wconf 86' lang='lat' dir='ltr'><strong>insula</strong></span> <span class='ocrx_word' id='word_1_67' title='bbox 474 761 622 804; x_wconf 87' lang='lat' dir='ltr'><strong>Rhodo</strong></span> <span class='ocrx_word' id='word_1_68' title='bbox 651 763 1008 806; x_wconf 86' lang='lat' dir='ltr'><strong>commorationem</strong></span> <span class='ocrx_word' id='word_1_69' title='bbox 1038 771 1281 807; x_wconf 87' lang='lat' dir='ltr'><strong>memoraret</strong></span> <span class='ocrx_word' id='word_1_70' title='bbox 1301 773 1431 822; x_wconf 87' lang='lat' dir='ltr'><strong>poeta.</strong></span> <span class='ocrx_word' id='word_1_71' title='bbox 1490 767 1648 812; x_wconf 71' lang='lat' dir='ltr'><strong>Tenens</strong></span> <span class='ocrx_word' id='word_1_72' title='bbox 1676 769 1802 825; x_wconf 88' lang='lat' dir='ltr'><strong>igitur</strong></span> 
     </span>
     <span class='ocr_line' id='line_1_9' title="bbox 310 829 1797 886; baseline 0.006 -16"><span class='ocrx_word' id='word_1_73' title='bbox 310 853 362 861; x_wconf 91' lang='lat'><strong>--</strong></span> <span class='ocrx_word' id='word_1_74' title='bbox 392 829 500 886; x_wconf 90' lang='lat' dir='ltr'><strong>quod</strong></span> <span class='ocrx_word' id='word_1_75' title='bbox 530 830 694 872; x_wconf 87' lang='lat' dir='ltr'><strong>omnino</strong></span> <span class='ocrx_word' id='word_1_76' title='bbox 724 830 900 874; x_wconf 87' lang='lat' dir='ltr'><strong>dubitari</strong></span> <span class='ocrx_word' id='word_1_77' title='bbox 929 847 1010 875; x_wconf 89' lang='lat' dir='ltr'><strong>non</strong></span> <span class='ocrx_word' id='word_1_78' title='bbox 1041 831 1180 874; x_wconf 84' lang='lat' dir='ltr'>debuit</span> <span class='ocrx_word' id='word_1_79' title='bbox 1209 856 1263 864; x_wconf 91' lang='lat'><strong>—·</strong></span> <span class='ocrx_word' id='word_1_80' title='bbox 1292 833 1498 877; x_wconf 81' lang='lat' dir='ltr'><strong>Tiberiani</strong></span> <span class='ocrx_word' id='word_1_81' title='bbox 1527 836 1658 878; x_wconf 86' lang='lat' dir='ltr'><strong>exsilii</strong></span> <span class='ocrx_word' id='word_1_82' title='bbox 1686 851 1797 879; x_wconf 90' lang='lat' dir='ltr'><strong>men-</strong></span> 
     </span>
     <span class='ocr_line' id='line_1_10' title="bbox 310 897 1802 958; baseline 0.005 -19"><span class='ocrx_word' id='word_1_83' title='bbox 310 898 461 940; x_wconf 87' lang='lat' dir='ltr'><strong>tionem</strong></span> <span class='ocrx_word' id='word_1_84' title='bbox 501 897 602 941; x_wconf 88' lang='lat' dir='ltr'><strong>fieri.</strong></span> <span class='ocrx_word' id='word_1_85' title='bbox 663 898 785 949; x_wconf 83' lang='lat' dir='ltr'><strong>Quod</strong></span> <span class='ocrx_word' id='word_1_86' title='bbox 824 899 857 940; x_wconf 91' lang='lat' dir='ltr'><strong>si</strong></span> <span class='ocrx_word' id='word_1_87' title='bbox 896 899 1151 954; x_wconf 87' lang='lat' dir='ltr'><strong>concedetur,</strong></span> <span class='ocrx_word' id='word_1_88' title='bbox 1195 915 1276 943; x_wconf 89' lang='lat' dir='ltr'><strong>non</strong></span> <span class='ocrx_word' id='word_1_89' title='bbox 1316 916 1417 958; x_wconf 91' lang='lat' dir='ltr'><strong>opus</strong></span> <span class='ocrx_word' id='word_1_90' title='bbox 1456 909 1517 945; x_wconf 89' lang='lat' dir='ltr'><strong>est</strong></span> <span class='ocrx_word' id='word_1_91' title='bbox 1553 903 1710 947; x_wconf 86' lang='lat' dir='ltr'><strong>Freieri</strong></span> <span class='ocrx_word' id='word_1_92' title='bbox 1750 905 1802 947; x_wconf 87' lang='lat' dir='ltr'><strong>de</strong></span> 
     </span>
     <span class='ocr_line' id='line_1_11' title="bbox 309 965 1801 1027; baseline 0.005 -21"><span class='ocrx_word' id='word_1_93' title='bbox 309 965 509 1023; x_wconf 84' lang='lat' dir='ltr'><strong>participii</strong></span> <span class='ocrx_word' id='word_1_94' title='bbox 535 970 694 1008; x_wconf 74' lang='lat' dir='ltr'><strong>recturi</strong></span> <span class='ocrx_word' id='word_1_95' title='bbox 721 967 876 1010; x_wconf 89' lang='lat' dir='ltr'><strong>ratione</strong></span> <span class='ocrx_word' id='word_1_96' title='bbox 895 968 1348 1027; x_wconf 50' lang='lat' dir='ltr'><strong>sententiam-refutare.</strong></span> <span class='ocrx_word' id='word_1_97' title='bbox 1398 970 1588 1027; x_wconf 83' lang='lat' dir='ltr'><strong>Namque</strong></span> <span class='ocrx_word' id='word_1_98' title='bbox 1617 971 1712 1014; x_wconf 90' lang='lat' dir='ltr'><strong>licet</strong></span> <span class='ocrx_word' id='word_1_99' title='bbox 1740 972 1801 1014; x_wconf 85' lang='lat' dir='ltr'><strong>usi</strong></span> 
     </span>
     <span class='ocr_line' id='line_1_12' title="bbox 312 1034 1800 1096; baseline 0.005 -22"><span class='ocrx_word' id='word_1_100' title='bbox 312 1034 393 1074; x_wconf 87' lang='lat' dir='ltr'><strong>sint</strong></span> <span class='ocrx_word' id='word_1_101' title='bbox 425 1047 472 1075; x_wconf 86' lang='lat' dir='ltr'><strong>ea</strong></span> <span class='ocrx_word' id='word_1_102' title='bbox 500 1034 613 1076; x_wconf 90' lang='lat' dir='ltr'><strong>verbi</strong></span> <span class='ocrx_word' id='word_1_103' title='bbox 634 1035 775 1088; x_wconf 89' lang='lat' dir='ltr'><strong>forma,</strong></span> <span class='ocrx_word' id='word_1_104' title='bbox 807 1042 853 1077; x_wconf 93' lang='lat' dir='ltr'><strong>ut</strong></span> <span class='ocrx_word' id='word_1_105' title='bbox 872 1042 1080 1078; x_wconf 82' lang='lat' dir='ltr'><strong>notaretur</strong></span> <span class='ocrx_word' id='word_1_106' title='bbox 1095 1036 1259 1091; x_wconf 84' lang='lat' dir='ltr'><strong>(Freier</strong></span> <span class='ocrx_word' id='word_1_107' title='bbox 1273 1053 1312 1094; x_wconf 88' lang='lat' dir='ltr'><strong>p.</strong></span> <span class='ocrx_word' id='word_1_108' title='bbox 1331 1037 1402 1091; x_wconf 87' lang='lat'><strong>38)</strong></span> <span class='ocrx_word' id='word_1_109' title='bbox 1423 1053 1503 1081; x_wconf 92' lang='lat' dir='ltr'><strong>non</strong></span> <span class='ocrx_word' id='word_1_110' title='bbox 1525 1038 1572 1092; x_wconf 88' lang='lat' dir='ltr'><strong>is,</strong></span> <span class='ocrx_word' id='word_1_111' title='bbox 1603 1039 1674 1096; x_wconf 90' lang='lat' dir='ltr'><strong>qui</strong></span> <span class='ocrx_word' id='word_1_112' title='bbox 1693 1039 1800 1082; x_wconf 88' lang='lat' dir='ltr'><strong>haud</strong></span> 
     </span>
     <span class='ocr_line' id='line_1_13' title="bbox 310 1100 1801 1161; baseline 0.005 -19"><span class='ocrx_word' id='word_1_113' title='bbox 310 1100 365 1142; x_wconf 90' lang='lat' dir='ltr'><strong>ita</strong></span> <span class='ocrx_word' id='word_1_114' title='bbox 409 1101 536 1144; x_wconf 87' lang='lat' dir='ltr'><strong>multo</strong></span> <span class='ocrx_word' id='word_1_115' title='bbox 576 1108 668 1158; x_wconf 88' lang='lat' dir='ltr'><strong>post</strong></span> <span class='ocrx_word' id='word_1_116' title='bbox 706 1102 756 1145; x_wconf 92' lang='lat' dir='ltr'><strong>ad</strong></span> <span class='ocrx_word' id='word_1_117' title='bbox 801 1118 888 1146; x_wconf 89' lang='lat' dir='ltr'><strong>rem</strong></span> <span class='ocrx_word' id='word_1_118' title='bbox 926 1103 1128 1160; x_wconf 83' lang='lat' dir='ltr'><strong>publicam</strong></span> <span class='ocrx_word' id='word_1_119' title='bbox 1166 1119 1397 1147; x_wconf 83' lang='lat' dir='ltr'><strong>accessurus</strong></span> <span class='ocrx_word' id='word_1_120' title='bbox 1427 1111 1502 1159; x_wconf 87' lang='lat' dir='ltr'><strong>est,</strong></span> <span class='ocrx_word' id='word_1_121' title='bbox 1540 1106 1612 1149; x_wconf 88' lang='lat' dir='ltr'><strong>sed</strong></span> <span class='ocrx_word' id='word_1_122' title='bbox 1652 1107 1698 1161; x_wconf 83' lang='lat' dir='ltr'><strong>si,</strong></span> <span class='ocrx_word' id='word_1_123' title='bbox 1738 1108 1801 1150; x_wconf 91' lang='lat' dir='ltr'><strong>cui</strong></span> 
     </span>
     <span class='ocr_line' id='line_1_14' title="bbox 310 1168 1801 1230; baseline 0.004 -20"><span class='ocrx_word' id='word_1_124' title='bbox 310 1168 444 1210; x_wconf 87' lang='lat' dir='ltr'><strong>Rhodi</strong></span> <span class='ocrx_word' id='word_1_125' title='bbox 473 1169 657 1211; x_wconf 85' lang='lat' dir='ltr'><strong>morandi</strong></span> <span class='ocrx_word' id='word_1_126' title='bbox 683 1170 763 1212; x_wconf 85' lang='lat' dir='ltr'><strong>iam</strong></span> <span class='ocrx_word' id='word_1_127' title='bbox 784 1170 867 1213; x_wconf 86' lang='lat' dir='ltr'><strong>fato</strong></span> <span class='ocrx_word' id='word_1_128' title='bbox 888 1170 1131 1213; x_wconf 88' lang='lat' dir='ltr'><strong>destinatum</strong></span> <span class='ocrx_word' id='word_1_129' title='bbox 1152 1177 1213 1214; x_wconf 88' lang='lat' dir='ltr'><strong>est</strong></span> <span class='ocrx_word' id='word_1_130' title='bbox 1239 1171 1456 1228; x_wconf 84' lang='lat' dir='ltr'><strong>aliquando</strong></span> <span class='ocrx_word' id='word_1_131' title='bbox 1477 1173 1692 1230; x_wconf 87' lang='lat' dir='ltr'><strong>imperium</strong></span> <span class='ocrx_word' id='word_1_132' title='bbox 1711 1175 1801 1216; x_wconf 83' lang='lat' dir='ltr'><strong>sub-</strong></span> 
     </span>
     <span class='ocr_line' id='line_1_15' title="bbox 310 1236 1801 1298; baseline 0.005 -21"><span class='ocrx_word' id='word_1_133' title='bbox 310 1236 482 1290; x_wconf 87' lang='lat' dir='ltr'><strong>mittere,</strong></span> <span class='ocrx_word' id='word_1_134' title='bbox 505 1242 640 1279; x_wconf 87' lang='lat' dir='ltr'><strong>tamen</strong></span> <span class='ocrx_word' id='word_1_135' title='bbox 656 1237 758 1279; x_wconf 90' lang='lat' dir='ltr'><strong>nihil</strong></span> <span class='ocrx_word' id='word_1_136' title='bbox 773 1239 909 1292; x_wconf 82' lang='lat' dir='ltr'><strong>refert,</strong></span> <span class='ocrx_word' id='word_1_137' title='bbox 933 1245 1069 1281; x_wconf 90' lang='lat' dir='ltr'><strong>utrum</strong></span> <span class='ocrx_word' id='word_1_138' title='bbox 1084 1239 1142 1281; x_wconf 87' lang='lat' dir='ltr'><strong>sic</strong></span> <span class='ocrx_word' id='word_1_139' title='bbox 1157 1254 1209 1281; x_wconf 89' lang='lat' dir='ltr'><strong>an</strong></span> <span class='ocrx_word' id='word_1_140' title='bbox 1225 1239 1341 1282; x_wconf 85' lang='lat' dir='ltr'><strong>aliter</strong></span> <span class='ocrx_word' id='word_1_141' title='bbox 1364 1241 1563 1298; x_wconf 85' lang='lat' dir='ltr'><strong>participii</strong></span> <span class='ocrx_word' id='word_1_142' title='bbox 1579 1242 1703 1284; x_wconf 84' lang='lat' dir='ltr'><strong>futuri</strong></span> <span class='ocrx_word' id='word_1_143' title='bbox 1719 1243 1801 1285; x_wconf 86' lang='lat' dir='ltr'><strong>vim</strong></span> 
     </span>
     <span class='ocr_line' id='line_1_16' title="bbox 310 1303 1800 1363; baseline 0.005 -18"><span class='ocrx_word' id='word_1_144' title='bbox 310 1303 574 1361; x_wconf 83' lang='lat' dir='ltr'><strong>accipiamus:</strong></span> <span class='ocrx_word' id='word_1_145' title='bbox 614 1306 753 1363; x_wconf 90' lang='lat' dir='ltr'><strong>utique</strong></span> <span class='ocrx_word' id='word_1_146' title='bbox 782 1306 981 1361; x_wconf 82' lang='lat' dir='ltr'><strong>Tiberius,</strong></span> <span class='ocrx_word' id='word_1_147' title='bbox 1013 1321 1096 1350; x_wconf 89' lang='lat' dir='ltr'><strong>non</strong></span> <span class='ocrx_word' id='word_1_148' title='bbox 1126 1306 1396 1351; x_wconf 85' lang='lat' dir='ltr'><strong>Germanicus</strong></span> <span class='ocrx_word' id='word_1_149' title='bbox 1426 1308 1571 1351; x_wconf 86' lang='lat' dir='ltr'><strong>dieitur</strong></span> <span class='ocrx_word' id='word_1_150' title='bbox 1599 1315 1800 1352; x_wconf 85' lang='lat' dir='ltr'><strong>recturus:</strong></span> 
     </span>
     <span class='ocr_line' id='line_1_17' title="bbox 312 1372 1799 1433; baseline 0.003 -19"><span class='ocrx_word' id='word_1_151' title='bbox 312 1377 372 1414; x_wconf 91' lang='lat' dir='ltr'><strong>est</strong></span> <span class='ocrx_word' id='word_1_152' title='bbox 401 1372 584 1427; x_wconf 82' lang='lat' dir='ltr'><strong>Rhodus,</strong></span> <span class='ocrx_word' id='word_1_153' title='bbox 615 1374 683 1415; x_wconf 93' lang='lat' dir='ltr'><strong>ubi</strong></span> <span class='ocrx_word' id='word_1_154' title='bbox 713 1375 862 1432; x_wconf 89' lang='lat' dir='ltr'><strong>hospes</strong></span> <span class='ocrx_word' id='word_1_155' title='bbox 888 1381 1067 1418; x_wconf 88' lang='lat' dir='ltr'><strong>moratus</strong></span> <span class='ocrx_word' id='word_1_156' title='bbox 1097 1381 1158 1418; x_wconf 89' lang='lat' dir='ltr'><strong>est</strong></span> <span class='ocrx_word' id='word_1_157' title='bbox 1186 1375 1231 1430; x_wconf 88' lang='lat' dir='ltr'><strong>is,</strong></span> <span class='ocrx_word' id='word_1_158' title='bbox 1267 1375 1336 1432; x_wconf 88' lang='lat' dir='ltr'><strong>qui</strong></span> <span class='ocrx_word' id='word_1_159' title='bbox 1367 1383 1484 1433; x_wconf 85' lang='lat' dir='ltr'><strong>reget</strong></span> <span class='ocrx_word' id='word_1_160' title='bbox 1512 1377 1578 1420; x_wconf 89' lang='lat' dir='ltr'><strong>vel</strong></span> <span class='ocrx_word' id='word_1_161' title='bbox 1607 1377 1640 1419; x_wconf 88' lang='lat' dir='ltr'><strong>si</strong></span> <span class='ocrx_word' id='word_1_162' title='bbox 1660 1377 1799 1431; x_wconf 82' lang='lat' dir='ltr'><strong>mavis,</strong></span> 
     </span>
     <span class='ocr_line' id='line_1_18' title="bbox 312 1440 1800 1500; baseline 0.004 -20"><span class='ocrx_word' id='word_1_163' title='bbox 312 1440 375 1481; x_wconf 89' lang='lat' dir='ltr'><strong>cui</strong></span> <span class='ocrx_word' id='word_1_164' title='bbox 416 1440 657 1483; x_wconf 86' lang='lat' dir='ltr'><strong>destinatum</strong></span> <span class='ocrx_word' id='word_1_165' title='bbox 698 1447 759 1484; x_wconf 89' lang='lat' dir='ltr'><strong>est</strong></span> <span class='ocrx_word' id='word_1_166' title='bbox 797 1457 982 1499; x_wconf 86' lang='lat' dir='ltr'><strong>regnum.</strong></span> <span class='ocrx_word' id='word_1_167' title='bbox 1042 1442 1155 1499; x_wconf 86' lang='lat' dir='ltr'><strong>Ergo</strong></span> <span class='ocrx_word' id='word_1_168' title='bbox 1195 1442 1376 1486; x_wconf 91' lang='lat' dir='ltr'><strong>nondum</strong></span> <span class='ocrx_word' id='word_1_169' title='bbox 1416 1450 1561 1500; x_wconf 85' lang='lat' dir='ltr'><strong>regnat</strong></span> <span class='ocrx_word' id='word_1_170' title='bbox 1599 1444 1800 1498; x_wconf 86' lang='lat' dir='ltr'><strong>Tiberius,</strong></span> 
     </span>
     <span class='ocr_line' id='line_1_19' title="bbox 311 1507 1801 1569; baseline 0.003 -21"><span class='ocrx_word' id='word_1_171' title='bbox 311 1513 457 1563; x_wconf 89' lang='lat' dir='ltr'><strong>regnat</strong></span> <span class='ocrx_word' id='word_1_172' title='bbox 486 1507 711 1564; x_wconf 84' lang='lat' dir='ltr'><strong>Augustus.</strong></span> <span class='ocrx_word' id='word_1_173' title='bbox 772 1508 818 1553; x_wconf 85' lang='lat' dir='ltr'><strong>Si</strong></span> <span class='ocrx_word' id='word_1_174' title='bbox 848 1516 987 1552; x_wconf 84' lang='lat' dir='ltr'><strong>contra</strong></span> <span class='ocrx_word' id='word_1_175' title='bbox 1013 1509 1178 1553; x_wconf 87' lang='lat' dir='ltr'><strong>Tiberio</strong></span> <span class='ocrx_word' id='word_1_176' title='bbox 1218 1510 1443 1567; x_wconf 86' lang='lat' dir='ltr'><strong>imperante</strong></span> <span class='ocrx_word' id='word_1_177' title='bbox 1471 1511 1498 1556; x_wconf 90' lang='lat' dir='ltr'><strong>l.</strong></span> <span class='ocrx_word' id='word_1_178' title='bbox 1529 1511 1593 1554; x_wconf 92' lang='lat' dir='ltr'><strong>IV</strong></span> <span class='ocrx_word' id='word_1_179' title='bbox 1622 1511 1801 1569; x_wconf 85' lang='lat' dir='ltr'><strong>scripsis-</strong></span> 
     </span>
     <span class='ocr_line' id='line_1_20' title="bbox 312 1575 1801 1635; baseline 0.003 -19"><span class='ocrx_word' id='word_1_180' title='bbox 312 1581 385 1629; x_wconf 89' lang='lat' dir='ltr'><strong>set,</strong></span> <span class='ocrx_word' id='word_1_181' title='bbox 424 1575 542 1617; x_wconf 87' lang='lat' dir='ltr'><strong>aliter</strong></span> <span class='ocrx_word' id='word_1_182' title='bbox 580 1582 724 1633; x_wconf 89' lang='lat' dir='ltr'><strong>poetae</strong></span> <span class='ocrx_word' id='word_1_183' title='bbox 769 1577 985 1620; x_wconf 88' lang='lat' dir='ltr'><strong>dicendum</strong></span> <span class='ocrx_word' id='word_1_184' title='bbox 1015 1578 1102 1632; x_wconf 87' lang='lat' dir='ltr'><strong>fuit,</strong></span> <span class='ocrx_word' id='word_1_185' title='bbox 1143 1584 1188 1620; x_wconf 90' lang='lat' dir='ltr'><strong>ut</strong></span> <span class='ocrx_word' id='word_1_186' title='bbox 1226 1579 1495 1635; x_wconf 83' lang='lat' dir='ltr'><strong>exprimeret:</strong></span> <span class='ocrx_word' id='word_1_187' title='bbox 1533 1585 1593 1621; x_wconf 89' lang='lat' dir='ltr'><strong>est</strong></span> <span class='ocrx_word' id='word_1_188' title='bbox 1619 1579 1801 1634; x_wconf 85' lang='lat' dir='ltr'><strong>Rhodus,</strong></span> 
     </span>
     <span class='ocr_line' id='line_1_21' title="bbox 313 1643 1807 1704; baseline 0.004 -19"><span class='ocrx_word' id='word_1_189' title='bbox 313 1643 423 1700; x_wconf 90' lang='lat' dir='ltr'><strong>quod</strong></span> <span class='ocrx_word' id='word_1_190' title='bbox 453 1643 548 1686; x_wconf 90' lang='lat' dir='ltr'><strong>olim</strong></span> <span class='ocrx_word' id='word_1_191' title='bbox 577 1644 653 1686; x_wconf 89' lang='lat' dir='ltr'><strong>fuit</strong></span> <span class='ocrx_word' id='word_1_192' title='bbox 682 1645 900 1701; x_wconf 88' lang='lat' dir='ltr'><strong>hospitium</strong></span> <span class='ocrx_word' id='word_1_193' title='bbox 929 1645 1027 1699; x_wconf 91' lang='lat' dir='ltr'><strong>eius,</strong></span> <span class='ocrx_word' id='word_1_194' title='bbox 1060 1646 1129 1700; x_wconf 90' lang='lat' dir='ltr'><strong>qui</strong></span> <span class='ocrx_word' id='word_1_195' title='bbox 1157 1652 1198 1689; x_wconf 89' lang='lat' dir='ltr'><strong>et</strong></span> <span class='ocrx_word' id='word_1_196' title='bbox 1221 1661 1328 1688; x_wconf 90' lang='lat' dir='ltr'><strong>nunc</strong></span> <span class='ocrx_word' id='word_1_197' title='bbox 1355 1648 1460 1703; x_wconf 88' lang='lat' dir='ltr'><strong>regit</strong></span> <span class='ocrx_word' id='word_1_198' title='bbox 1487 1653 1527 1690; x_wconf 87' lang='lat' dir='ltr'><strong>et</strong></span> <span class='ocrx_word' id='word_1_199' title='bbox 1552 1654 1694 1704; x_wconf 81' lang='lat' dir='ltr'><strong>postea</strong></span> <span class='ocrx_word' id='word_1_200' title='bbox 1721 1662 1807 1691; x_wconf 85' lang='lat' dir='ltr'><strong>ree-</strong></span> 
     </span>
     <span class='ocr_line' id='line_1_22' title="bbox 316 1712 1805 1771; baseline 0.003 -17"><span class='ocrx_word' id='word_1_201' title='bbox 316 1719 430 1754; x_wconf 88' lang='lat' dir='ltr'><strong>turus</strong></span> <span class='ocrx_word' id='word_1_202' title='bbox 460 1717 532 1765; x_wconf 90' lang='lat' dir='ltr'><strong>est,</strong></span> <span class='ocrx_word' id='word_1_203' title='bbox 564 1712 629 1755; x_wconf 86' lang='lat' dir='ltr'><strong>vel</strong></span> <span class='ocrx_word' id='word_1_204' title='bbox 659 1712 756 1767; x_wconf 88' lang='lat' dir='ltr'><strong>eius,</strong></span> <span class='ocrx_word' id='word_1_205' title='bbox 788 1713 854 1755; x_wconf 92' lang='lat' dir='ltr'><strong>cui</strong></span> <span class='ocrx_word' id='word_1_206' title='bbox 881 1713 962 1755; x_wconf 87' lang='lat' dir='ltr'><strong>iam</strong></span> <span class='ocrx_word' id='word_1_207' title='bbox 988 1719 1087 1768; x_wconf 91' lang='lat' dir='ltr'><strong>tum,</strong></span> <span class='ocrx_word' id='word_1_208' title='bbox 1119 1729 1209 1756; x_wconf 91' lang='lat' dir='ltr'><strong>cum</strong></span> <span class='ocrx_word' id='word_1_209' title='bbox 1239 1715 1294 1756; x_wconf 89' lang='lat' dir='ltr'><strong>ibi</strong></span> <span class='ocrx_word' id='word_1_210' title='bbox 1321 1721 1503 1757; x_wconf 85' lang='lat' dir='ltr'><strong>versatus</strong></span> <span class='ocrx_word' id='word_1_211' title='bbox 1531 1722 1606 1769; x_wconf 90' lang='lat' dir='ltr'><strong>est,</strong></span> <span class='ocrx_word' id='word_1_212' title='bbox 1633 1730 1805 1771; x_wconf 88' lang='lat' dir='ltr'><strong>regnum</strong></span> 
     </span>
     <span class='ocr_line' id='line_1_23' title="bbox 318 1779 1806 1826; baseline 0.002 -4"><span class='ocrx_word' id='word_1_213' title='bbox 318 1779 562 1822; x_wconf 86' lang='lat' dir='ltr'><strong>destinatum</strong></span> <span class='ocrx_word' id='word_1_214' title='bbox 594 1786 692 1823; x_wconf 88' lang='lat' dir='ltr'><strong>erat.</strong></span> <span class='ocrx_word' id='word_1_215' title='bbox 753 1780 833 1823; x_wconf 90' lang='lat' dir='ltr'><strong>Vel</strong></span> <span class='ocrx_word' id='word_1_216' title='bbox 863 1780 914 1823; x_wconf 91' lang='lat' dir='ltr'><strong>ob</strong></span> <span class='ocrx_word' id='word_1_217' title='bbox 945 1795 1033 1823; x_wconf 89' lang='lat' dir='ltr'><strong>eam</strong></span> <span class='ocrx_word' id='word_1_218' title='bbox 1061 1796 1223 1824; x_wconf 87' lang='lat' dir='ltr'><strong>causam</strong></span> <span class='ocrx_word' id='word_1_219' title='bbox 1253 1798 1291 1826; x_wconf 76' lang='lat' dir='ltr'><strong>v,</strong></span> <span class='ocrx_word' id='word_1_220' title='bbox 1324 1781 1405 1825; x_wconf 88' lang='grc'><strong>766</strong></span> <span class='ocrx_word' id='word_1_221' title='bbox 1435 1782 1488 1824; x_wconf 84' lang='lat' dir='ltr'><strong>ad</strong></span> <span class='ocrx_word' id='word_1_222' title='bbox 1517 1781 1806 1825; x_wconf 82' lang='lat' dir='ltr'><strong>Germanicum</strong></span> 
     </span>
     <span class='ocr_line' id='line_1_24' title="bbox 317 1847 1807 1905; baseline 0.001 -14"><span class='ocrx_word' id='word_1_223' title='bbox 317 1848 459 1892; x_wconf 83' lang='lat' dir='ltr'><strong>referri</strong></span> <span class='ocrx_word' id='word_1_224' title='bbox 488 1847 658 1904; x_wconf 88' lang='lat' dir='ltr'><strong>nequire</strong></span> <span class='ocrx_word' id='word_1_225' title='bbox 685 1848 868 1902; x_wconf 87' lang='lat' dir='ltr'><strong>arbitrer,</strong></span> <span class='ocrx_word' id='word_1_226' title='bbox 908 1849 1017 1905; x_wconf 92' lang='lat' dir='ltr'><strong>quod</strong></span> <span class='ocrx_word' id='word_1_227' title='bbox 1057 1849 1164 1892; x_wconf 90' lang='lat' dir='ltr'><strong>male</strong></span> <span class='ocrx_word' id='word_1_228' title='bbox 1208 1849 1398 1891; x_wconf 85' lang='lat' dir='ltr'><strong>Manilius</strong></span> <span class='ocrx_word' id='word_1_229' title='bbox 1435 1850 1588 1893; x_wconf 88' lang='lat' dir='ltr'><strong>Tiberii</strong></span> <span class='ocrx_word' id='word_1_230' title='bbox 1626 1851 1807 1894; x_wconf 85' lang='lat' dir='ltr'><strong>favorem</strong></span> 
     </span>
     <span class='ocr_line' id='line_1_25' title="bbox 317 1915 1836 1975; baseline 0.001 -16"><span class='ocrx_word' id='word_1_231' title='bbox 317 1917 393 1959; x_wconf 88' lang='lat' dir='ltr'><strong>sibi</strong></span> <span class='ocrx_word' id='word_1_232' title='bbox 421 1915 683 1970; x_wconf 85' lang='lat' dir='ltr'><strong>conciliasset,</strong></span> <span class='ocrx_word' id='word_1_233' title='bbox 722 1917 755 1958; x_wconf 88' lang='lat' dir='ltr'><strong>si</strong></span> <span class='ocrx_word' id='word_1_234' title='bbox 786 1916 1074 1960; x_wconf 88' lang='lat' dir='ltr'><strong>Germanicum</strong></span> <span class='ocrx_word' id='word_1_235' title='bbox 1103 1924 1202 1970; x_wconf 91' lang='lat' dir='ltr'><strong>tum,</strong></span> <span class='ocrx_word' id='word_1_236' title='bbox 1244 1932 1334 1959; x_wconf 94' lang='lat' dir='ltr'><strong>cum</strong></span> <span class='ocrx_word' id='word_1_237' title='bbox 1357 1933 1383 1960; x_wconf 85' lang='lat' dir='ltr'><strong>a</strong></span> <span class='ocrx_word' id='word_1_238' title='bbox 1411 1918 1604 1972; x_wconf 81' lang='lat' dir='ltr'><strong>victoriis,</strong></span> <span class='ocrx_word' id='word_1_239' title='bbox 1639 1933 1738 1975; x_wconf 82' lang='lat' dir='ltr'><strong>quas</strong></span> <span class='ocrx_word' id='word_1_240' title='bbox 1765 1918 1836 1962; x_wconf 40' lang='lat' dir='ltr'><strong>in⁴</strong></span> 
     </span>
     <span class='ocr_line' id='line_1_26' title="bbox 319 1984 1807 2041; baseline 0 -13"><span class='ocrx_word' id='word_1_241' title='bbox 319 1984 542 2028; x_wconf 85' lang='lat' dir='ltr'><strong>Germania</strong></span> <span class='ocrx_word' id='word_1_242' title='bbox 570 1989 859 2041; x_wconf 87' lang='lat' dir='ltr'><strong>reportaverat,</strong></span> <span class='ocrx_word' id='word_1_243' title='bbox 890 2001 915 2027; x_wconf 83' lang='lat' dir='ltr'><strong>a</strong></span> <span class='ocrx_word' id='word_1_244' title='bbox 934 1985 1098 2028; x_wconf 85' lang='lat' dir='ltr'><strong>Tiberio</strong></span> <span class='ocrx_word' id='word_1_245' title='bbox 1123 1985 1274 2027; x_wconf 85' lang='lat' dir='ltr'><strong>invidia</strong></span> <span class='ocrx_word' id='word_1_246' title='bbox 1300 1992 1500 2029; x_wconf 88' lang='lat' dir='ltr'><strong>commoto</strong></span> <span class='ocrx_word' id='word_1_247' title='bbox 1525 1992 1737 2030; x_wconf 85' lang='lat' dir='ltr'><strong>revocatus</strong></span> <span class='ocrx_word' id='word_1_248' title='bbox 1765 1986 1807 2028; x_wconf 89' lang='lat' dir='ltr'><strong>in</strong></span> 
     </span>
     <span class='ocr_line' id='line_1_27' title="bbox 317 2053 1808 2112; baseline 0.001 -17"><span class='ocrx_word' id='word_1_249' title='bbox 317 2053 544 2110; x_wconf 88' lang='lat' dir='ltr'><strong>Asiamque</strong></span> <span class='ocrx_word' id='word_1_250' title='bbox 582 2053 725 2094; x_wconf 86' lang='lat' dir='ltr'><strong>missus</strong></span> <span class='ocrx_word' id='word_1_251' title='bbox 763 2059 862 2106; x_wconf 87' lang='lat' dir='ltr'><strong>erat,</strong></span> <span class='ocrx_word' id='word_1_252' title='bbox 901 2067 1170 2096; x_wconf 86' lang='lat' dir='ltr'><strong>successorem</strong></span> <span class='ocrx_word' id='word_1_253' title='bbox 1209 2054 1295 2096; x_wconf 87' lang='lat' dir='ltr'><strong>fore</strong></span> <span class='ocrx_word' id='word_1_254' title='bbox 1329 2053 1510 2098; x_wconf 85' lang='lat' dir='ltr'><strong>dixisset.</strong></span> <span class='ocrx_word' id='word_1_255' title='bbox 1569 2054 1671 2098; x_wconf 82' lang='lat' dir='ltr'><strong>Tale</strong></span> <span class='ocrx_word' id='word_1_256' title='bbox 1709 2055 1808 2112; x_wconf 90' lang='lat' dir='ltr'><strong>quid</strong></span> 
     </span>
     <span class='ocr_line' id='line_1_28' title="bbox 317 2121 1805 2180; baseline 0.001 -17"><span class='ocrx_word' id='word_1_257' title='bbox 317 2121 482 2164; x_wconf 89' lang='lat' dir='ltr'><strong>Tiberio</strong></span> <span class='ocrx_word' id='word_1_258' title='bbox 532 2126 730 2176; x_wconf 85' lang='lat' dir='ltr'><strong>regnante</strong></span> <span class='ocrx_word' id='word_1_259' title='bbox 768 2121 944 2164; x_wconf 87' lang='lat' dir='ltr'><strong>scribere</strong></span> <span class='ocrx_word' id='word_1_260' title='bbox 984 2122 1081 2178; x_wconf 91' lang='lat' dir='ltr'><strong>quin</strong></span> <span class='ocrx_word' id='word_1_261' title='bbox 1123 2121 1243 2165; x_wconf 86' lang='lat' dir='ltr'><strong>valde</strong></span> <span class='ocrx_word' id='word_1_262' title='bbox 1279 2122 1480 2165; x_wconf 86' lang='lat' dir='ltr'><strong>veriturus</strong></span> <span class='ocrx_word' id='word_1_263' title='bbox 1519 2123 1640 2166; x_wconf 78' lang='lat' dir='ltr'><strong>suerit</strong></span> <span class='ocrx_word' id='word_1_264' title='bbox 1675 2130 1805 2180; x_wconf 84' lang='lat' dir='ltr'><strong>poeta,</strong></span> 
     </span>
     <span class='ocr_line' id='line_1_29' title="bbox 317 2189 1807 2246; baseline 0.001 -15"><span class='ocrx_word' id='word_1_265' title='bbox 317 2189 417 2232; x_wconf 89' lang='lat' dir='ltr'><strong>mihi</strong></span> <span class='ocrx_word' id='word_1_266' title='bbox 447 2189 615 2232; x_wconf 89' lang='lat' dir='ltr'><strong>dubium</strong></span> <span class='ocrx_word' id='word_1_267' title='bbox 646 2203 732 2231; x_wconf 89' lang='lat' dir='ltr'><strong>esse</strong></span> <span class='ocrx_word' id='word_1_268' title='bbox 758 2204 841 2232; x_wconf 90' lang='lat' dir='ltr'><strong>non</strong></span> <span class='ocrx_word' id='word_1_269' title='bbox 866 2196 1010 2246; x_wconf 89' lang='lat' dir='ltr'><strong>potest.</strong></span> <span class='ocrx_word' id='word_1_270' title='bbox 1069 2191 1216 2246; x_wconf 90' lang='lat' dir='ltr'><strong>Neque</strong></span> <span class='ocrx_word' id='word_1_271' title='bbox 1243 2190 1371 2246; x_wconf 85' lang='lat' dir='ltr'><strong>magis</strong></span> <span class='ocrx_word' id='word_1_272' title='bbox 1401 2197 1486 2232; x_wconf 90' lang='lat' dir='ltr'><strong>tum</strong></span> <span class='ocrx_word' id='word_1_273' title='bbox 1516 2190 1807 2234; x_wconf 85' lang='lat' dir='ltr'><strong>Germanicum</strong></span> 
     </span>
     <span class='ocr_line' id='line_1_30' title="bbox 317 2256 1806 2313; baseline 0 -13"><span class='ocrx_word' id='word_1_274' title='bbox 317 2258 466 2300; x_wconf 76' lang='lat' dir='ltr'><strong>mundi</strong></span> <span class='ocrx_word' id='word_1_275' title='bbox 488 2259 625 2299; x_wconf 78' lang='lat' dir='ltr'><strong>lumen</strong></span> <span class='ocrx_word' id='word_1_276' title='bbox 654 2256 787 2299; x_wconf 86' lang='lat' dir='ltr'><strong>dicere</strong></span> <span class='ocrx_word' id='word_1_277' title='bbox 809 2257 951 2313; x_wconf 89' lang='lat' dir='ltr'><strong>potuit.</strong></span> <span class='ocrx_word' id='word_1_278' title='bbox 1012 2257 1129 2309; x_wconf 82' lang='lat' dir='ltr'><strong>Quae</strong></span> <span class='ocrx_word' id='word_1_279' title='bbox 1149 2272 1231 2300; x_wconf 84' lang='lat' dir='ltr'><strong>vox</strong></span> <span class='ocrx_word' id='word_1_280' title='bbox 1260 2258 1392 2299; x_wconf 90' lang='lat' dir='ltr'><strong>minus</strong></span> <span class='ocrx_word' id='word_1_281' title='bbox 1422 2258 1602 2312; x_wconf 82' lang='lat' dir='ltr'><strong>offendit,</strong></span> <span class='ocrx_word' id='word_1_282' title='bbox 1632 2258 1664 2300; x_wconf 85' lang='lat' dir='ltr'><strong>si</strong></span> <span class='ocrx_word' id='word_1_283' title='bbox 1687 2258 1806 2300; x_wconf 83' lang='lat' dir='ltr'><strong>Tibe-</strong></span> 
     </span>
     <span class='ocr_line' id='line_1_31' title="bbox 319 2324 1809 2383; baseline 0.001 -16"><span class='ocrx_word' id='word_1_284' title='bbox 319 2325 423 2367; x_wconf 91' lang='lat' dir='ltr'><strong>rium</strong></span> <span class='ocrx_word' id='word_1_285' title='bbox 454 2324 727 2379; x_wconf 87' lang='lat' dir='ltr'><strong>intellegimus</strong></span> <span class='ocrx_word' id='word_1_286' title='bbox 756 2324 936 2380; x_wconf 88' lang='lat' dir='ltr'><strong>Augusti</strong></span> <span class='ocrx_word' id='word_1_287' title='bbox 963 2326 1136 2380; x_wconf 86' lang='lat' dir='ltr'><strong>gratiam</strong></span> <span class='ocrx_word' id='word_1_288' title='bbox 1170 2340 1307 2367; x_wconf 89' lang='lat' dir='ltr'><strong>rursus</strong></span> <span class='ocrx_word' id='word_1_289' title='bbox 1335 2325 1541 2382; x_wconf 79' lang='lat' dir='ltr'><strong>adeptum,</strong></span> <span class='ocrx_word' id='word_1_290' title='bbox 1571 2341 1662 2368; x_wconf 89' lang='lat' dir='ltr'><strong>cum</strong></span> <span class='ocrx_word' id='word_1_291' title='bbox 1691 2341 1809 2383; x_wconf 82' lang='lat' dir='ltr'><strong>prae-</strong></span> 
     </span>
     <span class='ocr_line' id='line_1_32' title="bbox 319 2392 1806 2452; baseline 0.002 -18"><span class='ocrx_word' id='word_1_292' title='bbox 319 2392 458 2435; x_wconf 90' lang='lat' dir='ltr'><strong>sertim</strong></span> <span class='ocrx_word' id='word_1_293' title='bbox 488 2399 666 2449; x_wconf 83' lang='lat' dir='ltr'><strong>apponat</strong></span> <span class='ocrx_word' id='word_1_294' title='bbox 688 2398 830 2449; x_wconf 84' lang='lat' dir='ltr'><strong>poeta:</strong></span> <span class='ocrx_word' id='word_1_295' title='bbox 861 2396 1006 2449; x_wconf 73' lang='lat' dir='ltr'><strong>mayni</strong></span> <span class='ocrx_word' id='word_1_296' title='bbox 1034 2393 1128 2435; x_wconf 79' lang='lat' dir='ltr'><strong>sub</strong></span> <span class='ocrx_word' id='word_1_297' title='bbox 1160 2393 1396 2436; x_wconf 80' lang='lat' dir='ltr'><strong>Caesare</strong></span> <span class='ocrx_word' id='word_1_298' title='bbox 1423 2395 1582 2438; x_wconf 80' lang='lat' dir='ltr'><strong>mundi.</strong></span> <span class='ocrx_word' id='word_1_299' title='bbox 1613 2394 1707 2437; x_wconf 87' lang='lat' dir='ltr'><strong>Non</strong></span> <span class='ocrx_word' id='word_1_300' title='bbox 1737 2409 1806 2452; x_wconf 66' lang='lat' dir='ltr'><strong>op-⁴</strong></span> 
     </span>
     <span class='ocr_line' id='line_1_33' title="bbox 318 2459 1807 2518; baseline 0 -14"><span class='ocrx_word' id='word_1_301' title='bbox 318 2462 417 2504; x_wconf 91' lang='lat' dir='ltr'><strong>time</strong></span> <span class='ocrx_word' id='word_1_302' title='bbox 446 2460 567 2503; x_wconf 90' lang='lat' dir='ltr'><strong>vertit</strong></span> <span class='ocrx_word' id='word_1_303' title='bbox 594 2460 702 2501; x_wconf 89' lang='lat' dir='ltr'><strong>hunc</strong></span> <span class='ocrx_word' id='word_1_304' title='bbox 722 2459 855 2502; x_wconf 87' lang='lat' dir='ltr'><strong>locum</strong></span> <span class='ocrx_word' id='word_1_305' title='bbox 883 2460 1083 2515; x_wconf 86' lang='lat' dir='ltr'><strong>Pingreus</strong></span> <span class='ocrx_word' id='word_1_306' title='bbox 1114 2461 1159 2515; x_wconf 87' lang='lat' dir='ltr'><strong>(t.</strong></span> <span class='ocrx_word' id='word_1_307' title='bbox 1187 2461 1229 2502; x_wconf 89' lang='lat' dir='ltr'>H</span> <span class='ocrx_word' id='word_1_308' title='bbox 1259 2475 1298 2518; x_wconf 89' lang='lat' dir='ltr'><strong>p.</strong></span> <span class='ocrx_word' id='word_1_309' title='bbox 1316 2462 1387 2516; x_wconf 88' lang='lat'><strong>91)</strong></span> <span class='ocrx_word' id='word_1_310' title='bbox 1420 2462 1496 2503; x_wconf 87' lang='lat' dir='ltr'><strong>sic:</strong></span> <span class='ocrx_word' id='word_1_311' title='bbox 1553 2461 1807 2515; x_wconf 74' lang='lat' dir='ltr'><strong>„Consacree</strong></span> 
     </span>
     <span class='ocr_line' id='line_1_34' title="bbox 319 2527 1806 2585; baseline 0.001 -13"><span class='ocrx_word' id='word_1_312' title='bbox 319 2545 370 2572; x_wconf 90' lang='lat' dir='ltr'><strong>au</strong></span> <span class='ocrx_word' id='word_1_313' title='bbox 400 2529 515 2572; x_wconf 84' lang='lat' dir='ltr'><strong>soleil</strong></span> <span class='ocrx_word' id='word_1_314' title='bbox 544 2527 644 2571; x_wconf 87' lang='lat' dir='ltr'><strong>celle</strong></span> <span class='ocrx_word' id='word_1_315' title='bbox 673 2527 813 2570; x_wconf 90' lang='lat' dir='ltr'><strong>devint</strong></span> <span class='ocrx_word' id='word_1_316' title='bbox 838 2528 930 2571; x_wconf 89' lang='lat' dir='ltr'><strong>bien</strong></span> <span class='ocrx_word' id='word_1_317' title='bbox 951 2528 1259 2572; x_wconf 76' lang='lat' dir='ltr'><strong>veritablement</strong></span> <span class='ocrx_word' id='word_1_318' title='bbox 1278 2529 1318 2571; x_wconf 92' lang='lat' dir='ltr'><strong>la</strong></span> <span class='ocrx_word' id='word_1_319' title='bbox 1340 2529 1494 2572; x_wconf 88' lang='lat' dir='ltr'><strong>maison</strong></span> <span class='ocrx_word' id='word_1_320' title='bbox 1522 2529 1574 2573; x_wconf 91' lang='lat' dir='ltr'><strong>de</strong></span> <span class='ocrx_word' id='word_1_321' title='bbox 1594 2535 1658 2573; x_wconf 90' lang='lat' dir='ltr'><strong>cet</strong></span> <span class='ocrx_word' id='word_1_322' title='bbox 1685 2536 1806 2585; x_wconf 85' lang='lat' dir='ltr'><strong>astre,</strong></span> 
     </span>
    </p>
   </div>
   <div class='ocr_carea' id='block_1_3' title="bbox 318 2620 586 2628">
    <p class='ocr_par' dir='ltr' id='par_1_3' title="bbox 318 2620 586 2628">
     <span class='ocr_line' id='line_1_35' title="bbox 318 2620 586 2628; baseline 0 622"><span class='ocrx_word' id='word_1_323' title='bbox 318 2620 586 2628; x_wconf 95' lang='lat' dir='ltr'><strong> </strong></span> 
     </span>
    </p>
   </div>
   <div class='ocr_carea' id='block_1_4' title="bbox 319 2664 1806 2881">
    <p class='ocr_par' dir='ltr' id='par_1_4' title="bbox 319 2664 1806 2881">
     <span class='ocr_line' id='line_1_36' title="bbox 462 2664 1806 2710; baseline 0.001 -11"><span class='ocrx_word' id='word_1_324' title='bbox 462 2665 492 2699; x_wconf 69' lang='grc' dir='ltr'><strong>Γ)</strong></span> <span class='ocrx_word' id='word_1_325' title='bbox 518 2666 560 2697; x_wconf 83' lang='lat' dir='ltr'><strong>cf.</strong></span> <span class='ocrx_word' id='word_1_326' title='bbox 583 2676 637 2697; x_wconf 81' lang='lat' dir='ltr'><strong>vv.</strong></span> <span class='ocrx_word' id='word_1_327' title='bbox 662 2665 844 2707; x_wconf 83' lang='lat' dir='ltr'><strong>populares</strong></span> <span class='ocrx_word' id='word_1_328' title='bbox 861 2665 898 2696; x_wconf 84' lang='lat' dir='ltr'><strong>in</strong></span> <span class='ocrx_word' id='word_1_329' title='bbox 916 2665 1091 2698; x_wconf 84' lang='lat' dir='ltr'><strong>Tiberium</strong></span> <span class='ocrx_word' id='word_1_330' title='bbox 1109 2664 1205 2699; x_wconf 80' lang='lat' dir='ltr'><strong>Suet.-</strong></span> <span class='ocrx_word' id='word_1_331' title='bbox 1229 2665 1306 2699; x_wconf 79' lang='lat' dir='ltr'><strong>Tib.</strong></span> <span class='ocrx_word' id='word_1_332' title='bbox 1323 2665 1366 2701; x_wconf 82' lang='lat'><strong>59</strong></span> <span class='ocrx_word' id='word_1_333' title='bbox 1384 2666 1576 2709; x_wconf 76' lang='lat' dir='ltr'><strong>[Baehrens</strong></span> <span class='ocrx_word' id='word_1_334' title='bbox 1598 2667 1662 2710; x_wconf 80' lang='lat' dir='ltr'><strong>frg.</strong></span> <span class='ocrx_word' id='word_1_335' title='bbox 1681 2677 1715 2709; x_wconf 90' lang='lat' dir='ltr'><strong>p.</strong></span> <span class='ocrx_word' id='word_1_336' title='bbox 1729 2667 1806 2700; x_wconf 81' lang='lat' dir='ltr'><strong>Lat.</strong></span> 
     </span>
     <span class='ocr_line' id='line_1_37' title="bbox 319 2718 900 2766; baseline -0.007 -10"><span class='ocrx_word' id='word_1_337' title='bbox 319 2735 352 2766; x_wconf 87' lang='lat' dir='ltr'><strong>p.</strong></span> <span class='ocrx_word' id='word_1_338' title='bbox 379 2723 443 2755; x_wconf 81' lang='lat'><strong>359</strong></span> <span class='ocrx_word' id='word_1_339' title='bbox 469 2725 504 2755; x_wconf 88' lang='lat' dir='ltr'><strong>et</strong></span> <span class='ocrx_word' id='word_1_340' title='bbox 527 2718 625 2763; x_wconf 81' lang='lat'><strong>360),</strong></span> <span class='ocrx_word' id='word_1_341' title='bbox 650 2720 818 2763; x_wconf 82' lang='lat' dir='ltr'><strong>imprimis</strong></span> <span class='ocrx_word' id='word_1_342' title='bbox 843 2720 900 2752; x_wconf 84' lang='lat' dir='ltr'><strong>hi:</strong></span> 
     </span>
     <span class='ocr_line' id='line_1_38' title="bbox 546 2777 1575 2820; baseline 0.003 -11"><span class='ocrx_word' id='word_1_343' title='bbox 546 2777 694 2810; x_wconf 81' lang='lat' dir='ltr'><strong>omnia</strong></span> <span class='ocrx_word' id='word_1_344' title='bbox 715 2778 754 2810; x_wconf 79' lang='lat' dir='ltr'><strong>si</strong></span> <span class='ocrx_word' id='word_1_345' title='bbox 778 2787 986 2820; x_wconf 79' lang='lat' dir='ltr'><strong>quaeras,</strong></span> <span class='ocrx_word' id='word_1_346' title='bbox 1011 2780 1054 2811; x_wconf 87' lang='lat' dir='ltr'><strong>et</strong></span> <span class='ocrx_word' id='word_1_347' title='bbox 1077 2777 1255 2811; x_wconf 81' lang='lat' dir='ltr'><strong>Rhodus</strong></span> <span class='ocrx_word' id='word_1_348' title='bbox 1280 2777 1487 2810; x_wconf 79' lang='lat' dir='ltr'><strong>exsilium</strong></span> <span class='ocrx_word' id='word_1_349' title='bbox 1511 2781 1575 2812; x_wconf 78' lang='lat' dir='ltr'><strong>ost</strong></span> 
     </span>
     <span class='ocr_line' id='line_1_39' title="bbox 321 2834 1479 2881; baseline -0.001 -12"><span class='ocrx_word' id='word_1_350' title='bbox 321 2839 354 2869; x_wconf 88' lang='lat' dir='ltr'><strong>et</strong></span> <span class='ocrx_word' id='word_1_351' title='bbox 543 2835 594 2869; x_wconf 84' lang='lat' dir='ltr'><strong>ad</strong></span> <span class='ocrx_word' id='word_1_352' title='bbox 620 2845 806 2881; x_wconf 84' lang='lat' dir='ltr'><strong>regnum</strong></span> <span class='ocrx_word' id='word_1_353' title='bbox 832 2835 1045 2880; x_wconf 79' lang='lat' dir='ltr'><strong>quisquis</strong></span> <span class='ocrx_word' id='word_1_354' title='bbox 1073 2834 1202 2868; x_wconf 82' lang='lat' dir='ltr'><strong>venit</strong></span> <span class='ocrx_word' id='word_1_355' title='bbox 1224 2835 1274 2868; x_wconf 77' lang='lat' dir='ltr'><strong>ab</strong></span> <span class='ocrx_word' id='word_1_356' title='bbox 1299 2834 1479 2868; x_wconf 78' lang='lat' dir='ltr'><strong>exsilio.</strong></span> 
     </span>
    </p>
   </div>
  </div>
 </body>
</html>
