<?xml version="1.0" encoding="UTF-8"?>
<!DOCTYPE html PUBLIC "-//W3C//DTD XHTML 1.0 Transitional//EN"
    "http://www.w3.org/TR/xhtml1/DTD/xhtml1-transitional.dtd">
<html xmlns="http://www.w3.org/1999/xhtml" xml:lang="en" lang="en">
 <head>
  <title>
</title>
<meta http-equiv="Content-Type" content="text/html;charset=utf-8" />
  <meta name='ocr-system' content='tesseract 3.04.00' />
  <meta name='ocr-capabilities' content='ocr_page ocr_carea ocr_par ocr_line ocrx_word'/>
</head>
<body>
  <div class='ocr_page' id='page_1' title='image "./lucubrationesman00thomuoft_0018.png"; bbox 0 0 1936 3392; ppageno 0'>
   <div class='ocr_carea' id='block_1_1' title="bbox 341 346 367 386">
    <p class='ocr_par' dir='ltr' id='par_1_1' title="bbox 341 346 367 386">
     <span class='ocr_line' id='line_1_1' title="bbox 341 346 367 386; baseline 0 0"><span class='ocrx_word' id='word_1_1' title='bbox 341 346 367 386; x_wconf 86' lang='lat'>8</span> 
     </span>
    </p>
   </div>
   <div class='ocr_carea' id='block_1_2' title="bbox 342 461 1796 573">
    <p class='ocr_par' dir='ltr' id='par_1_2' title="bbox 342 461 1796 573">
     <span class='ocr_line' id='line_1_2' title="bbox 456 461 1796 518; baseline 0.004 -16"><span class='ocrx_word' id='word_1_2' title='bbox 456 461 499 502; x_wconf 90' lang='lat' dir='ltr'>L.</span> <span class='ocrx_word' id='word_1_3' title='bbox 525 461 575 502; x_wconf 91' lang='lat' dir='ltr'>V.</span> <span class='ocrx_word' id='word_1_4' title='bbox 606 475 643 502; x_wconf 88' lang='lat' dir='ltr'>v.</span> <span class='ocrx_word' id='word_1_5' title='bbox 670 463 862 503; x_wconf 70' lang='grc'>24-25,</span> <span class='ocrx_word' id='word_1_6' title='bbox 924 462 1151 504; x_wconf 86' lang='lat' dir='ltr'>Enumerat</span> <span class='ocrx_word' id='word_1_7' title='bbox 1181 465 1300 516; x_wconf 75' lang='lat' dir='ltr'>poeta</span> <span class='ocrx_word' id='word_1_8' title='bbox 1329 462 1449 517; x_wconf 86' lang='lat' dir='ltr'>signa</span> <span class='ocrx_word' id='word_1_9' title='bbox 1478 477 1657 518; x_wconf 87' lang='lat' dir='ltr'>quorum</span> <span class='ocrx_word' id='word_1_10' title='bbox 1687 465 1796 507; x_wconf 84' lang='lat' dir='ltr'>vires</span> 
     </span>
     <span class='ocr_line' id='line_1_3' title="bbox 342 531 730 573; baseline 0.003 -1"><span class='ocrx_word' id='word_1_11' title='bbox 342 531 623 573; x_wconf 71' lang='lat' dir='ltr'>declaraturus</span> <span class='ocrx_word' id='word_1_12' title='bbox 653 535 730 573; x_wconf 90' lang='lat' dir='ltr'>est:</span> 
     </span>
    </p>
   </div>
   <div class='ocr_carea' id='block_1_3' title="bbox 479 601 1648 726">
    <p class='ocr_par' dir='ltr' id='par_1_3' title="bbox 479 601 1648 726">
     <span class='ocr_line' id='line_1_4' title="bbox 486 601 1648 657; baseline 0.003 -15"><span class='ocrx_word' id='word_1_13' title='bbox 486 601 660 655; x_wconf 74' lang='lat' dir='ltr'>Quaque</span> <span class='ocrx_word' id='word_1_14' title='bbox 689 602 794 643; x_wconf 82' lang='lat' dir='ltr'>volet</span> <span class='ocrx_word' id='word_1_15' title='bbox 822 603 1011 643; x_wconf 84' lang='lat' dir='ltr'>stellatus</span> <span class='ocrx_word' id='word_1_16' title='bbox 1042 601 1212 655; x_wconf 81' lang='lat' dir='ltr'>Equus,</span> <span class='ocrx_word' id='word_1_17' title='bbox 1243 601 1443 656; x_wconf 58' lang='lat' dir='ltr'>celerique</span> <span class='ocrx_word' id='word_1_18' title='bbox 1471 603 1648 657; x_wconf 63' lang='lat' dir='ltr'>sagittae</span> 
     </span>
     <span class='ocr_line' id='line_1_5' title="bbox 479 670 1036 726; baseline -0.002 -14"><span class='ocrx_word' id='word_1_19' title='bbox 479 670 721 726; x_wconf 79' lang='lat' dir='ltr'>Delphinus</span> <span class='ocrx_word' id='word_1_20' title='bbox 749 675 931 724; x_wconf 78' lang='lat' dir='ltr'>certans,</span> <span class='ocrx_word' id='word_1_21' title='bbox 964 674 1036 712; x_wconf 90' lang='lat' dir='ltr'>etc.</span> 
     </span>
    </p>
   </div>
   <div class='ocr_carea' id='block_1_4' title="bbox 334 752 1798 1647">
    <p class='ocr_par' dir='ltr' id='par_1_4' title="bbox 334 752 1798 1647">
     <span class='ocr_line' id='line_1_6' title="bbox 467 752 1796 811; baseline 0.002 -17"><span class='ocrx_word' id='word_1_22' title='bbox 467 753 586 794; x_wconf 81' lang='lat' dir='ltr'>Volat</span> <span class='ocrx_word' id='word_1_23' title='bbox 619 753 773 794; x_wconf 88' lang='lat' dir='ltr'>habent</span> <span class='ocrx_word' id='word_1_24' title='bbox 807 752 934 807; x_wconf 79' lang='lat' dir='ltr'>Lips,</span> <span class='ocrx_word' id='word_1_25' title='bbox 969 752 1086 793; x_wconf 89' lang='lat' dir='ltr'>Voss.</span> <span class='ocrx_word' id='word_1_26' title='bbox 1123 753 1164 806; x_wconf 90' lang='lat'>1,</span> <span class='ocrx_word' id='word_1_27' title='bbox 1201 753 1358 794; x_wconf 85' lang='lat' dir='ltr'>Gembl.</span> <span class='ocrx_word' id='word_1_28' title='bbox 1389 753 1626 796; x_wconf 90' lang='lat' dir='ltr'>Audiamus</span> <span class='ocrx_word' id='word_1_29' title='bbox 1654 754 1796 811; x_wconf 82' lang='lat' dir='ltr'>Haup-</span> 
     </span>
     <span class='ocr_line' id='line_1_7' title="bbox 340 821 1798 876; baseline 0.003 -13"><span class='ocrx_word' id='word_1_30' title='bbox 340 823 445 863; x_wconf 89' lang='lat' dir='ltr'>tium</span> <span class='ocrx_word' id='word_1_31' title='bbox 483 823 522 874; x_wconf 89' lang='lat' dir='ltr'>(l.</span> <span class='ocrx_word' id='word_1_32' title='bbox 553 824 652 876; x_wconf 83' lang='lat' dir='ltr'>cit.):</span> <span class='ocrx_word' id='word_1_33' title='bbox 715 823 834 876; x_wconf 87' lang='lat' dir='ltr'>„Alia</span> <span class='ocrx_word' id='word_1_34' title='bbox 879 823 1001 863; x_wconf 90' lang='lat' dir='ltr'>etiam</span> <span class='ocrx_word' id='word_1_35' title='bbox 1043 821 1367 864; x_wconf 74' lang='lat' dir='ltr'>Manilianorum</span> <span class='ocrx_word' id='word_1_36' title='bbox 1408 836 1605 866; x_wconf 87' lang='lat' dir='ltr'>versuum</span> <span class='ocrx_word' id='word_1_37' title='bbox 1647 825 1798 868; x_wconf 79' lang='lat' dir='ltr'>menda</span> 
     </span>
     <span class='ocr_line' id='line_1_8' title="bbox 338 892 1795 937; baseline 0.003 -5"><span class='ocrx_word' id='word_1_38' title='bbox 338 892 554 933; x_wconf 89' lang='lat' dir='ltr'>Bentleius</span> <span class='ocrx_word' id='word_1_39' title='bbox 589 893 818 934; x_wconf 79' lang='lat' dir='ltr'>rectissime</span> <span class='ocrx_word' id='word_1_40' title='bbox 848 892 1056 933; x_wconf 84' lang='lat' dir='ltr'>intellecta</span> <span class='ocrx_word' id='word_1_41' title='bbox 1085 893 1308 934; x_wconf 82' lang='lat' dir='ltr'>audaciore</span> <span class='ocrx_word' id='word_1_42' title='bbox 1337 893 1579 935; x_wconf 88' lang='lat' dir='ltr'>molimento</span> <span class='ocrx_word' id='word_1_43' title='bbox 1609 896 1795 937; x_wconf 83' lang='lat' dir='ltr'>removit.</span> 
     </span>
     <span class='ocr_line' id='line_1_9' title="bbox 339 961 1796 1020; baseline 0.004 -18"><span class='ocrx_word' id='word_1_44' title='bbox 339 961 408 1002; x_wconf 87' lang='lat' dir='ltr'>Sic</span> <span class='ocrx_word' id='word_1_45' title='bbox 444 962 552 1003; x_wconf 89' lang='lat' dir='ltr'>libro</span> <span class='ocrx_word' id='word_1_46' title='bbox 582 961 638 1011; x_wconf 82' lang='lat' dir='ltr'>V,</span> <span class='ocrx_word' id='word_1_47' title='bbox 670 963 724 1003; x_wconf 83' lang='lat'>24</span> <span class='ocrx_word' id='word_1_48' title='bbox 761 963 978 1003; x_wconf 86' lang='lat' dir='ltr'>verissime</span> <span class='ocrx_word' id='word_1_49' title='bbox 1008 961 1211 1003; x_wconf 87' lang='lat' dir='ltr'>iudicavit</span> <span class='ocrx_word' id='word_1_50' title='bbox 1239 963 1337 1004; x_wconf 87' lang='lat' dir='ltr'>ferri</span> <span class='ocrx_word' id='word_1_51' title='bbox 1367 977 1452 1004; x_wconf 91' lang='lat' dir='ltr'>non</span> <span class='ocrx_word' id='word_1_52' title='bbox 1482 977 1602 1018; x_wconf 89' lang='lat' dir='ltr'>posse</span> <span class='ocrx_word' id='word_1_53' title='bbox 1631 978 1796 1020; x_wconf 78' lang='lat' dir='ltr'>quaque</span> 
     </span>
     <span class='ocr_line' id='line_1_10' title="bbox 338 1031 1796 1087; baseline 0.003 -15"><span class='ocrx_word' id='word_1_54' title='bbox 338 1032 449 1072; x_wconf 82' lang='lat' dir='ltr'>volat</span> <span class='ocrx_word' id='word_1_55' title='bbox 477 1032 667 1072; x_wconf 81' lang='lat' dir='ltr'>stellatus</span> <span class='ocrx_word' id='word_1_56' title='bbox 697 1045 851 1085; x_wconf 82' lang='lat' dir='ltr'>equus:</span> <span class='ocrx_word' id='word_1_57' title='bbox 883 1032 929 1071; x_wconf 93' lang='lat' dir='ltr'>in</span> <span class='ocrx_word' id='word_1_58' title='bbox 959 1031 1085 1086; x_wconf 88' lang='lat' dir='ltr'>longa</span> <span class='ocrx_word' id='word_1_59' title='bbox 1108 1033 1220 1073; x_wconf 90' lang='lat' dir='ltr'>enim</span> <span class='ocrx_word' id='word_1_60' title='bbox 1243 1033 1460 1087; x_wconf 85' lang='lat' dir='ltr'>signorum</span> <span class='ocrx_word' id='word_1_61' title='bbox 1485 1035 1796 1077; x_wconf 84' lang='lat' dir='ltr'>enumeratione</span> 
     </span>
     <span class='ocr_line' id='line_1_11' title="bbox 339 1101 1796 1157; baseline 0.004 -16"><span class='ocrx_word' id='word_1_62' title='bbox 339 1101 538 1142; x_wconf 83' lang='lat' dir='ltr'>continua</span> <span class='ocrx_word' id='word_1_63' title='bbox 571 1105 632 1142; x_wconf 91' lang='lat' dir='ltr'>est</span> <span class='ocrx_word' id='word_1_64' title='bbox 661 1101 1017 1142; x_wconf 81' lang='lat' dir='ltr'>nominativorum</span> <span class='ocrx_word' id='word_1_65' title='bbox 1047 1114 1217 1143; x_wconf 88' lang='lat' dir='ltr'>casuum</span> <span class='ocrx_word' id='word_1_66' title='bbox 1248 1103 1392 1155; x_wconf 86' lang='lat' dir='ltr'>series,</span> <span class='ocrx_word' id='word_1_67' title='bbox 1429 1104 1502 1157; x_wconf 90' lang='lat' dir='ltr'>qui</span> <span class='ocrx_word' id='word_1_68' title='bbox 1534 1117 1676 1146; x_wconf 89' lang='lat' dir='ltr'>omnes</span> <span class='ocrx_word' id='word_1_69' title='bbox 1705 1118 1796 1147; x_wconf 89' lang='lat' dir='ltr'>sus-</span> 
     </span>
     <span class='ocr_line' id='line_1_12' title="bbox 337 1171 1795 1229; baseline 0.003 -18"><span class='ocrx_word' id='word_1_70' title='bbox 337 1171 455 1224; x_wconf 89' lang='lat' dir='ltr'>pensi</span> <span class='ocrx_word' id='word_1_71' title='bbox 485 1174 583 1212; x_wconf 84' lang='lat' dir='ltr'>sunt</span> <span class='ocrx_word' id='word_1_72' title='bbox 613 1183 667 1212; x_wconf 83' lang='lat' dir='ltr'>ex</span> <span class='ocrx_word' id='word_1_73' title='bbox 697 1183 743 1212; x_wconf 90' lang='lat' dir='ltr'>eo</span> <span class='ocrx_word' id='word_1_74' title='bbox 775 1171 900 1212; x_wconf 88' lang='lat' dir='ltr'>verbo</span> <span class='ocrx_word' id='word_1_75' title='bbox 933 1184 958 1211; x_wconf 87' lang='lat' dir='ltr'>a</span> <span class='ocrx_word' id='word_1_76' title='bbox 988 1184 1069 1225; x_wconf 91' lang='lat' dir='ltr'>quo</span> <span class='ocrx_word' id='word_1_77' title='bbox 1101 1173 1356 1214; x_wconf 77' lang='lat' dir='ltr'>enumeratio</span> <span class='ocrx_word' id='word_1_78' title='bbox 1386 1173 1459 1214; x_wconf 92' lang='lat' dir='ltr'>illa</span> <span class='ocrx_word' id='word_1_79' title='bbox 1489 1174 1638 1229; x_wconf 86' lang='lat' dir='ltr'>incipit</span> <span class='ocrx_word' id='word_1_80' title='bbox 1670 1188 1707 1215; x_wconf 90' lang='lat' dir='ltr'>v.</span> <span class='ocrx_word' id='word_1_81' title='bbox 1729 1176 1795 1229; x_wconf 86' lang='lat'>12,</span> 
     </span>
     <span class='ocr_line' id='line_1_13' title="bbox 337 1240 1796 1295; baseline 0.003 -13"><span class='ocrx_word' id='word_1_82' title='bbox 337 1241 438 1282; x_wconf 81' lang='lat' dir='ltr'>hine</span> <span class='ocrx_word' id='word_1_83' title='bbox 466 1244 584 1282; x_wconf 76' lang='lat' dir='ltr'>vocat</span> <span class='ocrx_word' id='word_1_84' title='bbox 618 1241 759 1282; x_wconf 81' lang='lat' dir='ltr'>Orion.</span> <span class='ocrx_word' id='word_1_85' title='bbox 822 1240 994 1295; x_wconf 79' lang='lat' dir='ltr'>Scripsit</span> <span class='ocrx_word' id='word_1_86' title='bbox 1023 1241 1153 1295; x_wconf 84' lang='lat' dir='ltr'>inque</span> <span class='ocrx_word' id='word_1_87' title='bbox 1183 1242 1274 1284; x_wconf 88' lang='lat' dir='ltr'>alas</span> <span class='ocrx_word' id='word_1_88' title='bbox 1303 1244 1502 1285; x_wconf 80' lang='lat' dir='ltr'>stellatus.</span> <span class='ocrx_word' id='word_1_89' title='bbox 1563 1243 1796 1287; x_wconf 87' lang='lat' dir='ltr'>Pulcherri-</span> 
     </span>
     <span class='ocr_line' id='line_1_14' title="bbox 336 1311 1796 1366; baseline 0.004 -15"><span class='ocrx_word' id='word_1_90' title='bbox 336 1323 453 1351; x_wconf 92' lang='lat' dir='ltr'>mum</span> <span class='ocrx_word' id='word_1_91' title='bbox 482 1311 561 1352; x_wconf 86' lang='lat' dir='ltr'>hoc</span> <span class='ocrx_word' id='word_1_92' title='bbox 589 1315 651 1352; x_wconf 88' lang='lat' dir='ltr'>est</span> <span class='ocrx_word' id='word_1_93' title='bbox 673 1311 943 1364; x_wconf 88' lang='lat' dir='ltr'>Bentleioque</span> <span class='ocrx_word' id='word_1_94' title='bbox 969 1311 1160 1366; x_wconf 80' lang='lat' dir='ltr'>dig-num:</span> <span class='ocrx_word' id='word_1_95' title='bbox 1194 1312 1267 1353; x_wconf 89' lang='lat' dir='ltr'>sed</span> <span class='ocrx_word' id='word_1_96' title='bbox 1291 1325 1368 1354; x_wconf 91' lang='lat' dir='ltr'>nos</span> <span class='ocrx_word' id='word_1_97' title='bbox 1392 1314 1618 1356; x_wconf 83' lang='lat' dir='ltr'>modestius</span> <span class='ocrx_word' id='word_1_98' title='bbox 1642 1315 1796 1356; x_wconf 86' lang='lat' dir='ltr'>scribe-</span> 
     </span>
     <span class='ocr_line' id='line_1_15' title="bbox 336 1380 1796 1438; baseline 0.004 -18"><span class='ocrx_word' id='word_1_99' title='bbox 336 1394 431 1421; x_wconf 90' lang='lat' dir='ltr'>mus</span> <span class='ocrx_word' id='word_1_100' title='bbox 455 1380 640 1434; x_wconf 78' lang='lat' dir='ltr'>quique</span> <span class='ocrx_word' id='word_1_101' title='bbox 664 1381 774 1422; x_wconf 82' lang='lat' dir='ltr'>volat</span> <span class='ocrx_word' id='word_1_102' title='bbox 797 1382 987 1422; x_wconf 82' lang='lat' dir='ltr'>stellatus</span> <span class='ocrx_word' id='word_1_103' title='bbox 1009 1383 1181 1435; x_wconf 82' lang='lat' dir='ltr'>equus.“</span> <span class='ocrx_word' id='word_1_104' title='bbox 1221 1381 1271 1423; x_wconf 93' lang='lat' dir='ltr'>Id</span> <span class='ocrx_word' id='word_1_105' title='bbox 1289 1383 1427 1437; x_wconf 86' lang='lat' dir='ltr'>ipsum</span> <span class='ocrx_word' id='word_1_106' title='bbox 1445 1383 1796 1438; x_wconf 83' lang='lat' dir='ltr'>adscripseramus</span> 
     </span>
     <span class='ocr_line' id='line_1_16' title="bbox 337 1450 1796 1507; baseline 0.003 -17"><span class='ocrx_word' id='word_1_107' title='bbox 337 1450 436 1490; x_wconf 91' lang='lat' dir='ltr'>olim</span> <span class='ocrx_word' id='word_1_108' title='bbox 454 1451 632 1504; x_wconf 84' lang='lat' dir='ltr'>margini</span> <span class='ocrx_word' id='word_1_109' title='bbox 653 1450 901 1504; x_wconf 76' lang='lat' dir='ltr'>exemplaris</span> <span class='ocrx_word' id='word_1_110' title='bbox 920 1452 1067 1504; x_wconf 82' lang='lat' dir='ltr'>nostri,</span> <span class='ocrx_word' id='word_1_111' title='bbox 1092 1452 1448 1507; x_wconf 86' lang='lat' dir='ltr'>certissimamque</span> <span class='ocrx_word' id='word_1_112' title='bbox 1463 1453 1796 1495; x_wconf 83' lang='lat' dir='ltr'>emendationem</span> 
     </span>
     <span class='ocr_line' id='line_1_17' title="bbox 335 1519 1795 1575; baseline 0.005 -16"><span class='ocrx_word' id='word_1_113' title='bbox 335 1519 455 1560; x_wconf 91' lang='lat' dir='ltr'>nobis</span> <span class='ocrx_word' id='word_1_114' title='bbox 486 1520 762 1574; x_wconf 88' lang='lat' dir='ltr'>praeripuisse</span> <span class='ocrx_word' id='word_1_115' title='bbox 786 1520 1020 1575; x_wconf 90' lang='lat' dir='ltr'>Hauptium</span> <span class='ocrx_word' id='word_1_116' title='bbox 1050 1522 1246 1562; x_wconf 90' lang='lat' dir='ltr'>nonnihil</span> <span class='ocrx_word' id='word_1_117' title='bbox 1274 1522 1527 1564; x_wconf 88' lang='lat' dir='ltr'>dolebamus.</span> <span class='ocrx_word' id='word_1_118' title='bbox 1577 1522 1659 1565; x_wconf 89' lang='lat' dir='ltr'>Sed</span> <span class='ocrx_word' id='word_1_119' title='bbox 1683 1525 1795 1566; x_wconf 88' lang='lat' dir='ltr'>ecce!</span> 
     </span>
     <span class='ocr_line' id='line_1_18' title="bbox 334 1590 1796 1647; baseline 0.004 -18"><span class='ocrx_word' id='word_1_120' title='bbox 334 1602 467 1644; x_wconf 89' lang='lat' dir='ltr'>nuper</span> <span class='ocrx_word' id='word_1_121' title='bbox 502 1590 683 1631; x_wconf 90' lang='lat' dir='ltr'>vidimus</span> <span class='ocrx_word' id='word_1_122' title='bbox 719 1591 903 1644; x_wconf 90' lang='lat' dir='ltr'>primum</span> <span class='ocrx_word' id='word_1_123' title='bbox 940 1592 1127 1632; x_wconf 91' lang='lat' dir='ltr'>omnium</span> <span class='ocrx_word' id='word_1_124' title='bbox 1164 1604 1254 1633; x_wconf 88' lang='lat' dir='ltr'>eam</span> <span class='ocrx_word' id='word_1_125' title='bbox 1289 1593 1521 1647; x_wconf 88' lang='lat' dir='ltr'>repperisse</span> <span class='ocrx_word' id='word_1_126' title='bbox 1551 1593 1796 1635; x_wconf 89' lang='lat' dir='ltr'>Michaelem</span> 
     </span>
    </p>
   </div>
   <div class='ocr_carea' id='block_1_5' title="bbox 334 1659 1794 1784">
    <p class='ocr_par' dir='ltr' id='par_1_5' title="bbox 334 1659 1794 1784">
     <span class='ocr_line' id='line_1_19' title="bbox 334 1659 1794 1716; baseline 0.005 -17"><span class='ocrx_word' id='word_1_127' title='bbox 334 1659 495 1712; x_wconf 86' lang='lat' dir='ltr'>Fayum</span> <span class='ocrx_word' id='word_1_128' title='bbox 525 1661 569 1700; x_wconf 93' lang='lat' dir='ltr'>in</span> <span class='ocrx_word' id='word_1_129' title='bbox 599 1660 688 1714; x_wconf 88' lang='lat' dir='ltr'>illa,</span> <span class='ocrx_word' id='word_1_130' title='bbox 721 1674 847 1714; x_wconf 89' lang='lat' dir='ltr'>quam</span> <span class='ocrx_word' id='word_1_131' title='bbox 877 1661 1002 1702; x_wconf 90' lang='lat' dir='ltr'>hodie</span> <span class='ocrx_word' id='word_1_132' title='bbox 1032 1663 1149 1716; x_wconf 88' lang='lat' dir='ltr'>parvi</span> <span class='ocrx_word' id='word_1_133' title='bbox 1179 1662 1354 1715; x_wconf 87' lang='lat' dir='ltr'>faciunt,</span> <span class='ocrx_word' id='word_1_134' title='bbox 1385 1663 1566 1704; x_wconf 87' lang='lat' dir='ltr'>editione</span> <span class='ocrx_word' id='word_1_135' title='bbox 1593 1663 1645 1705; x_wconf 90' lang='lat' dir='ltr'>ad</span> <span class='ocrx_word' id='word_1_136' title='bbox 1669 1677 1794 1706; x_wconf 89' lang='lat' dir='ltr'>usum</span> 
     </span>
     <span class='ocr_line' id='line_1_20' title="bbox 334 1728 937 1784; baseline 0.003 -14"><span class='ocrx_word' id='word_1_137' title='bbox 334 1728 530 1784; x_wconf 89' lang='lat' dir='ltr'>Delphini</span> <span class='ocrx_word' id='word_1_138' title='bbox 562 1729 767 1784; x_wconf 75' lang='lat' dir='ltr'>(Parisiis,</span> <span class='ocrx_word' id='word_1_139' title='bbox 802 1731 937 1784; x_wconf 85' lang='lat'><strong>1679).</strong></span> 
     </span>
    </p>
   </div>
   <div class='ocr_carea' id='block_1_6' title="bbox 449 1845 1613 1974">
    <p class='ocr_par' dir='ltr' id='par_1_6' title="bbox 449 1845 1613 1974">
     <span class='ocr_line' id='line_1_21' title="bbox 449 1845 749 1887; baseline 0.003 -1"><span class='ocrx_word' id='word_1_140' title='bbox 449 1845 492 1886; x_wconf 88' lang='lat' dir='ltr'>L.</span> <span class='ocrx_word' id='word_1_141' title='bbox 524 1846 564 1885; x_wconf 89' lang='lat' dir='ltr'><strong>V</strong></span> <span class='ocrx_word' id='word_1_142' title='bbox 613 1860 649 1887; x_wconf 88' lang='lat' dir='ltr'>v.</span> <span class='ocrx_word' id='word_1_143' title='bbox 678 1848 749 1887; x_wconf 85' lang='lat'>50:</span> 
     </span>
     <span class='ocr_line' id='line_1_22' title="bbox 484 1879 1613 1974; baseline 0.003 -17"><span class='ocrx_word' id='word_1_144' title='bbox 484 1879 602 1958; x_wconf 42' lang='lat' dir='ltr'>Victi»</span> <span class='ocrx_word' id='word_1_145' title='bbox 634 1916 861 1971; x_wconf 72' lang='lat' dir='ltr'>Syracusis</span> <span class='ocrx_word' id='word_1_146' title='bbox 895 1917 1083 1960; x_wconf 81' lang='lat' dir='ltr'>Salamis</span> <span class='ocrx_word' id='word_1_147' title='bbox 1112 1933 1202 1960; x_wconf 85' lang='lat' dir='ltr'>non</span> <span class='ocrx_word' id='word_1_148' title='bbox 1231 1923 1385 1974; x_wconf 67' lang='lat' dir='ltr'>memet</span> <span class='ocrx_word' id='word_1_149' title='bbox 1415 1920 1613 1963; x_wconf 76' lang='lat' dir='ltr'>Athenas.</span> 
     </span>
    </p>
   </div>
   <div class='ocr_carea' id='block_1_7' title="bbox 333 1997 1848 2262">
    <p class='ocr_par' dir='ltr' id='par_1_7' title="bbox 333 1997 1848 2262">
     <span class='ocr_line' id='line_1_23' title="bbox 450 1997 1848 2058; baseline 0.005 -20"><span class='ocrx_word' id='word_1_150' title='bbox 450 1997 579 2039; x_wconf 88' lang='lat' dir='ltr'>Jacob</span> <span class='ocrx_word' id='word_1_151' title='bbox 622 1998 674 2039; x_wconf 88' lang='lat' dir='ltr'>ad</span> <span class='ocrx_word' id='word_1_152' title='bbox 708 1999 746 2039; x_wconf 93' lang='lat' dir='ltr'>h.</span> <span class='ocrx_word' id='word_1_153' title='bbox 778 1999 822 2040; x_wconf 87' lang='lat'>1.:</span> <span class='ocrx_word' id='word_1_154' title='bbox 865 2000 1010 2053; x_wconf 82' lang='lat' dir='ltr'>„Vera</span> <span class='ocrx_word' id='word_1_155' title='bbox 1053 2001 1196 2052; x_wconf 72' lang='lat' dir='ltr'>ceteri,</span> <span class='ocrx_word' id='word_1_156' title='bbox 1242 2001 1354 2055; x_wconf 90' lang='lat' dir='ltr'>quod</span> <span class='ocrx_word' id='word_1_157' title='bbox 1395 2002 1547 2044; x_wconf 79' lang='lat' dir='ltr'>frustra</span> <span class='ocrx_word' id='word_1_158' title='bbox 1588 2003 1794 2058; x_wconf 86' lang='lat' dir='ltr'>explicare</span> <span class='ocrx_word' id='word_1_159' title='bbox 1841 2022 1848 2033; x_wconf 89' lang='lat'><em>·</em></span> 
     </span>
     <span class='ocr_line' id='line_1_24' title="bbox 334 2067 1793 2126; baseline 0.005 -18"><span class='ocrx_word' id='word_1_160' title='bbox 334 2067 548 2109; x_wconf 86' lang='lat' dir='ltr'>Bentleius</span> <span class='ocrx_word' id='word_1_161' title='bbox 591 2069 758 2110; x_wconf 89' lang='lat' dir='ltr'>studuit.</span> <span class='ocrx_word' id='word_1_162' title='bbox 831 2069 1019 2124; x_wconf 82' lang='lat' dir='ltr'>Utraque</span> <span class='ocrx_word' id='word_1_163' title='bbox 1056 2068 1173 2112; x_wconf 90' lang='lat' dir='ltr'>Voss.</span> <span class='ocrx_word' id='word_1_164' title='bbox 1207 2072 1243 2111; x_wconf 88' lang='grc'>2.</span> <span class='ocrx_word' id='word_1_165' title='bbox 1307 2071 1396 2126; x_wconf 85' lang='lat' dir='ltr'>Ego</span> <span class='ocrx_word' id='word_1_166' title='bbox 1440 2074 1612 2114; x_wconf 85' lang='lat' dir='ltr'>correxi.</span> <span class='ocrx_word' id='word_1_167' title='bbox 1673 2072 1793 2126; x_wconf 83' lang='lat' dir='ltr'>Syra-</span> 
     </span>
     <span class='ocr_line' id='line_1_25' title="bbox 335 2137 1792 2197; baseline 0.004 -19"><span class='ocrx_word' id='word_1_168' title='bbox 335 2138 447 2179; x_wconf 89' lang='lat' dir='ltr'>cusis</span> <span class='ocrx_word' id='word_1_169' title='bbox 477 2138 587 2179; x_wconf 83' lang='lat' dir='ltr'>victa</span> <span class='ocrx_word' id='word_1_170' title='bbox 612 2137 803 2192; x_wconf 84' lang='lat' dir='ltr'>Salamis,</span> <span class='ocrx_word' id='word_1_171' title='bbox 831 2139 966 2193; x_wconf 88' lang='lat' dir='ltr'>gloria</span> <span class='ocrx_word' id='word_1_172' title='bbox 997 2143 1038 2181; x_wconf 93' lang='lat' dir='ltr'>et</span> <span class='ocrx_word' id='word_1_173' title='bbox 1067 2142 1251 2195; x_wconf 87' lang='lat' dir='ltr'>potentia</span> <span class='ocrx_word' id='word_1_174' title='bbox 1280 2142 1457 2195; x_wconf 85' lang='lat' dir='ltr'>navalis,</span> <span class='ocrx_word' id='word_1_175' title='bbox 1486 2142 1671 2184; x_wconf 87' lang='lat' dir='ltr'>Athenas</span> <span class='ocrx_word' id='word_1_176' title='bbox 1701 2155 1792 2197; x_wconf 91' lang='lat' dir='ltr'>pes-</span> 
     </span>
     <span class='ocr_line' id='line_1_26' title="bbox 333 2207 1412 2262; baseline 0.005 -14"><span class='ocrx_word' id='word_1_177' title='bbox 333 2221 426 2248; x_wconf 88' lang='lat' dir='ltr'>sum</span> <span class='ocrx_word' id='word_1_178' title='bbox 458 2207 606 2248; x_wconf 80' lang='lat' dir='ltr'>dedit“</span> <span class='ocrx_word' id='word_1_179' title='bbox 671 2208 866 2262; x_wconf 87' lang='lat' dir='ltr'>Pulchre,</span> <span class='ocrx_word' id='word_1_180' title='bbox 896 2210 1117 2262; x_wconf 79' lang='lat' dir='ltr'>mehercle3</span> <span class='ocrx_word' id='word_1_181' title='bbox 1150 2211 1222 2252; x_wconf 90' lang='lat' dir='ltr'>sed</span> <span class='ocrx_word' id='word_1_182' title='bbox 1251 2211 1412 2252; x_wconf 90' lang='lat' dir='ltr'>malim:</span> 
     </span>
    </p>
   </div>
   <div class='ocr_carea' id='block_1_8' title="bbox 484 2289 1612 2348">
    <p class='ocr_par' dir='ltr' id='par_1_8' title="bbox 484 2289 1612 2348">
     <span class='ocr_line' id='line_1_27' title="bbox 484 2289 1612 2348; baseline 0.005 -18"><span class='ocrx_word' id='word_1_183' title='bbox 484 2289 545 2330; x_wconf 92' lang='lat' dir='ltr'>Ul</span> <span class='ocrx_word' id='word_1_184' title='bbox 552 2292 601 2331; x_wconf 83' lang='lat' dir='ltr'>ta</span> <span class='ocrx_word' id='word_1_185' title='bbox 633 2290 860 2344; x_wconf 74' lang='lat' dir='ltr'>Syracusis</span> <span class='ocrx_word' id='word_1_186' title='bbox 893 2291 1080 2334; x_wconf 76' lang='lat' dir='ltr'>Salamis</span> <span class='ocrx_word' id='word_1_187' title='bbox 1110 2306 1199 2334; x_wconf 88' lang='lat' dir='ltr'>non</span> <span class='ocrx_word' id='word_1_188' title='bbox 1228 2297 1384 2348; x_wconf 70' lang='lat' dir='ltr'>mergJet</span> <span class='ocrx_word' id='word_1_189' title='bbox 1411 2293 1612 2347; x_wconf 75' lang='lat' dir='ltr'>Athenas,</span> 
     </span>
    </p>
   </div>
   <div class='ocr_carea' id='block_1_9' title="bbox 332 2371 1794 2569">
    <p class='ocr_par' dir='ltr' id='par_1_9' title="bbox 332 2371 1794 2569">
     <span class='ocr_line' id='line_1_28' title="bbox 333 2371 1794 2430; baseline 0.005 -20"><span class='ocrx_word' id='word_1_190' title='bbox 333 2371 360 2411; x_wconf 92' lang='lat' dir='ltr'>i.</span> <span class='ocrx_word' id='word_1_191' title='bbox 393 2383 425 2411; x_wconf 92' lang='lat' dir='ltr'>e.</span> <span class='ocrx_word' id='word_1_192' title='bbox 464 2371 602 2412; x_wconf 86' lang='lat' dir='ltr'>clades</span> <span class='ocrx_word' id='word_1_193' title='bbox 639 2371 690 2412; x_wconf 90' lang='lat' dir='ltr'>ab</span> <span class='ocrx_word' id='word_1_194' title='bbox 722 2372 1049 2415; x_wconf 89' lang='lat' dir='ltr'>Atheniensibus</span> <span class='ocrx_word' id='word_1_195' title='bbox 1086 2373 1302 2427; x_wconf 86' lang='lat' dir='ltr'>Syracusis</span> <span class='ocrx_word' id='word_1_196' title='bbox 1339 2378 1520 2430; x_wconf 81' lang='lat' dir='ltr'>accepta,</span> <span class='ocrx_word' id='word_1_197' title='bbox 1563 2389 1670 2430; x_wconf 87' lang='lat' dir='ltr'>quae</span> <span class='ocrx_word' id='word_1_198' title='bbox 1705 2377 1794 2418; x_wconf 89' lang='lat' dir='ltr'>ulta</span> 
     </span>
     <span class='ocr_line' id='line_1_29' title="bbox 333 2440 1793 2500; baseline 0.004 -19"><span class='ocrx_word' id='word_1_199' title='bbox 333 2443 395 2481; x_wconf 91' lang='lat' dir='ltr'>est</span> <span class='ocrx_word' id='word_1_200' title='bbox 428 2440 576 2482; x_wconf 85' lang='lat' dir='ltr'>Persas</span> <span class='ocrx_word' id='word_1_201' title='bbox 611 2442 657 2482; x_wconf 91' lang='lat' dir='ltr'>in</span> <span class='ocrx_word' id='word_1_202' title='bbox 694 2441 922 2483; x_wconf 89' lang='lat' dir='ltr'>Salaminia</span> <span class='ocrx_word' id='word_1_203' title='bbox 957 2457 1098 2498; x_wconf 87' lang='lat' dir='ltr'>pugna</span> <span class='ocrx_word' id='word_1_204' title='bbox 1135 2445 1334 2498; x_wconf 90' lang='lat' dir='ltr'>devictos,</span> <span class='ocrx_word' id='word_1_205' title='bbox 1377 2458 1462 2486; x_wconf 89' lang='lat' dir='ltr'>non</span> <span class='ocrx_word' id='word_1_206' title='bbox 1499 2449 1672 2500; x_wconf 86' lang='lat' dir='ltr'>merget,</span> <span class='ocrx_word' id='word_1_207' title='bbox 1707 2458 1793 2487; x_wconf 92' lang='lat' dir='ltr'>non</span> 
     </span>
     <span class='ocr_line' id='line_1_30' title="bbox 332 2510 1792 2569; baseline 0.004 -18"><span class='ocrx_word' id='word_1_208' title='bbox 332 2523 501 2564; x_wconf 89' lang='lat' dir='ltr'>pessum</span> <span class='ocrx_word' id='word_1_209' title='bbox 533 2510 649 2552; x_wconf 90' lang='lat' dir='ltr'>dabit</span> <span class='ocrx_word' id='word_1_210' title='bbox 672 2512 867 2553; x_wconf 85' lang='lat' dir='ltr'>Athenas.</span> <span class='ocrx_word' id='word_1_211' title='bbox 940 2513 1063 2555; x_wconf 88' lang='lat' dir='ltr'>Ultus</span> <span class='ocrx_word' id='word_1_212' title='bbox 1093 2515 1259 2569; x_wconf 86' lang='lat' dir='ltr'>passive</span> <span class='ocrx_word' id='word_1_213' title='bbox 1289 2516 1454 2569; x_wconf 90' lang='lat' dir='ltr'>saepius</span> <span class='ocrx_word' id='word_1_214' title='bbox 1485 2516 1673 2557; x_wconf 87' lang='lat' dir='ltr'>occurrit.</span> <span class='ocrx_word' id='word_1_215' title='bbox 1727 2514 1792 2556; x_wconf 90' lang='lat' dir='ltr'>De</span> 
     </span>
    </p>
   </div>
   <div class='ocr_carea' id='block_1_10' title="bbox 331 2581 1936 2661">
    <p class='ocr_par' dir='ltr' id='par_1_10' title="bbox 331 2581 1936 2661">
     <span class='ocr_line' id='line_1_31' title="bbox 331 2581 1936 2661; baseline 0.004 -40"><span class='ocrx_word' id='word_1_216' title='bbox 331 2581 587 2633; x_wconf 80' lang='lat' dir='ltr'>metonymia</span> <span class='ocrx_word' id='word_1_217' title='bbox 620 2581 667 2622; x_wconf 88' lang='lat' dir='ltr'>cf.</span> <span class='ocrx_word' id='word_1_218' title='bbox 699 2581 803 2622; x_wconf 83' lang='lat' dir='ltr'>Flor.</span> <span class='ocrx_word' id='word_1_219' title='bbox 834 2582 871 2634; x_wconf 92' lang='lat' dir='ltr'>I,</span> <span class='ocrx_word' id='word_1_220' title='bbox 903 2584 957 2623; x_wconf 81' lang='lat'>24</span> <span class='ocrx_word' id='word_1_221' title='bbox 989 2584 1053 2635; x_wconf 89' lang='lat'>(=</span> <span class='ocrx_word' id='word_1_222' title='bbox 1078 2584 1138 2637; x_wconf 88' lang='lat' dir='ltr'>H,</span> <span class='ocrx_word' id='word_1_223' title='bbox 1164 2585 1223 2638; x_wconf 88' lang='lat'>8),</span> <span class='ocrx_word' id='word_1_224' title='bbox 1256 2585 1330 2626; x_wconf 87' lang='lat'>13:</span> <span class='ocrx_word' id='word_1_225' title='bbox 1369 2585 1534 2639; x_wconf 77' lang='lat' dir='ltr'>Epheso</span> <span class='ocrx_word' id='word_1_226' title='bbox 1566 2585 1792 2628; x_wconf 78' lang='lat' dir='ltr'>Salamina</span> <span class='ocrx_word' id='word_1_227' title='bbox 1871 2647 1879 2661; x_wconf 38' lang='grc' dir='ltr'><strong>ς</strong></span> <span class='ocrx_word' id='word_1_228' title='bbox 1931 2626 1936 2634; x_wconf 91' lang='grc'><em>,</em></span> 
     </span>
    </p>
   </div>
   <div class='ocr_carea' id='block_1_11' title="bbox 325 2651 618 2705">
    <p class='ocr_par' dir='ltr' id='par_1_11' title="bbox 325 2651 618 2705">
     <span class='ocr_line' id='line_1_32' title="bbox 325 2651 618 2705; baseline -0.007 -12"><span class='ocrx_word' id='word_1_229' title='bbox 325 2651 618 2705; x_wconf 80' lang='lat' dir='ltr'>pensavimus.</span> 
     </span>
    </p>
   </div>
   <div class='ocr_carea' id='block_1_12' title="bbox 447 2766 747 2821">
    <p class='ocr_par' dir='ltr' id='par_1_12' title="bbox 447 2766 747 2821">
     <span class='ocr_line' id='line_1_33' title="bbox 447 2766 747 2821; baseline 0.003 -12"><span class='ocrx_word' id='word_1_230' title='bbox 447 2766 492 2809; x_wconf 87' lang='lat' dir='ltr'>L.</span> <span class='ocrx_word' id='word_1_231' title='bbox 522 2766 580 2821; x_wconf 91' lang='lat' dir='ltr'>V,</span> <span class='ocrx_word' id='word_1_232' title='bbox 609 2781 646 2809; x_wconf 85' lang='lat' dir='ltr'>v.</span> <span class='ocrx_word' id='word_1_233' title='bbox 675 2769 747 2810; x_wconf 86' lang='lat'>91:</span> 
     </span>
    </p>
   </div>
   <div class='ocr_carea' id='block_1_13' title="bbox 330 2838 1720 2948">
    <p class='ocr_par' dir='ltr' id='par_1_13' title="bbox 330 2838 1720 2948">
     <span class='ocr_line' id='line_1_34' title="bbox 581 2838 1720 2898; baseline 0.005 -19"><span class='ocrx_word' id='word_1_234' title='bbox 581 2869 591 2878; x_wconf 90' lang='lat'><strong>.</strong></span> <span class='ocrx_word' id='word_1_235' title='bbox 622 2870 631 2879; x_wconf 96' lang='lat'>.</span> <span class='ocrx_word' id='word_1_236' title='bbox 663 2870 672 2879; x_wconf 92' lang='lat'><strong>.</strong></span> <span class='ocrx_word' id='word_1_237' title='bbox 705 2838 974 2894; x_wconf 81' lang='lat' dir='ltr'>Salmoneus,</span> <span class='ocrx_word' id='word_1_238' title='bbox 1005 2841 1083 2895; x_wconf 82' lang='lat' dir='ltr'>qui</span> <span class='ocrx_word' id='word_1_239' title='bbox 1111 2843 1274 2884; x_wconf 84' lang='lat' dir='ltr'>eaelum</span> <span class='ocrx_word' id='word_1_240' title='bbox 1302 2842 1498 2884; x_wconf 65' lang='lat' dir='ltr'>unitatus</span> <span class='ocrx_word' id='word_1_241' title='bbox 1527 2842 1577 2884; x_wconf 87' lang='lat' dir='ltr'>in</span> <span class='ocrx_word' id='word_1_242' title='bbox 1606 2843 1720 2898; x_wconf 81' lang='lat' dir='ltr'>urbe,</span> 
     </span>
     <span class='ocr_line' id='line_1_35' title="bbox 330 2906 419 2948; baseline 0 0"><span class='ocrx_word' id='word_1_243' title='bbox 330 2906 419 2948; x_wconf 88' lang='lat' dir='ltr'>Etc.</span> 
     </span>
    </p>
   </div>
  </div>
 </body>
</html>
