1936 3392
844 318 866 361 7

141 468 218 510 hoc
253 466 387 508 stadio
420 465 665 507 industriam
699 480 816 507 suam
849 465 1049 508 voluisset
1081 465 1318 518 includere,
1354 467 1575 523 ampliore,

139 547 218 590 nisi
264 544 405 596 fallor,
455 544 580 587 laude
629 544 782 600 dignus
830 527 1059 587 censendus
1108 548 1229 588 esset.
1295 544 1421 588 Nunc
1454 561 1574 599 vero,

138 625 329 683 despecta
360 611 444 682 ista⁴
471 639 608 666 rerum
640 624 895 667 terrestrium
930 623 1168 666 humilitate
1179 657 1192 676 ,
1244 625 1288 666 in
1322 624 1426 668 caeli
1460 625 1577 668 dum-

134 708 250 748 taxat
266 704 521 747 maiestatem
539 703 844 746 escendendum
862 708 962 756 erat,
979 704 1337 760 Phaethontisque
1348 706 1573 762 repetenda

135 783 345 827 memoria.
408 783 518 826 Nam
540 782 742 826 excidisse
764 784 875 826 ausis
898 783 1187 839 unusquisque
1209 799 1303 827 eum
1321 785 1395 840 qui
1411 784 1574 841 legerit,
1592 771 1613 846 l

135 864 331 916 affirmet,
365 862 647 918 concedatque
679 877 843 905 necesse
876 867 959 915 est,
995 878 1079 905 non
1111 863 1154 906 in
1190 878 1439 919 quemquam
1472 879 1577 907 mor-

134 943 283 986 talium
325 943 456 999 magis
499 957 618 999 posse
650 941 758 984 illud
792 940 1072 985 Goethianum
1106 943 1212 994 dici,
1248 958 1374 999 quam
1408 943 1455 986 in
1488 943 1575 986 Ma-

135 1022 308 1066 nilium:
343 1022 500 1065 Similis
528 1022 691 1065 cicadae
719 1021 953 1079 longipedis
975 1022 1159 1064 aethram
1182 1023 1314 1079 petit,
1349 1022 1450 1065 Mox
1483 1038 1576 1066 can·

133 1101 304 1146 tilenam
351 1103 398 1146 in
445 1103 630 1159 gramine
662 1102 876 1158 antiquam
910 1101 1078 1144 refert.'’
1124 1102 1150 1158 ¹)
1216 1102 1283 1145 Ad
1315 1102 1416 1145 haec
1449 1102 1574 1146 verba

135 1182 248 1238 quod
280 1182 414 1225 dicam
447 1181 554 1225 nihil
585 1181 737 1234 habeo,
774 1181 854 1223 nisi
887 1181 964 1224 hoc
985 1196 1117 1224 unum
1129 1214 1142 1234 ‚
1177 1180 1327 1224 Iacobo
1350 1182 1574 1238 contigisse
1814 1200 1821 1209 ·

135 1262 246 1318 quod
277 1261 382 1304 solet
413 1262 489 1313 iis,
518 1262 616 1318 qui,
640 1261 807 1304 facetias
831 1276 877 1303 ac
893 1261 1052 1318 lepores
1075 1261 1175 1304 dum
1198 1265 1406 1304 ostentare
1427 1262 1576 1305 volunt
1654 1215 1745 1316 ᾧ
1774 1255 1782 1271 ³

134 1341 178 1384 in
210 1341 366 1384 iudicio
398 1341 590 1394 ferendo,
628 1356 790 1384 summa
822 1341 976 1384 iniuria
1008 1341 1194 1384 afficiunt
1225 1356 1318 1394 eos,
1343 1356 1446 1397 quos
1469 1342 1576 1385 iudi-

135 1423 255 1472 cant,
286 1420 451 1477 ipsique
484 1420 594 1462 ausis
627 1419 839 1462 excidunt.

198 1500 261 1542 De
309 1499 484 1542 Manilio
529 1500 631 1555 quid
665 1499 868 1542 senserint
900 1498 978 1542 viri
1012 1499 1243 1542 doctissimi
1276 1499 1351 1555 qui
1384 1500 1428 1542 in
1462 1499 1575 1542 hisce

133 1579 286 1622 studiis
329 1578 622 1630 versabantur,
665 1593 760 1621 cum
793 1579 936 1635 paucis
970 1578 1294 1631 ostenderimus,
1329 1579 1374 1621 in
1407 1583 1573 1635 poetam

127 1663 254 1714 atque
302 1659 392 1701 eius
443 1673 546 1715 opus
597 1658 830 1700 accuratius
874 1658 1080 1714 inquirere
1113 1657 1232 1701 nobis
1265 1658 1569 1715 proposuimus.

125 1737 188 1780 De
223 1741 357 1780 aetate
390 1741 432 1779 et
464 1737 623 1794 patria,
658 1737 709 1778 de
742 1737 894 1779 studiis
930 1737 962 1793 2)
977 1770 988 1789 ,
1013 1737 1062 1780 de
1083 1741 1171 1780 arte
1194 1740 1236 1780 et
1257 1737 1522 1795 philosophia
1539 1738 1570 1795 ³)

125 1816 394 1868 disseremus3
445 1831 550 1872 quae
596 1815 699 1859 falso
733 1816 856 1859 hodie
890 1831 1056 1872 quoque
1089 1817 1242 1875 scripta
1274 1817 1395 1860 nobis
1428 1818 1570 1861 viden-

123 1901 194 1939 tur
214 1897 247 1952 4)
299 1896 485 1939 refellere
534 1895 790 1939 conabimur.
873 1897 954 1940 Per
1001 1897 1180 1940 minores
1214 1912 1381 1954 quoque
1423 1903 1565 1955 poetas

129 1979 254 2032 atque
277 1977 401 2019 etiam
424 1976 652 2033 astrologos
670 1977 936 2032 antiquitatis
954 1977 1141 2020 studium
1159 1977 1431 2021 excolendum
1449 1982 1525 2022 est.
1533 1979 1568 2035 ὅ)

166 2261 192 2302 ¹)
238 2265 350 2302 Progr.
373 2263 451 2294 anni
475 2262 739 2295 MDCCCXXXII
762 2272 827 2302 pag
854 2263 913 2301 11,
940 2263 991 2294 12.
1100 2297 1106 2303 ,

163 2322 190 2363 ²)
237 2325 427 2364 Bernhardy
460 2325 636 2356 Grundriss
669 2325 726 2356 der
757 2325 847 2356 Rom.
881 2324 1001 2356 Litter.
1026 2334 1100 2364 pag.
1125 2316 1189 2356 555
1215 2325 1250 2356 ct
1273 2325 1356 2357 556:
1390 2334 1451 2356 von
1477 2325 1566 2356 Grie-

121 2386 274 2418 ehischen
301 2387 437 2418 Studien
456 2387 559 2418 findet
576 2387 647 2417 sich
666 2387 762 2418 kaum
780 2387 853 2418 eine
871 2387 963 2426 Spur.
984 2404 1020 2408 —
1041 2387 1087 2418 Ob
1106 2387 1163 2418 der
1179 2387 1316 2419 Dichter
1332 2396 1394 2418 von
1411 2387 1566 2426 Nigidius

123 2447 255 2486 Figulus
279 2447 420 2485 abhing‚
445 2451 530 2479 ware
555 2458 592 2478 zu
616 2436 864 2479 untersucIrenf

164 2506 192 2547 ³)
239 2509 428 2548 Bernhardy
450 2510 473 2540 l.
490 2510 512 2540 l.
536 2519 567 2549 p.
593 2510 669 2541 555.
715 2510 790 2540 Man
815 2519 880 2541 war
903 2510 1016 2541 friiher
1040 2509 1135 2540 nicht
1158 2510 1366 2548 unbefangen
1387 2519 1494 2548 genug
1511 2520 1563 2541 uni

123 2570 185 2601 den
210 2570 406 2601 Geschmack
430 2572 494 2601 und
518 2572 585 2602 Ton
610 2572 667 2602 des
691 2571 846 2602 Manilius
871 2571 904 2602 in
922 2571 1029 2602 seiner
1046 2571 1223 2609 Eigenheit
1239 2581 1276 2602 zu
1294 2572 1421 2607 fassen:
1441 2573 1560 2603 ebenso

122 2631 228 2670 wenig
257 2632 304 2662 ist
336 2632 392 2663 der
423 2632 740 2663 wissenschaftliche
773 2633 892 2664 Gehalt
924 2633 989 2663 und
1014 2621 1067 2663 die
1093 2623 1242 2670 Stellung
1267 2633 1323 2664 des
1347 2633 1500 2664 Dichtors
1525 2644 1561 2664 zu

122 2692 242 2723 seinem
267 2692 388 2730 Objekt
411 2693 605 2723 untersucht
623 2694 772 2730 worden,
797 2694 855 2724 der
879 2694 932 2724 fin·
956 2694 1052 2725 einen
1076 2693 1273 2732 Astrologen
1291 2703 1327 2724 zu
1345 2695 1560 2726 sentimental

121 2753 214 2784 redet
237 2754 301 2784 und
325 2763 420 2792 sogar
444 2755 506 2785 den
530 2756 750 2793 unglaubigen
776 2755 962 2786 Atomisten
986 2756 1239 2795 widersprach.”

165 2809 194 2850 ⁴)
239 2813 284 2843 Ut
317 2823 381 2845 non
416 2824 519 2854 pauca
554 2815 588 2846 in
618 2825 715 2856 opere
743 2817 912 2849 Teuffelii:
937 2817 1135 2849 Geschichte
1160 2817 1217 2848 der
1246 2818 1440 2850 Romischen
1474 2819 1559 2850 Lite-

120 2873 211 2904 ratur
234 2869 302 2903 3⁶⁴1.

166 2930 192 2972 ⁵)
239 2934 315 2966 Cum
344 2936 425 2967 duae
455 2937 666 2975 gravissimae
697 2946 811 2968 causae
844 2938 907 2969 hoc
934 2938 1121 2977 opusculum
1145 2937 1404 2978 interruperint,
1429 2939 1558 2980 tenipus

121 2996 309 3036 prohibuit,
334 2999 502 3038 quominus
525 3000 696 3040 proposito
722 3001 957 3033 convenienter
981 3001 1169 3041 perficerem
1193 3000 1313 3033 omnia.
