1910 3250
745 305 1026 344 ...33-

158 427 345 477 capucini
377 425 502 475 illius,
538 436 654 474 quem
682 424 857 464 Schiller
886 426 996 476 apud
1028 425 1371 464 Valenstenianos
1401 423 1629 463 orationem

154 496 368 534 habentem
395 494 571 542 inducit3
601 499 643 532 at
673 507 760 543 nos,
790 496 940 545 quippe
970 494 1038 543 qui
1069 493 1428 544 superstitionibus
1458 493 1628 532 obnoxii

154 575 237 602 non
277 563 413 611 simus,
457 563 589 601 missis
629 564 858 614 praesagiis
899 564 1015 602 decet
1050 565 1303 613 acquiescere
1338 564 1380 601 in
1415 575 1478 614 eo,
1520 562 1629 612 quod

151 624 300 682 'poetae
328 632 452 670 verba
479 632 586 670 veris
614 644 650 670 a.
672 635 746 671 770
765 633 884 671 rebus
904 633 1079 684 perbene
1098 634 1345 684 respondere
1366 632 1627 679 ostendimus.

143 680 258 740 xInde
285 701 390 739 enim
419 700 603 753 effectum
630 703 704 750 est,
734 707 779 739 ut
808 702 986 752 suspicio
1017 715 1074 752 ea,
1105 713 1224 751 quam
1252 702 1413 752 quidem
1441 701 1490 740 de
1522 701 1628 740 libro

155 770 343 808 carminis
390 770 411 808 I
453 774 645 819 tanquam
688 772 760 808 sub
803 771 917 810 illum
958 784 1106 810 annum
1148 762 1302 820 scripto
1346 770 1630 826 semelwatque

153 837 299 877 iterum
333 851 379 877 ac
418 839 578 889 saepius
614 840 821 887 movimus,
860 854 939 878 non
976 840 1095 878 modo
1132 840 1264 878 denuo
1293 840 1467 878 exsistat
1492 851 1630 878 verum

153 907 275 946 etiam
302 908 445 946 mirum
473 908 515 945 in
544 908 704 946 modum
733 914 899 959 crescat,
930 921 1001 948 nec
1028 909 1143 948 deest
1169 921 1261 959 spes
1281 909 1368 948 fore
1395 908 1488 947 aliis
1509 909 1629 947 rebus

153 977 391 1026 perspectis,
419 982 465 1015 ut
484 977 606 1016 etiam
625 978 817 1027 proprius
837 978 1003 1016 accedat
1023 977 1202 1028 suspicio
1225 978 1276 1016 ad
1295 977 1631 1028 probabilitatem

154 1056 320 1094 eamque
346 1046 609 1096 pedetemtim
637 1052 923 1094 consequatur.
1147 1086 1149 1088 ,

258 1113 439 1153 Transeo
468 1127 576 1153 nunc
602 1114 653 1153 ad
680 1115 841 1153 thema
870 1114 1088 1166 Tiberii,
1118 1117 1226 1167 quod
1256 1118 1299 1155 in
1315 1117 1631 1167 Astronomicis‚

152 1181 247 1220 dum
279 1182 493 1232 Augustus
528 1184 607 1221 iam
636 1183 767 1222 Divus
806 1196 878 1222 suo
915 1185 1005 1224 loco
1041 1185 1083 1224 in
1119 1186 1328 1225 oblivione
1364 1187 1481 1237 iacet,
1515 1199 1629 1225 accu—

155 1251 285 1289 ratius
314 1252 619 1301 exspectatione
647 1253 896 1303 descriptum
926 1250 1070 1293 ekstat.
1119 1255 1239 1304 Quod
1268 1262 1484 1305 antequam
1512 1267 1630 1304 quae-

154 1331 300 1368 ramuS,
335 1320 387 1358 ad
423 1320 536 1359 illum
572 1322 795 1372 principem
830 1324 1048 1372 poscimus,
1086 1327 1131 1362 ut
1167 1325 1362 1373 quaedam
1396 1325 1632 1375 pertineant

154 1399 207 1425 ex
248 1388 312 1438 iis,
358 1400 459 1438 quae
500 1389 550 1428 de
586 1391 783 1440 partubus
815 1391 975 1442 Scorpii
1011 1404 1057 1430 ac
1086 1391 1301 1442 Sagittarii
1329 1394 1380 1431 ab
1409 1394 1632 1444 astrologis

153 1456 347 1505 eduntur;
375 1458 523 1496 etenim
550 1458 728 1497 Neronis
757 1461 863 1498 filius
891 1466 995 1499 teste
1024 1461 1222 1500 Suetonio
1253 1462 1361 1512 (Tib.
1390 1475 1421 1502 c.
1450 1463 1489 1513 5)
1510 1469 1630 1502 natus

157 1529 220 1564 est
246 1538 281 1564 a.
310 1526 349 1564 d.
377 1525 484 1565 XVI
514 1526 609 1565 Kal.
639 1527 736 1566 Dec.
768 1529 822 1577 (a.
851 1529 902 1567 U.
925 1531 1031 1578 712),
1061 1531 1123 1568 cui
1152 1531 1234 1568 diei
1263 1534 1362 1581 post
1380 1532 1630 1570 emendatam

154 1606 179 1632 a
208 1593 380 1634 Caesare
410 1600 636 1645 temporum
666 1597 865 1636 rationem
883 1599 1159 1648 praefuerunt,
1187 1611 1276 1638 cum
1296 1599 1481 1649 equidem
1500 1605 1630 1639 astro-

153 1663 309 1701 nomiae
335 1676 478 1713 parum
506 1666 660 1714 peritus
688 1665 938 1705 Mommseno
970 1667 1031 1716 (in
1060 1668 1240 1706 chronol.
1270 1669 1387 1706 Rom.
1416 1681 1458 1718 p.
1480 1671 1554 1709 305
1576 1669 1629 1719 ιι.)

151 1731 269 1771 fidem
309 1733 490 1782 habeam,
533 1737 733 1772 extremae
776 1733 967 1784 Scorpii'
980 1740 1116 1785 partes
1158 1737 1330 1785 iamque,
1375 1738 1452 1775 nisi
1495 1738 1629 1786 fallor,

153 1801 307 1850 primae
337 1801 566 1852 Sagittarii.
623 1804 786 1852 lamque
817 1805 870 1853 id,
900 1805 1008 1854 quod
1041 1805 1238 1855 volumus,
1269 1808 1559 1855 quaerentibus
1589 1809 1629 1846 in

153 1871 375 1920 propatulo
396 1876 468 1917 est,
498 1872 531 1909 si
554 1873 715 1921 quidem
734 1874 946 1923 aptissima
966 1886 1061 1912 sane
1082 1875 1132 1912 ad
1153 1875 1452 1925 depingendam
1472 1876 1629 1915 Tiberii

155 1943 305 1977 sortem
346 1940 537 1979 videntur
577 1954 636 1990 ea,
678 1953 779 1991 quae
822 1946 918 1981 sunt
958 1943 1066 1993 apud
1094 1944 1310 1983 Manilium
1347 1946 1388 1983 in
1417 1946 1525 1984 libro
1555 1946 1631 1995 IV,

157 2008 380 2048 553—565:

361 2077 605 2124 „Scorpius
629 2083 816 2115 extremae
842 2091 923 2115 cum
949 2081 1057 2117 tollet
1080 2082 1217 2119 lumina
1243 2084 1398 2126 caudae,

363 2133 403 2170 Si
430 2137 511 2182 quis
536 2137 602 2172 erit
627 2137 742 2173 stellis
767 2140 843 2172 tum
870 2138 1156 2185 suffragantibus
1183 2144 1295 2185 ortus,

363 2192 569 2230 Urbibus
596 2195 784 2240 augebit
808 2198 961 2230 terras
987 2197 1194 2244 iunctisque
1218 2199 1381 2235 iuvencis

363 2249 512 2285 Moenia
538 2252 750 2288 subcinctus
778 2264 885 2288 curvo
910 2253 1096 2290 describet
1121 2259 1258 2300 aratro,

358 2308 439 2342 Aut
463 2311 646 2345 sternet
669 2311 850 2356 positas
874 2312 1020 2354 urbes,
1045 2313 1154 2358 inque
1178 2325 1267 2349 arva
1292 2314 1444 2349 reducet

361 2364 512 2411 Oppida
537 2370 575 2402 et
599 2368 634 2402 in
659 2367 827 2404 domibus
852 2371 1016 2404 maturas
1041 2370 1170 2407 reddet
1195 2371 1351 2408 aristas:

363 2422 518 2459 Tanta
542 2426 610 2460 erit
634 2428 672 2461 et
695 2426 845 2463 virtus
871 2431 915 2463 et
940 2438 1021 2463 cum
1047 2428 1178 2464 virtute
1203 2433 1436 2476 potestas.

361 2479 443 2517 Nec
468 2494 540 2518 non
565 2484 786 2520 Arcitenens
810 2486 928 2531 prima
953 2496 1035 2520 cum
1062 2490 1165 2522 veste
1189 2492 1365 2534 resurget,

360 2534 563 2575 Pectora
589 2540 717 2576 clara
742 2542 845 2577 dabit
868 2542 993 2578 bello
1019 2545 1283 2591 magnisque
1308 2546 1556 2592 triumphis

369 2594 612 2642 Conspicuam
637 2599 782 2648 patrias
806 2600 982 2635 victorem
1008 2601 1109 2636 ducit
1134 2602 1181 2637 ad
1210 2613 1333 2645 arces3

341 2647 526 2699 'Altaque
550 2666 645 2691 nunc
669 2659 809 2693 statuet
833 2668 928 2692 nunc
952 2657 1048 2693 idem
1074 2660 1218 2694 moenia
1243 2663 1372 2696 vertet.

369 2710 444 2745 Sed
470 2711 616 2748 nimium
641 2714 830 2760 indulgens
855 2716 962 2751 rebus
987 2715 1192 2751 Fortuna
1217 2717 1388 2752 secundis

365 2765 550 2804 Invidet
574 2770 617 2804 in
642 2770 660 2804 f
665 2772 763 2806 acie
789 2773 979 2818 saevitque
1005 2775 1207 2819 asperrima
1232 2774 1375 2809 fronti.⁸‘

265 2833 380 2873 Haec
406 2836 530 2875 verba
563 2842 609 2876 ut
635 2839 896 2891 explicemus,
930 2841 1208 2895 demonstrare
1236 2847 1389 2891 quanta
1415 2843 1563 2882 bellica
1590 2844 1631 2882 in

1382 2920 1402 2935 ι)

1382 2935 1403 2951 υ
