1936 3392
393 374 446 413 56

392 501 536 530 scenae
566 489 729 529 mollior
757 487 885 542 actor]
913 500 1008 528 seve
1032 488 1198 529 mollior
1222 491 1309 529 arte
1345 512 1394 517 —
1428 478 1521 530 325.
1548 492 1684 530 enatat
1708 488 1847 544 undis]

392 559 652 600 enatatundis
689 572 737 599 ex
773 558 1028 598 enatatandis
1064 571 1165 599 corr.
1201 572 1264 612 pr.
1295 572 1350 599 m.
1395 583 1448 588 —-
1495 559 1588 599 326.
1625 562 1718 613 post
1750 558 1847 614 fata]

391 628 573 682 praefata
609 627 744 680 (pfata)
782 652 836 656 —-
877 628 970 668 327.
1004 626 1218 681 Oeagrius]
1258 640 1306 668 oe
1335 628 1475 681 graius
1513 653 1566 657 -
1606 629 1699 670 329.
1730 628 1849 670 lacri—

391 697 495 751 mas]
527 698 731 738 lacrumas
763 722 816 726 —
852 697 946 737 330.
972 698 1087 737 vocis
1118 696 1248 751 dotes]
1279 709 1400 738 voces
1432 697 1539 738 dotis
1570 722 1623 726 —
1657 697 1850 740 chordae-

393 767 488 821 que]
515 767 743 819 boreaeque
775 791 828 795 —
862 767 956 807 331.
979 765 1235 820 Garrulaque
1261 768 1305 807 in
1327 766 1531 820 modulos]
1553 766 1728 808 Garrula
1745 780 1850 822 quae

391 837 582 878 modulos
620 861 674 864 —
711 835 826 889 tibia]
859 835 976 888 tybia
1013 861 1067 864 —
1107 837 1200 877 332.
1233 836 1527 890 quodcunque]
1560 837 1851 891 quodcumque

394 931 445 935 ——
475 908 568 947 334.
594 905 820 959 Bacchum]
847 905 1026 946 bachum
1053 931 1106 934 —
1132 905 1394 960 noctemque]
1414 909 1636 960 noctesque
1667 931 1721 936 ——
1755 907 1849 948 336.

392 975 598 1029 Carmina]
626 975 815 1015 Carmine
847 975 1083 1029 (Syllaba‘m
1115 975 1192 1016 Car
1220 976 1270 1016 in
1300 989 1381 1016 ras.
1412 976 1590 1029 refinxit
1611 989 1687 1018 rec.
1712 975 1844 1030 man.)

393 1071 445 1074 —
480 1046 574 1086 337.
607 1044 726 1086 Solus
757 1059 806 1086 ex
837 1043 972 1085 Solvis
1003 1044 1167 1097 (Soluis)
1202 1049 1407 1100 empuneto
1437 1046 1452 1086 i
1482 1059 1583 1087 corr.
1608 1059 1676 1100 pr.
1707 1059 1762 1087 m.
1794 1070 1849 1076 —

391 1115 442 1156 ad
474 1114 602 1169 auris]
634 1114 686 1155 ad
717 1127 838 1156 aures
882 1139 935 1143 ———
981 1116 1074 1156 338.
1105 1114 1233 1169 Hinc]
1263 1115 1346 1156 Hic
1389 1140 1442 1144 -—
1488 1116 1738 1157 338—339.
1767 1115 1852 1157 Hic

391 1185 570 1226 distante
612 1184 721 1237 Lyra
763 1197 859 1225 cum
900 1197 994 1238 pars
1038 1185 1232 1226 vicesima
1271 1188 1387 1226 sexta
1420 1188 1424 1235 Ι
1458 1185 1676 1226 Chelarum
1712 1188 1852 1240 surget

392 1267 497 1308 quae
539 1267 694 1295 cornua
736 1254 858 1295 ducet
897 1254 948 1295 ad
986 1258 1094 1295 astra
1132 1259 1239 1306 (cum
1277 1268 1370 1308 pars
1407 1280 1462 1284 ——
1500 1258 1642 1310 surget
1677 1255 1852 1297 concinis

389 1324 565 1365 inclusit
593 1338 669 1365 rec.
701 1325 831 1377 man.)
863 1349 917 1353 ——
952 1325 1045 1365 340.
1079 1323 1188 1373 Quid
1218 1325 1387 1378 regione
1416 1324 1564 1379 Nepai]
1596 1323 1660 1374 Qd
1684 1325 1852 1379 regione

390 1395 479 1447 pari
510 1419 564 1423 -—
599 1395 693 1434 341.
726 1394 845 1448 turis]
878 1394 1011 1435 thuris
1043 1419 1097 1423 —
1131 1395 1225 1435 344.
1251 1394 1426 1449 Iupiter]
1451 1395 1638 1449 Iuppiter
1667 1420 1723 1424 —
1755 1396 1850 1436 345.

391 1462 499 1512 Quid
529 1463 684 1518 potius]
721 1463 840 1512 Quod
866 1463 957 1517 (Qd)
989 1465 1128 1517 potius
1159 1489 1211 1493 -—
1245 1464 1431 1518 colentis]
1460 1464 1638 1506 colentes
1669 1489 1723 1494 —
1757 1465 1850 1506 346.

389 1534 433 1574 in
465 1533 598 1587 tertia]
636 1518 706 1574 inf
730 1534 794 1574 cia
825 1559 878 1562 —
913 1534 1006 1574 347.
1027 1535 1262 1575 venerantis
1285 1534 1396 1575 inest
1422 1559 1476 1563 —
1502 1534 1620 1589 voce]
1645 1523 1768 1576 voees
1796 1559 1851 1565 --

392 1605 486 1644 349.
520 1603 762 1657 Centaurus]
801 1606 997 1644 centurus
1040 1628 1095 1633 —
1140 1605 1233 1644 350.
1266 1603 1425 1657 Sidera,
1462 1604 1516 1658 et]
1553 1603 1694 1646 Sidere
1725 1607 1765 1646 et
1795 1629 1850 1634 —

390 1672 541 1727 mores]
572 1685 730 1714 morem
770 1698 823 1702 -—
861 1674 955 1714 351.
988 1673 1161 1726 agitabit
1192 1673 1312 1727 onus]
1345 1674 1431 1727 agit
1461 1674 1636 1715 autoffiis
1667 1699 1722 1704 —
1755 1675 1849 1715 352.

392 1742 692 1797 quadrupedes]
719 1742 991 1796 quadripedes
1018 1768 1071 1772 --
1100 1744 1194 1784 354.
1208 1743 1403 1797 medicas]
1424 1744 1581 1784 medias
1607 1769 1659 1773 —
1689 1745 1782 1785 355.
1796 1743 1852 1784 Et

389 1825 474 1853 non
494 1814 566 1865 (an
585 1813 716 1865 notiP)
737 1837 790 1842 —-
811 1812 1038 1866 mutarum]
1059 1816 1274 1854 mutarunt
1293 1803 1476 1866 (mutar-t)
1496 1838 1551 1842 --
1573 1814 1667 1854 356.
1682 1826 1851 1868 exspec-

389 1882 491 1936 tare]
524 1886 738 1936 expectare
770 1907 824 1911 -—-
855 1882 1073 1936 gementis]
1098 1886 1308 1936 gementes
1340 1908 1394 1912 —
1428 1884 1522 1924 357.
1548 1883 1706 1938 aegros]
1732 1895 1850 1938 egros

390 1977 444 1981 —
472 1951 608 2006 curae]
636 1965 787 2006 corpus
818 1977 871 1981 —
907 1953 1000 1993 358.
1027 1965 1121 2006 pars
1148 1952 1306 2006 quinta]
1331 1965 1425 2006 pars
1443 1953 1511 1992 ·V·
1548 1978 1601 1982 ——
1635 1954 1851 1995 35018111-

389 2021 503 2076 pore]
541 2022 608 2075 tpr
644 2047 698 2050 —
739 2022 832 2062 361.
871 2021 998 2076 sacra]
1037 2026 1176 2063 sancta
1206 2024 1302 2075 (sca)
1341 2047 1395 2052 -
1433 2022 1602 2077 aeraria]
1633 2020 1765 2064 oraria
1794 2047 1848 2053 —-

389 2091 567 2146 servent]
598 2091 759 2132 fervent
801 2116 854 2121 —
902 2091 972 2132 Vv.
1002 2093 1253 2133 363—364
1277 2096 1376 2146 post
1404 2107 1440 2133 v.
1469 2094 1557 2134 374
1586 2093 1848 2135 collocat.--—:.
1931 2123 1933 2125 ·

391 2162 485 2202 363.
523 2161 684 2215 gerant]
721 2166 872 2216 gerunt
915 2187 969 2190 —
1015 2162 1108 2202 364.
1140 2161 1305 2203 Limine
1342 2162 1547 2217 claudant]
1578 2162 1709 2204 limite
1739 2163 1850 2204 clau-

391 2231 497 2272 dunt
534 2256 587 2260 —
629 2231 722 2271 365.
755 2231 1015 2285 Arcitenens]
1047 2232 1281 2285 Arcitenes,
1316 2246 1519 2287 super-ser.
1545 2246 1614 2287 pr.
1644 2246 1699 2274 m.
1729 2245 1758 2274 n
1793 2257 1847 2263 -—

391 2301 485 2342 366.
515 2300 782 2354 Terdecuma]
813 2301 890 2342 Ter
920 2301 1080 2342 decima
1117 2327 1170 2330 -—-
1208 2302 1300 2356 feri]
1331 2302 1440 2355 fieri,
1475 2303 1548 2344 sed
1568 2303 1698 2357 μνέας
1727 2303 1745 2343 i
1773 2316 1844 2344 ex-

382 2371 548 2426 punxit
570 2385 637 2425 pr.
669 2385 724 2411 m.
771 2396 823 2400 —
870 2372 963 2412 367.
1003 2372 1092 2412 olor
1129 2373 1263 2413 evolat
1299 2372 1390 2427 alis]
1429 2372 1541 2414 olore
1576 2372 1756 2414 volantis
1792 2397 1846 2403 -—

391 2442 485 2482 370.
516 2440 723 2494 Alituum]
755 2440 898 2482 Altivfi
914 2445 924 2491 Η
939 2454 1018 2495 que
1056 2443 1164 2496 (post
1193 2443 1221 2482 fi
1249 2456 1341 2483 una
1367 2443 1442 2483 litt.
1468 2441 1612 2496 eras),
1642 2411 1851 2496 super-sm(

384 2525 450 2565 pr.
486 2524 541 2552 m.
586 2510 652 2551 vel
692 2510 869 2552 alituum
913 2536 966 2540 -
1010 2525 1141 2564 genus
1177 2513 1221 2552 in
1257 2511 1457 2566 studium]
1494 2524 1627 2566 genus
1662 2511 1848 2553 studium

389 2583 480 2634 (om.
511 2581 570 2633 in)
615 2605 668 2609 —
714 2581 808 2621 373.
846 2581 935 2622 Aut
970 2581 1096 2636 nidis]
1133 2582 1223 2623 Aut
1258 2582 1429 2635 nitidos,
1463 2595 1667 2636 super-scr.
1691 2595 1760 2636 pr.
1790 2595 1845 2623 m.

387 2651 454 2692 vel
489 2650 599 2691 nidis
638 2676 690 2679 —
729 2650 940 2705 damnare]
980 2652 1172 2705 clamare,
1208 2665 1411 2706 supersor.
1440 2665 1508 2706 pr.
1539 2665 1594 2692 m.
1630 2651 1698 2692 vel
1734 2651 1847 2692 dam-

386 2733 485 2761 nare
527 2745 581 2749 —
628 2720 721 2760 374.
761 2719 926 2774 ducere]
965 2721 1116 2774 dicere,
1151 2735 1355 2776 super-sm.
1386 2734 1454 2775 pr.
1491 2734 1546 2761 m.
1583 2721 1650 2762 vel
1687 2720 1847 2763 deicere

389 2815 442 2820 -—
473 2789 574 2844 lina]
609 2789 704 2830 vina
742 2815 795 2819 —
836 2791 930 2831 375.
962 2791 1048 2831 itur
1077 2791 1188 2832 inest
1225 2816 1279 2820 —
1317 2791 1411 2832 376.
1441 2789 1738 2845 Numidarum]
1768 2791 1848 2832 mi-

389 2860 596 2901 midarum
634 2884 688 2889 —
726 2859 824 2914 oris]
856 2860 969 2901 horis
1007 2886 1060 2890 —-—
1100 2862 1194 2902 377.
1225 2861 1425 2902 Phasidos
1455 2864 1496 2902 et
1525 2860 1645 2915 lucis]
1676 2859 1846 2902 Fasides

387 2933 428 2971 et
464 2929 597 2971 dulcis
641 2955 694 2959 —
741 2931 835 2971 378.
868 2930 1035 2972 devecta
1072 2930 1147 2986 est]
1183 2934 1378 2991 convecta
1407 2934 1468 2972 est
1510 2955 1564 2960 -—-
1609 2931 1703 2972 380.
1734 2942 1846 2972 eom-
