1936 3392
823 266 877 304 39

145 416 271 454 vastes
308 410 513 465 mairiam
563 409 672 465 quod
722 408 857 451 Iacob.
906 410 1080 464 requirit
1128 408 1301 451 omnibus
1350 407 1426 459 IV,
1472 409 1555 450 739

143 487 388 539 continetur,
423 487 579 543 opinor,
616 488 657 529 in
691 485 888 529 vocabulo
922 486 994 528 illo
1018 486 1202 541 passim.)

207 563 322 618 Quae
376 563 459 607 Iac.
516 565 678 606 rettulit
726 563 936 621 exempla,
986 564 1095 607 unde
1145 567 1339 620 appareat
1388 563 1559 605 audacia

144 645 342 702 quaedam
391 645 610 695 orationis,
661 660 744 687 non
793 644 981 687 consulto
1031 643 1239 701 quaesita,
1290 658 1426 699 neque
1465 644 1558 685 usui

143 738 371 780 congruens
421 728 463 765 et
494 724 712 780 praecipue
744 724 967 779 figurarum
1001 721 1235 778 licentia‚¹)
1283 721 1350 763 hic
1382 724 1558 777 praeter-

144 797 264 840 mitto
275 830 288 849 ,
339 798 557 854 quoniam,
607 799 642 839 si
690 797 858 840 aliunde
910 801 1115 840 constaret
1166 795 1383 838 Manilium
1434 795 1558 838 fuisse

143 876 430 932 peregrinum,
491 875 565 917 illa
618 875 803 932 exempla
852 876 955 918 hanc
1002 875 1250 918 sententiam
1300 873 1558 916 corroborare

143 954 334 1006 possent,
369 965 579 1006 nunquam
613 965 707 991 vero
741 966 790 991 ex
822 951 897 1002 iis,
934 965 1038 1006 quae
1061 949 1246 991 videntur
1268 949 1391 991 nimis
1414 948 1559 990 audac·

143 1034 207 1073 ter
239 1030 373 1082 dicta,
418 1030 572 1072 efficere
604 1034 728 1084 atque
762 1030 1003 1072 concludere
1038 1029 1185 1071 merito
1218 1043 1434 1086 possumus
1467 1043 1558 1070 auc-

143 1112 273 1151 torem
305 1107 519 1151 comfuisse
542 1109 827 1164 peregrinum,
857 1107 1088 1164 complures
1118 1107 1227 1149 enim
1246 1106 1347 1150 alias
1370 1107 1556 1149 invenias

144 1203 307 1239 causas,
342 1202 447 1244 quae
479 1188 587 1230 idem
620 1189 780 1245 possint
802 1187 983 1230 efficere:
1026 1187 1211 1244 exempla
1234 1202 1339 1243 quae
1372 1188 1558 1243 sequitur

146 1267 237 1322 quis
275 1270 317 1308 et
353 1266 563 1308 institutio
586 1274 628 1308 et
651 1266 920 1317 exercitatio;
954 1281 1050 1308 nam
1073 1265 1192 1308 aliter
1216 1266 1289 1321 qui
1311 1266 1558 1308 Asianorum

146 1359 275 1398 genus
324 1344 516 1395 dicendi,
566 1343 686 1386 aliter
719 1345 791 1400 qui
826 1344 1063 1386 Atticorum
1102 1345 1292 1399 sequitur
1324 1343 1466 1386 scribit
1499 1344 1560 1385 vir

146 1421 380 1473 Romanus,
416 1422 534 1464 aliter
568 1423 640 1478 qui
674 1438 697 1464 a
725 1421 957 1464 rhetoribus
981 1426 1043 1464 est
1064 1422 1308 1473 institutus,
1343 1421 1462 1463 aliter
1485 1423 1558 1477 qui

147 1499 285 1541 nativo
323 1500 457 1541 utitur
488 1499 618 1556 stylo;
659 1499 780 1541 aliter
809 1500 881 1555 qui
911 1499 1034 1555 longa
1056 1499 1346 1541 exercitatione
1370 1499 1557 1540 excultus

147 1583 227 1631 est,
261 1579 381 1621 aliter
413 1580 483 1634 qui
517 1580 806 1621 exercitatione
839 1580 996 1631 caruit,
1031 1594 1084 1621 ne
1116 1579 1237 1635 plura
1269 1579 1430 1621 addam.

209 1653 362 1695 Omnia
408 1669 510 1709 quae
559 1658 768 1710 praeterea
818 1653 993 1696 Iacobus
1042 1654 1201 1695 invenit
1234 1657 1359 1709 atque
1394 1656 1434 1695 in
1473 1668 1558 1708 pro-

139 1747 308 1788 gramm.
358 1732 424 1774 hic
463 1732 549 1774 illic
583 1737 624 1774 et
658 1733 699 1774 in
734 1732 871 1774 indice
905 1733 1078 1775 editioni
1110 1748 1208 1774 suae
1242 1732 1362 1774 affixo
1395 1732 1557 1774 notavit

139 1826 345 1854 recensere
391 1826 525 1867 neque
574 1817 737 1868 tempus
787 1813 991 1869 permittit
1036 1816 1078 1854 et
1108 1812 1258 1854 inutile
1292 1819 1417 1868 pute,
1465 1827 1557 1854 cum

138 1889 253 1946 parvi
285 1905 332 1931 ea
365 1905 451 1931 esse
484 1891 680 1932 momenti
714 1890 765 1932 ad
798 1890 1044 1932 sententiam
1078 1889 1329 1947 probandam
1363 1905 1412 1932 ex
1434 1905 1558 1946 supra

140 1965 260 2008 dictis
272 1967 371 2009 satis
388 1971 513 2023 atque
526 1966 688 2010 abunde
701 1973 907 2024 appareat.
940 1971 1030 2024 Age
1048 1967 1187 2024 potius
1210 1966 1437 2010 exscribam
1454 1982 1557 2023 quae

139 2043 320 2100 Scaliger
341 2043 373 2100 ²)
424 2045 472 2086 de
519 2045 596 2086 hoc
635 2045 724 2087 loco
762 2045 951 2101 protulit.
1021 2044 1175 2098 „Quod
1210 2050 1348 2087 autem
1380 2046 1558 2102 peregri-

139 2136 237 2163 num
286 2137 336 2163 ex
384 2137 432 2164 eo
480 2127 693 2164 caussatur
742 2123 970 2180 Gyraldus,
1006 2123 1141 2179 quod,
1176 2128 1223 2165 ut
1255 2123 1389 2179 ipsius
1422 2122 1556 2165 verbis

138 2206 244 2251 utar,
279 2201 502 2256 inquinate*
526 2201 731 2256 loquitur:
784 2202 896 2258 prius
930 2217 1004 2244 nos
1037 2201 1212 2244 debebat
1245 2202 1412 2253 docere,
1454 2201 1556 2257 quid

144 2279 199 2320 sit
245 2278 461 2334 inquinate
511 2278 642 2334 loqui.
710 2279 818 2321 Nam
867 2280 902 2321 si
949 2279 992 2321 id
1040 2284 1102 2321 est
1150 2278 1458 2336 βαρβαρίζειν,
1510 2287 1556 2324 ut

137 2369 276 2421 revera
322 2361 408 2408 est,
459 2371 584 2412 quare
632 2372 716 2400 non
765 2357 923 2399 indicat
970 2356 1242 2400 barbarismos
1280 2358 1322 2400 in
1358 2359 1555 2415 scriptore

137 2436 291 2477 saeculi
323 2436 623 2489 florentissimi,
659 2452 742 2493 quo
775 2441 815 2479 et
844 2437 1051 2494 mancipia
1073 2438 1162 2495 ipsa
1183 2453 1286 2495 pure
1308 2442 1350 2480 et
1372 2438 1555 2482 Romane

136 2513 441 2569 loquebantur?
503 2515 583 2557 Sed
631 2517 666 2557 si
715 2515 790 2558 ulli
839 2520 938 2558 sunt
986 2515 1253 2568 barbarismi,
1306 2531 1431 2572 quare
1480 2533 1555 2560 nos

138 2591 307 2647 fugiunt
338 2591 600 2645 barbarismi,
646 2609 748 2648 quos
783 2593 1085 2650 deprehendere
1118 2595 1154 2636 si
1186 2593 1305 2637 nobis
1338 2610 1410 2652 per
1442 2596 1555 2652 inge-

137 2670 253 2712 nium
286 2685 370 2713 non
403 2671 565 2723 liceret,
601 2672 713 2728 quod
746 2673 790 2714 in
821 2672 940 2720 nobis
972 2673 1241 2730 perexiguum
1277 2677 1362 2726 est,
1414 2677 1578 2729 tamen·

117 2903 121 2906 ,
184 2874 209 2916 ¹)
256 2879 366 2916 Progr.
391 2879 405 2909 1
429 2889 502 2918 pag.
530 2880 668 2911 18—22.

182 2935 207 2976 ²)
255 2938 379 2976 Proleg.
404 2940 482 2970 ante
506 2941 575 2971 not.
600 2950 676 2979 pag.
700 2941 719 2971 2
745 2942 779 2972 et
804 2942 833 2971 3.
