<?xml version="1.0" encoding="UTF-8"?>
<!DOCTYPE html PUBLIC "-//W3C//DTD XHTML 1.0 Transitional//EN"
    "http://www.w3.org/TR/xhtml1/DTD/xhtml1-transitional.dtd">
<html xmlns="http://www.w3.org/1999/xhtml" xml:lang="en" lang="en">
 <head>
  <title>
</title>
<meta http-equiv="Content-Type" content="text/html;charset=utf-8" />
  <meta name='ocr-system' content='tesseract 3.04.00' />
  <meta name='ocr-capabilities' content='ocr_page ocr_carea ocr_par ocr_line ocrx_word'/>
</head>
<body>
  <div class='ocr_page' id='page_1' title='image "./lucubrationesman00thomuoft_0019.png"; bbox 0 0 1936 3392; ppageno 0'>
   <div class='ocr_carea' id='block_1_1' title="bbox 1588 370 1613 411">
    <p class='ocr_par' dir='ltr' id='par_1_1' title="bbox 1588 370 1613 411">
     <span class='ocr_line' id='line_1_1' title="bbox 1588 370 1613 411; baseline 0 0"><span class='ocrx_word' id='word_1_1' title='bbox 1588 370 1613 411; x_wconf 87' lang='grc'>9</span> 
     </span>
    </p>
   </div>
   <div class='ocr_carea' id='block_1_2' title="bbox 114 487 1615 759">
    <p class='ocr_par' dir='ltr' id='par_1_2' title="bbox 114 487 1615 759">
     <span class='ocr_line' id='line_1_2' title="bbox 233 487 1615 545; baseline -0.002 -13"><span class='ocrx_word' id='word_1_2' title='bbox 233 489 408 545; x_wconf 85' lang='lat' dir='ltr'>Repone</span> <span class='ocrx_word' id='word_1_3' title='bbox 444 489 495 531; x_wconf 86' lang='lat' dir='ltr'>in</span> <span class='ocrx_word' id='word_1_4' title='bbox 532 488 647 542; x_wconf 89' lang='lat' dir='ltr'>orbe,</span> <span class='ocrx_word' id='word_1_5' title='bbox 686 487 802 543; x_wconf 90' lang='lat' dir='ltr'>quod</span> <span class='ocrx_word' id='word_1_6' title='bbox 838 500 985 530; x_wconf 87' lang='lat' dir='ltr'>omnes</span> <span class='ocrx_word' id='word_1_7' title='bbox 1016 487 1184 530; x_wconf 82' lang='lat' dir='ltr'>codices</span> <span class='ocrx_word' id='word_1_8' title='bbox 1215 487 1420 543; x_wconf 80' lang='lat' dir='ltr'>praebent</span> <span class='ocrx_word' id='word_1_9' title='bbox 1448 490 1615 543; x_wconf 83' lang='lat' dir='ltr'>praeter</span> 
     </span>
     <span class='ocr_line' id='line_1_3' title="bbox 115 558 1613 615; baseline -0.002 -12"><span class='ocrx_word' id='word_1_10' title='bbox 115 561 236 605; x_wconf 87' lang='lat' dir='ltr'>Voss.</span> <span class='ocrx_word' id='word_1_11' title='bbox 270 563 315 615; x_wconf 88' lang='lat'>2,</span> <span class='ocrx_word' id='word_1_12' title='bbox 351 562 423 603; x_wconf 88' lang='lat' dir='ltr'>cui</span> <span class='ocrx_word' id='word_1_13' title='bbox 453 561 584 602; x_wconf 87' lang='lat' dir='ltr'>nimis</span> <span class='ocrx_word' id='word_1_14' title='bbox 615 560 765 602; x_wconf 81' lang='lat' dir='ltr'>tribuit</span> <span class='ocrx_word' id='word_1_15' title='bbox 794 559 937 602; x_wconf 82' lang='lat' dir='ltr'>Jacob.</span> <span class='ocrx_word' id='word_1_16' title='bbox 1005 558 1181 602; x_wconf 84' lang='lat' dir='ltr'>Caelum</span> <span class='ocrx_word' id='word_1_17' title='bbox 1212 559 1293 614; x_wconf 87' lang='lat' dir='ltr'>(vel</span> <span class='ocrx_word' id='word_1_18' title='bbox 1325 560 1532 614; x_wconf 88' lang='lat' dir='ltr'>mundus)</span> <span class='ocrx_word' id='word_1_19' title='bbox 1571 562 1613 601; x_wconf 90' lang='lat' dir='ltr'>et</span> 
     </span>
     <span class='ocr_line' id='line_1_4' title="bbox 114 630 1614 688; baseline -0.002 -13"><span class='ocrx_word' id='word_1_20' title='bbox 114 632 230 676; x_wconf 84' lang='lat' dir='ltr'>orbis</span> <span class='ocrx_word' id='word_1_21' title='bbox 260 632 376 688; x_wconf 90' lang='lat' dir='ltr'>apud</span> <span class='ocrx_word' id='word_1_22' title='bbox 399 631 628 674; x_wconf 81' lang='lat' dir='ltr'>Manilium</span> <span class='ocrx_word' id='word_1_23' title='bbox 660 634 898 674; x_wconf 72' lang='lat' dir='ltr'>constanter</span> <span class='ocrx_word' id='word_1_24' title='bbox 927 632 1038 673; x_wconf 85' lang='lat' dir='ltr'>inter</span> <span class='ocrx_word' id='word_1_25' title='bbox 1062 644 1108 673; x_wconf 84' lang='lat' dir='ltr'>se</span> <span class='ocrx_word' id='word_1_26' title='bbox 1134 634 1420 687; x_wconf 86' lang='lat' dir='ltr'>opponuntur.</span> <span class='ocrx_word' id='word_1_27' title='bbox 1469 630 1515 672; x_wconf 91' lang='lat' dir='ltr'>V.</span> <span class='ocrx_word' id='word_1_28' title='bbox 1537 631 1561 672; x_wconf 90' lang='lat' dir='ltr'>l.</span> <span class='ocrx_word' id='word_1_29' title='bbox 1581 630 1614 685; x_wconf 87' lang='grc' dir='ltr'>Ι,</span> 
     </span>
     <span class='ocr_line' id='line_1_5' title="bbox 114 702 944 759; baseline -0.004 -12"><span class='ocrx_word' id='word_1_30' title='bbox 114 718 154 746; x_wconf 47' lang='grc' dir='ltr'>ν,</span> <span class='ocrx_word' id='word_1_31' title='bbox 181 704 285 757; x_wconf 84' lang='grc'>760;</span> <span class='ocrx_word' id='word_1_32' title='bbox 317 705 343 746; x_wconf 95' lang='lat' dir='ltr'>l.</span> <span class='ocrx_word' id='word_1_33' title='bbox 374 703 438 759; x_wconf 87' lang='lat' dir='ltr'>H,</span> <span class='ocrx_word' id='word_1_34' title='bbox 468 717 506 745; x_wconf 84' lang='lat' dir='ltr'>v.</span> <span class='ocrx_word' id='word_1_35' title='bbox 535 703 799 758; x_wconf 83' lang='grc'>127-128,</span> <span class='ocrx_word' id='word_1_36' title='bbox 830 702 944 745; x_wconf 89' lang='lat' dir='ltr'>alibi.</span> 
     </span>
    </p>
   </div>
   <div class='ocr_carea' id='block_1_3' title="bbox 233 847 1503 1118">
    <p class='ocr_par' dir='ltr' id='par_1_3' title="bbox 233 847 731 902">
     <span class='ocr_line' id='line_1_6' title="bbox 233 847 731 902; baseline -0.004 -12"><span class='ocrx_word' id='word_1_37' title='bbox 233 847 277 890; x_wconf 88' lang='lat' dir='ltr'>L.</span> <span class='ocrx_word' id='word_1_38' title='bbox 310 847 368 902; x_wconf 92' lang='lat' dir='ltr'>V,</span> <span class='ocrx_word' id='word_1_39' title='bbox 398 861 437 888; x_wconf 86' lang='lat' dir='ltr'>v.</span> <span class='ocrx_word' id='word_1_40' title='bbox 467 847 731 889; x_wconf 85' lang='lat'>105-107:</span> 
     </span>
    </p>

    <p class='ocr_par' dir='ltr' id='par_1_4' title="bbox 256 918 1503 1118">
     <span class='ocr_line' id='line_1_7' title="bbox 935 918 1494 961; baseline 0.002 -2"><span class='ocrx_word' id='word_1_41' title='bbox 935 951 943 959; x_wconf 91' lang='lat'>.</span> <span class='ocrx_word' id='word_1_42' title='bbox 977 951 984 959; x_wconf 94' lang='lat'>.</span> <span class='ocrx_word' id='word_1_43' title='bbox 1019 952 1026 959; x_wconf 96' lang='lat'>.</span> <span class='ocrx_word' id='word_1_44' title='bbox 1059 918 1148 961; x_wconf 86' lang='lat' dir='ltr'>Nee</span> <span class='ocrx_word' id='word_1_45' title='bbox 1178 919 1296 961; x_wconf 85' lang='lat' dir='ltr'>erede</span> <span class='ocrx_word' id='word_1_46' title='bbox 1326 932 1494 961; x_wconf 84' lang='lat' dir='ltr'>severae</span> 
     </span>
     <span class='ocr_line' id='line_1_8' title="bbox 256 990 1444 1046; baseline -0.001 -13"><span class='ocrx_word' id='word_1_47' title='bbox 256 991 440 1034; x_wconf 79' lang='lat' dir='ltr'>Frontis</span> <span class='ocrx_word' id='word_1_48' title='bbox 470 1004 580 1046; x_wconf 81' lang='lat' dir='ltr'>opus</span> <span class='ocrx_word' id='word_1_49' title='bbox 610 990 747 1046; x_wconf 73' lang='lat' dir='ltr'>siqni,</span> <span class='ocrx_word' id='word_1_50' title='bbox 779 990 950 1032; x_wconf 79' lang='lat' dir='ltr'>strictos</span> <span class='ocrx_word' id='word_1_51' title='bbox 981 1005 1058 1032; x_wconf 81' lang='lat' dir='ltr'>nee</span> <span class='ocrx_word' id='word_1_52' title='bbox 1089 991 1217 1033; x_wconf 85' lang='lat' dir='ltr'>eorda</span> <span class='ocrx_word' id='word_1_53' title='bbox 1253 990 1444 1044; x_wconf 81' lang='lat' dir='ltr'>Catones,</span> 
     </span>
     <span class='ocr_line' id='line_1_9' title="bbox 257 1062 1503 1118; baseline -0.001 -14"><span class='ocrx_word' id='word_1_54' title='bbox 257 1062 582 1118; x_wconf 79' lang='lat' dir='ltr'>Abreptumque</span> <span class='ocrx_word' id='word_1_55' title='bbox 607 1062 733 1118; x_wconf 78' lang='lat' dir='ltr'>patri</span> <span class='ocrx_word' id='word_1_56' title='bbox 767 1062 1052 1117; x_wconf 78' lang='lat' dir='ltr'><em>Torquatum,</em></span> <span class='ocrx_word' id='word_1_57' title='bbox 1086 1066 1125 1104; x_wconf 90' lang='lat' dir='ltr'>et</span> <span class='ocrx_word' id='word_1_58' title='bbox 1156 1062 1345 1104; x_wconf 87' lang='lat' dir='ltr'>Horatia</span> <span class='ocrx_word' id='word_1_59' title='bbox 1375 1062 1503 1117; x_wconf 84' lang='lat' dir='ltr'>facta.</span> 
     </span>
    </p>
   </div>
   <div class='ocr_carea' id='block_1_4' title="bbox 112 1145 1613 1342">
    <p class='ocr_par' dir='ltr' id='par_1_5' title="bbox 112 1145 1613 1342">
     <span class='ocr_line' id='line_1_10' title="bbox 231 1145 1612 1202; baseline -0.001 -14"><span class='ocrx_word' id='word_1_60' title='bbox 231 1146 298 1188; x_wconf 82' lang='lat' dir='ltr'>Ita</span> <span class='ocrx_word' id='word_1_61' title='bbox 327 1146 470 1188; x_wconf 84' lang='lat' dir='ltr'>Jacob.</span> <span class='ocrx_word' id='word_1_62' title='bbox 532 1145 583 1187; x_wconf 90' lang='lat' dir='ltr'>V.</span> <span class='ocrx_word' id='word_1_63' title='bbox 614 1146 717 1200; x_wconf 84' lang='lat'>106,</span> <span class='ocrx_word' id='word_1_64' title='bbox 754 1145 876 1188; x_wconf 87' lang='lat' dir='ltr'>Voss.</span> <span class='ocrx_word' id='word_1_65' title='bbox 912 1146 954 1200; x_wconf 95' lang='grc'>1,</span> <span class='ocrx_word' id='word_1_66' title='bbox 992 1145 1106 1200; x_wconf 75' lang='lat' dir='ltr'>Cus,</span> <span class='ocrx_word' id='word_1_67' title='bbox 1137 1145 1247 1202; x_wconf 87' lang='lat' dir='ltr'>Lips.</span> <span class='ocrx_word' id='word_1_68' title='bbox 1282 1147 1434 1202; x_wconf 87' lang='lat' dir='ltr'>(prima</span> <span class='ocrx_word' id='word_1_69' title='bbox 1465 1148 1612 1200; x_wconf 87' lang='lat' dir='ltr'>manu)</span> 
     </span>
     <span class='ocr_line' id='line_1_11' title="bbox 112 1217 1613 1273; baseline -0.001 -12"><span class='ocrx_word' id='word_1_70' title='bbox 112 1218 285 1261; x_wconf 85' lang='lat' dir='ltr'>habent:</span> <span class='ocrx_word' id='word_1_71' title='bbox 317 1218 488 1260; x_wconf 73' lang='lat' dir='ltr'>strictos</span> <span class='ocrx_word' id='word_1_72' title='bbox 518 1217 698 1269; x_wconf 78' lang='lat' dir='ltr'>ineude;</span> <span class='ocrx_word' id='word_1_73' title='bbox 734 1217 895 1260; x_wconf 86' lang='lat' dir='ltr'>Gembl.</span> <span class='ocrx_word' id='word_1_74' title='bbox 929 1221 970 1260; x_wconf 88' lang='lat' dir='ltr'>et</span> <span class='ocrx_word' id='word_1_75' title='bbox 1000 1221 1169 1260; x_wconf 83' lang='lat' dir='ltr'>correct.</span> <span class='ocrx_word' id='word_1_76' title='bbox 1196 1217 1328 1273; x_wconf 90' lang='lat' dir='ltr'>Lips.:</span> <span class='ocrx_word' id='word_1_77' title='bbox 1361 1218 1531 1260; x_wconf 78' lang='lat' dir='ltr'>strictos</span> <span class='ocrx_word' id='word_1_78' title='bbox 1562 1218 1613 1259; x_wconf 80' lang='lat' dir='ltr'>in</span> 
     </span>
     <span class='ocr_line' id='line_1_12' title="bbox 112 1288 1612 1342; baseline -0.003 -6"><span class='ocrx_word' id='word_1_79' title='bbox 112 1291 238 1342; x_wconf 75' lang='lat' dir='ltr'>eoda;</span> <span class='ocrx_word' id='word_1_80' title='bbox 279 1303 442 1332; x_wconf 88' lang='lat' dir='ltr'>omnes:</span> <span class='ocrx_word' id='word_1_81' title='bbox 487 1289 673 1332; x_wconf 81' lang='lat' dir='ltr'>Catonis.</span> <span class='ocrx_word' id='word_1_82' title='bbox 735 1288 897 1331; x_wconf 90' lang='lat' dir='ltr'>Locum</span> <span class='ocrx_word' id='word_1_83' title='bbox 934 1290 1261 1332; x_wconf 82' lang='lat' dir='ltr'>vexatissimum</span> <span class='ocrx_word' id='word_1_84' title='bbox 1296 1291 1357 1332; x_wconf 90' lang='lat' dir='ltr'>sic</span> <span class='ocrx_word' id='word_1_85' title='bbox 1388 1289 1612 1332; x_wconf 84' lang='lat' dir='ltr'>emendare</span> 
     </span>
    </p>
   </div>
   <div class='ocr_carea' id='block_1_5' title="bbox 113 1362 1432 1487">
    <p class='ocr_par' dir='ltr' id='par_1_6' title="bbox 113 1362 1432 1487">
     <span class='ocr_line' id='line_1_13' title="bbox 113 1362 314 1404; baseline -0.005 0"><span class='ocrx_word' id='word_1_86' title='bbox 113 1362 314 1404; x_wconf 81' lang='lat' dir='ltr'>conabar:</span> 
     </span>
     <span class='ocr_line' id='line_1_14' title="bbox 439 1433 1432 1487; baseline 0.001 -13"><span class='ocrx_word' id='word_1_87' title='bbox 439 1465 448 1474; x_wconf 87' lang='lat'><strong>.</strong></span> <span class='ocrx_word' id='word_1_88' title='bbox 482 1466 490 1474; x_wconf 92' lang='lat'><strong>.</strong></span> <span class='ocrx_word' id='word_1_89' title='bbox 521 1433 767 1475; x_wconf 78' lang='lat' dir='ltr'>strictum</span> <span class='ocrx_word' id='word_1_90' title='bbox 798 1447 966 1476; x_wconf 84' lang='lat' dir='ltr'>ensem</span> <span class='ocrx_word' id='word_1_91' title='bbox 996 1434 1048 1475; x_wconf 88' lang='lat' dir='ltr'>in</span> <span class='ocrx_word' id='word_1_92' title='bbox 1079 1435 1207 1476; x_wconf 85' lang='lat' dir='ltr'>eorda</span> <span class='ocrx_word' id='word_1_93' title='bbox 1243 1434 1432 1487; x_wconf 79' lang='lat' dir='ltr'>Catonis,</span> 
     </span>
    </p>
   </div>
   <div class='ocr_carea' id='block_1_6' title="bbox 113 1517 1611 1729">
    <p class='ocr_par' dir='ltr' id='par_1_7' title="bbox 113 1517 1611 1729">
     <span class='ocr_line' id='line_1_15' title="bbox 115 1517 1611 1574; baseline 0 -14"><span class='ocrx_word' id='word_1_94' title='bbox 115 1518 317 1573; x_wconf 85' lang='lat' dir='ltr'>quoniam</span> <span class='ocrx_word' id='word_1_95' title='bbox 349 1517 400 1559; x_wconf 89' lang='lat' dir='ltr'>de</span> <span class='ocrx_word' id='word_1_96' title='bbox 431 1530 477 1559; x_wconf 89' lang='lat' dir='ltr'>re</span> <span class='ocrx_word' id='word_1_97' title='bbox 508 1517 612 1570; x_wconf 85' lang='lat' dir='ltr'>(sive</span> <span class='ocrx_word' id='word_1_98' title='bbox 644 1518 824 1571; x_wconf 89' lang='lat' dir='ltr'>actione)</span> <span class='ocrx_word' id='word_1_99' title='bbox 855 1519 989 1573; x_wconf 81' lang='lat' dir='ltr'>magis</span> <span class='ocrx_word' id='word_1_100' title='bbox 1021 1531 1149 1573; x_wconf 86' lang='lat' dir='ltr'>quam</span> <span class='ocrx_word' id='word_1_101' title='bbox 1176 1518 1228 1560; x_wconf 90' lang='lat' dir='ltr'>de</span> <span class='ocrx_word' id='word_1_102' title='bbox 1254 1531 1435 1573; x_wconf 86' lang='lat' dir='ltr'>persona</span> <span class='ocrx_word' id='word_1_103' title='bbox 1460 1519 1611 1574; x_wconf 80' lang='lat' dir='ltr'>agitur,</span> 
     </span>
     <span class='ocr_line' id='line_1_16' title="bbox 113 1588 722 1644; baseline -0.003 -12"><span class='ocrx_word' id='word_1_104' title='bbox 113 1591 162 1632; x_wconf 86' lang='lat' dir='ltr'>ut</span> <span class='ocrx_word' id='word_1_105' title='bbox 192 1588 315 1631; x_wconf 88' lang='lat' dir='ltr'>docet</span> <span class='ocrx_word' id='word_1_106' title='bbox 344 1601 526 1644; x_wconf 88' lang='lat' dir='ltr'>sequens</span> <span class='ocrx_word' id='word_1_107' title='bbox 555 1601 722 1631; x_wconf 84' lang='lat' dir='ltr'>versus:</span> 
     </span>
     <span class='ocr_line' id='line_1_17' title="bbox 254 1671 1478 1729; baseline 0.002 -15"><span class='ocrx_word' id='word_1_108' title='bbox 254 1671 578 1728; x_wconf 79' lang='lat' dir='ltr'>Abreptumque</span> <span class='ocrx_word' id='word_1_109' title='bbox 602 1672 729 1727; x_wconf 77' lang='lat' dir='ltr'>patri</span> <span class='ocrx_word' id='word_1_110' title='bbox 762 1672 1030 1728; x_wconf 70' lang='lat' dir='ltr'>Torquatum</span> <span class='ocrx_word' id='word_1_111' title='bbox 1061 1676 1101 1715; x_wconf 86' lang='lat' dir='ltr'>et</span> <span class='ocrx_word' id='word_1_112' title='bbox 1130 1673 1319 1716; x_wconf 89' lang='lat' dir='ltr'>Horatia</span> <span class='ocrx_word' id='word_1_113' title='bbox 1349 1674 1478 1729; x_wconf 79' lang='lat' dir='ltr'>faeta.</span> 
     </span>
    </p>
   </div>
   <div class='ocr_carea' id='block_1_7' title="bbox 108 1754 1608 1957">
    <p class='ocr_par' dir='ltr' id='par_1_8' title="bbox 108 1754 1608 1957">
     <span class='ocr_line' id='line_1_18' title="bbox 110 1754 1608 1812; baseline 0.001 -14"><span class='ocrx_word' id='word_1_114' title='bbox 110 1755 176 1798; x_wconf 85' lang='lat' dir='ltr'>De</span> <span class='ocrx_word' id='word_1_115' title='bbox 200 1754 358 1798; x_wconf 83' lang='lat' dir='ltr'>Catone</span> <span class='ocrx_word' id='word_1_116' title='bbox 388 1755 473 1797; x_wconf 89' lang='lat' dir='ltr'>sibi</span> <span class='ocrx_word' id='word_1_117' title='bbox 503 1769 657 1798; x_wconf 87' lang='lat' dir='ltr'>manus</span> <span class='ocrx_word' id='word_1_118' title='bbox 682 1756 880 1799; x_wconf 86' lang='lat' dir='ltr'>afferente</span> <span class='ocrx_word' id='word_1_119' title='bbox 906 1757 954 1798; x_wconf 89' lang='lat' dir='ltr'>cf.</span> <span class='ocrx_word' id='word_1_120' title='bbox 981 1757 1006 1798; x_wconf 93' lang='lat' dir='ltr'>l.</span> <span class='ocrx_word' id='word_1_121' title='bbox 1031 1757 1072 1811; x_wconf 93' lang='grc' dir='ltr'>Ι,</span> <span class='ocrx_word' id='word_1_122' title='bbox 1103 1771 1141 1798; x_wconf 84' lang='lat' dir='ltr'>v.</span> <span class='ocrx_word' id='word_1_123' title='bbox 1171 1758 1194 1798; x_wconf 83' lang='lat'><strong>7</strong></span> <span class='ocrx_word' id='word_1_124' title='bbox 1201 1758 1275 1810; x_wconf 78' lang='lat'>973</span> <span class='ocrx_word' id='word_1_125' title='bbox 1307 1758 1332 1799; x_wconf 88' lang='lat' dir='ltr'>l.</span> <span class='ocrx_word' id='word_1_126' title='bbox 1360 1757 1442 1812; x_wconf 89' lang='lat' dir='ltr'>IV,</span> <span class='ocrx_word' id='word_1_127' title='bbox 1474 1773 1512 1799; x_wconf 87' lang='lat' dir='ltr'>v.</span> <span class='ocrx_word' id='word_1_128' title='bbox 1540 1759 1608 1800; x_wconf 83' lang='lat'>87.</span> 
     </span>
     <span class='ocr_line' id='line_1_19' title="bbox 228 1826 1607 1884; baseline 0.001 -15"><span class='ocrx_word' id='word_1_129' title='bbox 228 1826 380 1883; x_wconf 82' lang='lat' dir='ltr'>Neque</span> <span class='ocrx_word' id='word_1_130' title='bbox 421 1830 563 1870; x_wconf 87' lang='lat' dir='ltr'>tamen</span> <span class='ocrx_word' id='word_1_131' title='bbox 603 1841 754 1870; x_wconf 86' lang='lat' dir='ltr'>verum</span> <span class='ocrx_word' id='word_1_132' title='bbox 790 1842 859 1871; x_wconf 90' lang='lat' dir='ltr'>me</span> <span class='ocrx_word' id='word_1_133' title='bbox 896 1830 1130 1884; x_wconf 84' lang='lat' dir='ltr'>repperisse</span> <span class='ocrx_word' id='word_1_134' title='bbox 1168 1830 1421 1872; x_wconf 88' lang='lat' dir='ltr'>contendere</span> <span class='ocrx_word' id='word_1_135' title='bbox 1460 1832 1607 1873; x_wconf 90' lang='lat' dir='ltr'>ausim.</span> 
     </span>
     <span class='ocr_line' id='line_1_20' title="bbox 108 1898 1435 1957; baseline 0.002 -16"><span class='ocrx_word' id='word_1_136' title='bbox 108 1898 237 1941; x_wconf 84' lang='lat' dir='ltr'>Viros</span> <span class='ocrx_word' id='word_1_137' title='bbox 268 1899 413 1941; x_wconf 87' lang='lat' dir='ltr'>doctos</span> <span class='ocrx_word' id='word_1_138' title='bbox 443 1899 672 1954; x_wconf 85' lang='lat' dir='ltr'>aliquando</span> <span class='ocrx_word' id='word_1_139' title='bbox 704 1900 882 1943; x_wconf 87' lang='lat' dir='ltr'>meliora</span> <span class='ocrx_word' id='word_1_140' title='bbox 912 1901 1149 1956; x_wconf 85' lang='lat' dir='ltr'>prolaturos</span> <span class='ocrx_word' id='word_1_141' title='bbox 1181 1914 1271 1944; x_wconf 89' lang='lat' dir='ltr'>esse</span> <span class='ocrx_word' id='word_1_142' title='bbox 1303 1915 1435 1957; x_wconf 88' lang='lat' dir='ltr'>spero.</span> 
     </span>
    </p>
   </div>
   <div class='ocr_carea' id='block_1_8' title="bbox 226 2041 726 2098">
    <p class='ocr_par' dir='ltr' id='par_1_9' title="bbox 226 2041 726 2098">
     <span class='ocr_line' id='line_1_21' title="bbox 226 2041 726 2098; baseline 0.004 -14"><span class='ocrx_word' id='word_1_143' title='bbox 226 2041 271 2084; x_wconf 89' lang='lat' dir='ltr'>L.</span> <span class='ocrx_word' id='word_1_144' title='bbox 303 2042 362 2098; x_wconf 93' lang='lat' dir='ltr'>V,</span> <span class='ocrx_word' id='word_1_145' title='bbox 392 2057 430 2084; x_wconf 83' lang='lat' dir='ltr'>v.</span> <span class='ocrx_word' id='word_1_146' title='bbox 460 2043 726 2086; x_wconf 86' lang='lat'>135—136:</span> 
     </span>
    </p>
   </div>
   <div class='ocr_carea' id='block_1_9' title="bbox 107 2126 1607 2770">
    <p class='ocr_par' dir='ltr' id='par_1_10' title="bbox 249 2126 1511 2256">
     <span class='ocr_line' id='line_1_22' title="bbox 249 2126 1511 2185; baseline 0.003 -16"><span class='ocrx_word' id='word_1_147' title='bbox 249 2126 372 2170; x_wconf 81' lang='lat' dir='ltr'>Hine</span> <span class='ocrx_word' id='word_1_148' title='bbox 400 2126 515 2183; x_wconf 74' lang='lat' dir='ltr'>fidae</span> <span class='ocrx_word' id='word_1_149' title='bbox 545 2131 708 2170; x_wconf 79' lang='lat' dir='ltr'>mentes</span> <span class='ocrx_word' id='word_1_150' title='bbox 742 2129 1104 2185; x_wconf 78' lang='lat' dir='ltr'>tremebundaque</span> <span class='ocrx_word' id='word_1_151' title='bbox 1135 2131 1263 2173; x_wconf 82' lang='lat' dir='ltr'>eorda</span> <span class='ocrx_word' id='word_1_152' title='bbox 1294 2135 1511 2185; x_wconf 80' lang='lat' dir='ltr'>creantur,</span> 
     </span>
     <span class='ocr_line' id='line_1_23' title="bbox 254 2199 1415 2256; baseline 0.002 -15"><span class='ocrx_word' id='word_1_153' title='bbox 254 2199 478 2255; x_wconf 77' lang='lat' dir='ltr'>Suspensa</span> <span class='ocrx_word' id='word_1_154' title='bbox 507 2200 734 2256; x_wconf 80' lang='lat' dir='ltr'>strepitus,</span> <span class='ocrx_word' id='word_1_155' title='bbox 767 2201 1012 2256; x_wconf 74' lang='lat' dir='ltr'>levibusque</span> <span class='ocrx_word' id='word_1_156' title='bbox 1043 2202 1230 2245; x_wconf 71' lang='lat' dir='ltr'>olmoaeia</span> <span class='ocrx_word' id='word_1_157' title='bbox 1259 2203 1415 2245; x_wconf 79' lang='lat' dir='ltr'>causis.</span> 
     </span>
    </p>

    <p class='ocr_par' dir='ltr' id='par_1_11' title="bbox 107 2281 1607 2770">
     <span class='ocr_line' id='line_1_24' title="bbox 226 2281 1607 2342; baseline 0.004 -19"><span class='ocrx_word' id='word_1_158' title='bbox 226 2281 278 2323; x_wconf 90' lang='lat' dir='ltr'>V.</span> <span class='ocrx_word' id='word_1_159' title='bbox 308 2283 391 2324; x_wconf 88' lang='lat'>135</span> <span class='ocrx_word' id='word_1_160' title='bbox 423 2296 500 2338; x_wconf 87' lang='lat' dir='ltr'>pro</span> <span class='ocrx_word' id='word_1_161' title='bbox 530 2284 714 2339; x_wconf 71' lang='lat' dir='ltr'>,‚fidae“</span> <span class='ocrx_word' id='word_1_162' title='bbox 739 2284 1013 2327; x_wconf 85' lang='lat' dir='ltr'>scribendum</span> <span class='ocrx_word' id='word_1_163' title='bbox 1040 2286 1246 2342; x_wconf 77' lang='lat' dir='ltr'>trepidae,</span> <span class='ocrx_word' id='word_1_164' title='bbox 1280 2290 1329 2328; x_wconf 88' lang='lat' dir='ltr'>ut</span> <span class='ocrx_word' id='word_1_165' title='bbox 1355 2290 1418 2329; x_wconf 89' lang='lat' dir='ltr'>est</span> <span class='ocrx_word' id='word_1_166' title='bbox 1442 2287 1488 2329; x_wconf 91' lang='lat' dir='ltr'>in</span> <span class='ocrx_word' id='word_1_167' title='bbox 1515 2287 1607 2329; x_wconf 91' lang='lat' dir='ltr'>edd.</span> 
     </span>
     <span class='ocr_line' id='line_1_25' title="bbox 108 2353 1607 2414; baseline 0.004 -19"><span class='ocrx_word' id='word_1_168' title='bbox 108 2356 204 2396; x_wconf 83' lang='lat' dir='ltr'>vett.</span> <span class='ocrx_word' id='word_1_169' title='bbox 238 2379 292 2383; x_wconf 89' lang='lat'>—</span> <span class='ocrx_word' id='word_1_170' title='bbox 325 2353 376 2395; x_wconf 89' lang='lat' dir='ltr'>V.</span> <span class='ocrx_word' id='word_1_171' title='bbox 405 2355 488 2396; x_wconf 87' lang='lat'>136</span> <span class='ocrx_word' id='word_1_172' title='bbox 524 2355 749 2412; x_wconf 79' lang='lat' dir='ltr'>Suspensa</span> <span class='ocrx_word' id='word_1_173' title='bbox 778 2357 989 2412; x_wconf 75' lang='lat' dir='ltr'>strepitus</span> <span class='ocrx_word' id='word_1_174' title='bbox 1027 2358 1276 2414; x_wconf 74' lang='lat' dir='ltr'>(suspensas</span> <span class='ocrx_word' id='word_1_175' title='bbox 1310 2359 1507 2414; x_wconf 73' lang='lat' dir='ltr'>trepidis,</span> <span class='ocrx_word' id='word_1_176' title='bbox 1540 2360 1607 2402; x_wconf 88' lang='lat' dir='ltr'>vel</span> 
     </span>
     <span class='ocr_line' id='line_1_26' title="bbox 110 2425 1607 2483; baseline 0.003 -15"><span class='ocrx_word' id='word_1_177' title='bbox 110 2425 321 2482; x_wconf 79' lang='lat' dir='ltr'>trepidus,</span> <span class='ocrx_word' id='word_1_178' title='bbox 347 2427 414 2469; x_wconf 85' lang='lat' dir='ltr'>vel</span> <span class='ocrx_word' id='word_1_179' title='bbox 435 2427 636 2483; x_wconf 79' lang='lat' dir='ltr'>trepitus,</span> <span class='ocrx_word' id='word_1_180' title='bbox 670 2428 804 2482; x_wconf 87' lang='lat' dir='ltr'>codd.)</span> <span class='ocrx_word' id='word_1_181' title='bbox 825 2432 866 2470; x_wconf 89' lang='lat' dir='ltr'>et</span> <span class='ocrx_word' id='word_1_182' title='bbox 884 2429 1098 2472; x_wconf 91' lang='lat' dir='ltr'>soloecum</span> <span class='ocrx_word' id='word_1_183' title='bbox 1118 2434 1182 2472; x_wconf 87' lang='lat' dir='ltr'>est</span> <span class='ocrx_word' id='word_1_184' title='bbox 1200 2435 1241 2473; x_wconf 91' lang='lat' dir='ltr'>et</span> <span class='ocrx_word' id='word_1_185' title='bbox 1259 2435 1407 2472; x_wconf 85' lang='lat' dir='ltr'>contra</span> <span class='ocrx_word' id='word_1_186' title='bbox 1424 2435 1607 2474; x_wconf 86' lang='lat' dir='ltr'>metrum</span> 
     </span>
     <span class='ocr_line' id='line_1_27' title="bbox 108 2498 1606 2558; baseline 0.004 -19"><span class='ocrx_word' id='word_1_187' title='bbox 108 2500 253 2553; x_wconf 85' lang='lat' dir='ltr'>peccat</span> <span class='ocrx_word' id='word_1_188' title='bbox 296 2498 358 2552; x_wconf 86' lang='lat' dir='ltr'>(cf.</span> <span class='ocrx_word' id='word_1_189' title='bbox 402 2498 482 2540; x_wconf 88' lang='lat' dir='ltr'>Ad.</span> <span class='ocrx_word' id='word_1_190' title='bbox 528 2498 717 2554; x_wconf 86' lang='lat' dir='ltr'>Cramer,</span> <span class='ocrx_word' id='word_1_191' title='bbox 761 2513 825 2556; x_wconf 91' lang='lat' dir='ltr'>op.</span> <span class='ocrx_word' id='word_1_192' title='bbox 865 2501 952 2554; x_wconf 81' lang='lat' dir='ltr'>cit,</span> <span class='ocrx_word' id='word_1_193' title='bbox 996 2515 1035 2557; x_wconf 91' lang='lat' dir='ltr'>p.</span> <span class='ocrx_word' id='word_1_194' title='bbox 1070 2503 1257 2544; x_wconf 82' lang='lat'>17—18</span> <span class='ocrx_word' id='word_1_195' title='bbox 1301 2525 1347 2536; x_wconf 90' lang='lat'><strong><em>=</em></strong></span> <span class='ocrx_word' id='word_1_196' title='bbox 1395 2504 1606 2558; x_wconf 73' lang='lat'>73—74).</span> 
     </span>
     <span class='ocr_line' id='line_1_28' title="bbox 107 2567 1604 2630; baseline 0.004 -19"><span class='ocrx_word' id='word_1_197' title='bbox 107 2567 328 2612; x_wconf 78' lang='lat' dir='ltr'>Bentleius</span> <span class='ocrx_word' id='word_1_198' title='bbox 357 2571 560 2613; x_wconf 85' lang='lat' dir='ltr'>restituit:</span> <span class='ocrx_word' id='word_1_199' title='bbox 597 2571 821 2627; x_wconf 80' lang='lat' dir='ltr'>Suspensa</span> <span class='ocrx_word' id='word_1_200' title='bbox 850 2573 901 2614; x_wconf 89' lang='lat' dir='ltr'>in</span> <span class='ocrx_word' id='word_1_201' title='bbox 932 2574 1150 2629; x_wconf 78' lang='lat' dir='ltr'>strepitus.</span> <span class='ocrx_word' id='word_1_202' title='bbox 1195 2573 1287 2630; x_wconf 87' lang='lat' dir='ltr'>Ego</span> <span class='ocrx_word' id='word_1_203' title='bbox 1313 2575 1604 2630; x_wconf 89' lang='lat' dir='ltr'>praetulerim:</span> 
     </span>
     <span class='ocr_line' id='line_1_29' title="bbox 112 2638 1607 2700; baseline 0.004 -17"><span class='ocrx_word' id='word_1_204' title='bbox 112 2638 334 2696; x_wconf 73' lang='lat' dir='ltr'>Suspensa</span> <span class='ocrx_word' id='word_1_205' title='bbox 362 2643 427 2684; x_wconf 89' lang='lat' dir='ltr'>ad</span> <span class='ocrx_word' id='word_1_206' title='bbox 454 2643 673 2698; x_wconf 76' lang='lat' dir='ltr'>strepitus.</span> <span class='ocrx_word' id='word_1_207' title='bbox 735 2643 800 2686; x_wconf 92' lang='lat' dir='ltr'>De</span> <span class='ocrx_word' id='word_1_208' title='bbox 831 2644 912 2687; x_wconf 92' lang='lat' dir='ltr'>hoc</span> <span class='ocrx_word' id='word_1_209' title='bbox 942 2646 1178 2700; x_wconf 74' lang='lat' dir='ltr'>particulae</span> <span class='ocrx_word' id='word_1_210' title='bbox 1209 2647 1267 2689; x_wconf 89' lang='lat' dir='ltr'>ad</span> <span class='ocrx_word' id='word_1_211' title='bbox 1296 2660 1381 2688; x_wconf 86' lang='lat' dir='ltr'>usu</span> <span class='ocrx_word' id='word_1_212' title='bbox 1411 2660 1447 2688; x_wconf 77' lang='lat' dir='ltr'>v,</span> <span class='ocrx_word' id='word_1_213' title='bbox 1474 2646 1607 2689; x_wconf 90' lang='lat' dir='ltr'>Drae-</span> 
     </span>
     <span class='ocr_line' id='line_1_30' title="bbox 109 2711 784 2770; baseline 0.004 -16"><span class='ocrx_word' id='word_1_214' title='bbox 109 2711 199 2769; x_wconf 73' lang='lat' dir='ltr'>ger,</span> <span class='ocrx_word' id='word_1_215' title='bbox 228 2712 343 2756; x_wconf 84' lang='lat' dir='ltr'>Hist.</span> <span class='ocrx_word' id='word_1_216' title='bbox 377 2713 521 2770; x_wconf 63' lang='lat' dir='ltr'>Synt„</span> <span class='ocrx_word' id='word_1_217' title='bbox 556 2715 582 2769; x_wconf 65' lang='grc' dir='ltr'>ξ</span> <span class='ocrx_word' id='word_1_218' title='bbox 609 2716 714 2770; x_wconf 88' lang='grc'>252,</span> <span class='ocrx_word' id='word_1_219' title='bbox 746 2717 784 2757; x_wconf 84' lang='lat'>4.</span> 
     </span>
    </p>
   </div>
   <div class='ocr_carea' id='block_1_10' title="bbox 226 2841 1424 3061">
    <p class='ocr_par' dir='ltr' id='par_1_12' title="bbox 226 2841 1424 3061">
     <span class='ocr_line' id='line_1_31' title="bbox 226 2841 723 2901; baseline 0.006 -15"><span class='ocrx_word' id='word_1_220' title='bbox 226 2841 272 2886; x_wconf 82' lang='lat' dir='ltr'>L.</span> <span class='ocrx_word' id='word_1_221' title='bbox 301 2843 361 2901; x_wconf 93' lang='lat' dir='ltr'>V,</span> <span class='ocrx_word' id='word_1_222' title='bbox 390 2858 428 2887; x_wconf 84' lang='lat' dir='ltr'>v.</span> <span class='ocrx_word' id='word_1_223' title='bbox 458 2846 723 2889; x_wconf 86' lang='lat'>150—151:</span> 
     </span>
     <span class='ocr_line' id='line_1_32' title="bbox 252 2926 1390 2990; baseline 0.005 -20"><span class='ocrx_word' id='word_1_224' title='bbox 252 2926 589 2986; x_wconf 71' lang='lat' dir='ltr'>Ptomieibusque</span> <span class='ocrx_word' id='word_1_225' title='bbox 619 2931 737 2974; x_wconf 81' lang='lat' dir='ltr'>cavis</span> <span class='ocrx_word' id='word_1_226' title='bbox 767 2932 991 2975; x_wconf 74' lang='lat' dir='ltr'>horrentia</span> <span class='ocrx_word' id='word_1_227' title='bbox 1020 2933 1214 2976; x_wconf 83' lang='lat' dir='ltr'>membra</span> <span class='ocrx_word' id='word_1_228' title='bbox 1238 2934 1390 2990; x_wconf 78' lang='lat' dir='ltr'>polire,</span> 
     </span>
     <span class='ocr_line' id='line_1_33' title="bbox 251 2998 1424 3061; baseline 0.004 -19"><span class='ocrx_word' id='word_1_229' title='bbox 251 2998 390 3056; x_wconf 81' lang='lat' dir='ltr'>Atque</span> <span class='ocrx_word' id='word_1_230' title='bbox 420 3001 557 3045; x_wconf 84' lang='lat' dir='ltr'>odisse</span> <span class='ocrx_word' id='word_1_231' title='bbox 588 3003 754 3059; x_wconf 83' lang='lat' dir='ltr'>virum,</span> <span class='ocrx_word' id='word_1_232' title='bbox 786 3004 1028 3060; x_wconf 81' lang='lat' dir='ltr'>sterilisque</span> <span class='ocrx_word' id='word_1_233' title='bbox 1059 3008 1206 3061; x_wconf 80' lang='lat' dir='ltr'>optare</span> <span class='ocrx_word' id='word_1_234' title='bbox 1238 3006 1424 3049; x_wconf 75' lang='lat' dir='ltr'>lacertos.</span> 
     </span>
    </p>
   </div>
  </div>
 </body>
</html>
