1936 3392
950 281 1156 321 „14-

505 394 576 430 Sed
597 391 757 427 nimium
776 390 975 438 indulgens
993 391 1103 426 rebus
1125 391 1288 426 Fortuna
1308 391 1478 426 secundis

504 444 647 480 Invidet
663 444 701 478 in
720 442 817 478 facie
838 443 1017 489 saevitque
1037 442 1242 488 asperrima
1260 442 1377 479 fronti
1395 444 1422 478 ¹.

320 561 451 606 Quam
478 559 652 598 fortunae
687 558 880 597 invidiam
908 558 970 597 vir
990 558 1246 597 acutissimus
1274 559 1316 597 in
1342 558 1452 610 facie
1472 559 1622 598 Tiberii
1642 559 1791 612 depre—

320 623 477 671 hendit,
509 623 551 661 in
586 635 668 674 qua
697 621 917 661 Suetonius
939 621 1064 660 tradit
1092 622 1248 661 crebros
1281 636 1327 661 ac
1361 622 1510 661 subitos
1552 624 1789 675 apparuisse

323 693 509 726 tumores.
541 686 670 725 Credo
703 685 907 736 equidem,
935 684 967 724 si
993 685 1069 724 hos
1097 690 1277 725 tumores
1314 686 1504 725 Manilius
1539 687 1667 726 oculis
1699 687 1789 726 ani-

322 749 620 796 madvertisset,
641 761 722 788 non
744 762 837 787 eum
858 749 1175 788 commissurum
1194 749 1317 788 fuisse
1337 753 1383 788 ut
1403 749 1494 789 illos
1513 750 1555 788 in
1575 750 1792 790 scribendo

322 814 421 853 Urbi
441 818 480 852 et
499 813 595 852 Orbi
613 818 653 852 et
676 813 848 864 posteris
872 813 1133 851 denuntiaret
1157 825 1164 851 :
1188 825 1287 851 num
1314 813 1422 852 enim
1446 813 1675 852 incuriosus
1694 826 1788 865 pro-

324 878 424 929 priae
452 878 595 916 formae
629 889 753 928 supra
784 876 1011 915 humanam
1041 876 1378 915 consuetudinem
1407 876 1533 915 homo
1566 878 1792 916 Germanus

323 941 542 991 ignoravit,
565 953 648 979 non
675 944 759 979 tam
784 940 975 979 acerbam
1002 939 1206 991 plerisque
1230 939 1474 979 mortalibus
1499 939 1725 979 multorum
1749 940 1792 979 in

325 1005 463 1043 animo
483 1004 676 1043 vitiorum
696 1016 821 1055 quam
843 1004 1013 1055 alicujus
1030 1003 1073 1041 in
1093 1015 1162 1043 ore
1182 1003 1447 1054 turpitudinis
1468 1016 1552 1043 esse
1569 1003 1792 1055 reprehen-

325 1068 508 1107 sionem?
525 1069 806 1119 Praeterquam
827 1067 951 1118 quod,
967 1071 1011 1106 ut
1029 1067 1071 1105 in
1091 1079 1138 1106 eo
1160 1067 1271 1118 quod
1288 1067 1438 1106 dicitur
1458 1067 1687 1106 Germanici
1704 1067 1797 1106 the-

326 1135 450 1180 mate,
471 1131 530 1170 ita
548 1131 589 1170 in
609 1131 758 1170 Tiberii
779 1143 943 1182 quoque
961 1131 1184 1182 praedicata
1208 1131 1251 1169 in
1278 1131 1512 1169 universum
1537 1131 1642 1181 signi
1667 1130 1795 1170 virtus

326 1195 496 1246 proprio
517 1196 697 1246 quodam
718 1194 907 1246 exemplo
929 1207 976 1233 ex
1003 1194 1183 1233 historiis
1212 1194 1334 1233 ducto
1352 1194 1583 1233 illustratur
1603 1208 1610 1232 :
1634 1198 1796 1234 nam-ut

326 1259 408 1298 illic
429 1259 592 1298 Servius
612 1258 813 1309 Sulpicius
829 1261 1098 1306 memoratur,
1119 1258 1177 1296 ita
1195 1258 1261 1296 hic
1281 1258 1322 1296 in
1343 1257 1446 1297 facie
1463 1257 1691 1306 Annibalis,
1712 1269 1796 1297 non

328 1322 493 1371 Tiberii,
512 1321 703 1359 invidisse
725 1334 771 1360 ac
791 1322 966 1360 saeviisse
986 1322 1167 1360 Fortuna
1188 1321 1428 1360 ostenditur.

514 1424 731 1459 Horrendus
746 1424 845 1459 bello
866 1423 1037 1459 Trebiam
1059 1425 1279 1470 Cannasque
1296 1424 1495 1470 lacumque

513 1478 606 1512 Ante
626 1476 756 1522 fugam
776 1476 844 1511 tali
862 1476 1046 1522 pensabat
1065 1476 1232 1522 imagine
1249 1475 1366 1511 victor
1386 1476 1415 1511 ².

329 1593 456 1632 Miror
482 1605 579 1631 sane
618 1593 807 1631 eumdem
842 1592 1177 1632 delicatissimum
1209 1592 1357 1639 virum,
1392 1592 1461 1643 qui
1499 1592 1591 1631 ideo
1622 1591 1800 1631 noluerit

330 1656 538 1707 scripsisse
564 1656 775 1695 Manilium
804 1656 879 1694 sub
905 1657 1088 1706 Augusto
1118 1656 1315 1712 principe,
1340 1655 1437 1707 quia
1461 1655 1503 1694 in
1529 1668 1577 1695 eo
1600 1655 1709 1694 Visus
1741 1659 1802 1694 est

331 1732 498 1770 carpere
515 1720 580 1759 vel
597 1719 874 1769 ignorantiam
894 1720 956 1758 vel
973 1719 1264 1770 negligentiam
1285 1718 1510 1758 caelestium
1531 1719 1800 1766 monitorum,

331 1783 439 1822 unde
458 1783 557 1823 Vari
574 1783 709 1822 clades
731 1783 959 1834 praesentiri
977 1787 1182 1834 potuerat,
1202 1783 1259 1821 ita
1280 1782 1468 1822 alludens
1491 1795 1500 1822 :

519 1888 625 1933 Saepe
646 1887 750 1922 domi
768 1888 878 1933 culpa
899 1889 955 1922 est
977 1898 985 1922 :
1007 1887 1192 1922 nescimus
1215 1887 1366 1922 credere
1387 1886 1479 1922 coelo
1497 1887 1530 1929 ³3

333 2002 474 2051 miror,
502 2003 688 2054 inquam,
723 2003 794 2054 qui
820 2007 903 2042 tam
932 2006 1168 2054 promptum
1198 2001 1249 2040 ad
1278 2000 1547 2040 offensionem
1574 2000 1804 2051 Augustum

334 2066 565 2115 crediderit,
592 2067 782 2105 eumdem
815 2066 917 2105 adeo
952 2065 1109 2105 lentum
1137 2065 1342 2104 Tiberium
1376 2064 1554 2111 duxisse,
1591 2064 1642 2102 ab
1674 2075 1804 2115 eoque

334 2130 548 2170 Manilium
569 2130 692 2169 modo
713 2130 960 2181 prudentem
981 2142 1026 2168 ac
1047 2129 1235 2168 timidum
1261 2128 1370 2180 quod
1391 2128 1441 2167 ad
1461 2129 1690 2177 Augustum
1710 2139 1807 2178 per-

334 2194 452 2242 tinet,
474 2194 598 2233 modo
619 2194 819 2234 audacem
845 2206 892 2233 ac
914 2193 1089 2233 liberum
1116 2192 1228 2244 quod
1248 2192 1300 2231 ad
1329 2191 1552 2238 Tiberium,
1573 2189 1805 2242 judicatum

335 2257 474 2297 fuisse.

388 2322 468 2359 Nec
486 2320 587 2359 mihi
602 2333 763 2360 necesse
784 2333 869 2360 esse
887 2320 1050 2360 videtur
1067 2319 1268 2372 templum
1290 2319 1423 2359 Fortis
1441 2320 1634 2358 Fortunae
1652 2330 1677 2357 a
1693 2317 1810 2357 Tibe-

337 2384 398 2423 rio
413 2384 645 2423 dedicatum
662 2384 784 2423 fuisse
806 2396 914 2423 anno
935 2384 1055 2423 Urbis
1070 2385 1159 2430 770,
1178 2386 1400 2435 antequam
1420 2381 1612 2423 Manilius
1632 2381 1808 2427 scribere

338 2451 477 2499 posset
498 2460 506 2487 ε

664 2534 802 2569 Faveat
823 2544 964 2580 magno
986 2534 1149 2568 Fortuna
1166 2532 1286 2568 labori
1305 2534 1334 2568 ὁ.

385 2649 414 2679 1.
431 2648 564 2688 Manil.‚
584 2648 733 2685 Astron„
757 2649 812 2687 IV,
834 2649 986 2680 564-565.

381 2695 412 2726 2.
433 2695 498 2735 Id.,
519 2694 615 2731 ibid„
636 2695 691 2734 IV,
712 2696 862 2726 566-567.

381 2742 412 2773 3.
433 2741 498 2781 Id.,
519 2741 611 2778 ibid„
635 2742 660 2780 1,
680 2742 752 2773 905.
771 2759 810 2764 —
830 2741 960 2778 Freier,
979 2750 1033 2781 op.
1055 2740 1092 2777 l.,
1113 2749 1148 2780 p.
1170 2741 1218 2772 30.

382 2789 413 2819 4.
433 2787 566 2827 Manil.,
585 2788 733 2825 Astron„
756 2789 782 2828 Ι,
800 2789 870 2820 114.
888 2804 926 2811 -
943 2787 1070 2826 Freier,
1091 2795 1123 2826 p.
1145 2787 1195 2818 17.
