1910 3250
970 242 1243 281 ..40-

384 362 482 399 satis
511 362 628 410 certa,
646 361 732 398 visa
758 363 831 409 est,
866 360 965 399 adeo
992 361 1270 409 labefactatur,
1296 367 1340 401 ut
1367 366 1454 402 tota
1482 375 1580 412 quae
1607 364 1665 401 ibi
1692 365 1828 414 posita

382 433 443 466 est
478 428 526 466 de
559 429 672 466 vivo
700 428 890 477 Augusto
925 429 1218 478 argumentatio
1247 433 1406 468 corruat
1433 434 1472 468 et
1499 431 1548 482 ad
1577 431 1743 469 nihilum
1767 443 1827 470 re-

382 495 553 544 digatur.

487 562 604 611 Quod
647 563 820 601 effecisse
862 574 948 600 cum
988 574 1092 600 nunc
1128 564 1284 611 quidem
1318 564 1415 602 satis
1451 565 1514 613 sit,
1554 565 1830 603 labefactatam

381 630 663 677 relinquamus,
698 633 743 668 ut
780 634 984 680 spectante
1014 630 1184 668 Manilio
1213 631 1417 669 Tiberium
1450 632 1607 680 imperii
1637 623 1831 681 guberna-

381 698 511 735 culum
552 702 685 735 tenere
726 699 844 736 etiam
878 699 1039 736 aliunde
1074 698 1335 746 exploremus.
1393 699 1566 736 Restant
1597 699 1700 738 enim
1733 711 1830 737 non-

382 765 482 802 nulli
520 764 611 813 loci,
647 771 746 813 quos
782 770 1001 804 monstrare
1030 778 1075 803 ac
1102 766 1344 814 perlustrare
1371 767 1421 804 ab
1447 766 1565 804 huius
1591 767 1736 816 capitis
1764 779 1831 804 na·

381 836 474 871 tura
502 833 580 870 iam
607 834 779 871 alienum
807 846 887 871 non
915 838 987 872 est.

484 900 661 938 Primum
696 900 796 938 duco
834 901 883 938 ad
920 901 994 949 IV,
1027 902 1238 949 236-237‚
1275 901 1417 948 quibus
1453 901 1633 939 versibus
1667 901 1834 951 iungere

384 968 505 1005 libuit
543 967 595 1015 V,
637 968 848 1006 706—707.
910 968 991 1006 Ubi
1032 968 1081 1006 de
1123 968 1412 1017 elephantis
1454 968 1602 1017 scripta
1641 967 1738 1006 haec
1777 968 1832 1006 vi-

388 1035 547 1072 demus:

435 1124 622 1170 „Cumque
649 1125 844 1172 elephante
869 1126 966 1170 loqui
991 1127 1202 1170 tantamque
1229 1127 1355 1171 aptare
1380 1125 1559 1170 loquendo

436 1182 590 1216 Artibus
615 1182 781 1218 humanis
805 1182 905 1216 varia
930 1182 975 1215 ad
1001 1182 1211 1227 spectacula
1235 1182 1364 1217 molem

437 1237 538 1281 (Scil.
564 1238 736 1273 Centauri
760 1240 886 1283 partus
911 1238 1103 1283 delectat);

433 1294 497 1328 Ille
524 1295 656 1339 (Ursae
681 1295 822 1340 partus)
849 1295 1099 1340 elephanta
1123 1294 1254 1339 premit
1279 1294 1385 1328 dorsa
1410 1292 1632 1338 stimulisque
1655 1293 1815 1328 monebit

435 1351 609 1396 Turpiter
632 1352 667 1386 in
691 1354 795 1386 tanto
820 1351 1114 1385 scandentem
1139 1350 1296 1395 pondere
1320 1350 1482 1384 funes.“

388 1441 499 1488 Quae
527 1442 648 1478 verba
676 1441 708 1478 si
739 1445 860 1488 stant,
897 1441 1120 1489 quintum
1155 1440 1293 1478 saltem
1320 1441 1496 1489 probant
1520 1439 1836 1478 Astronomicon

384 1509 530 1547 librum
556 1509 819 1558 compositum
846 1520 932 1547 esse
958 1508 1110 1546 Tiberii
1139 1511 1283 1546 aetate.
1323 1507 1427 1546 Nam
1446 1507 1660 1546 Suetonius
1688 1507 1729 1545 in
1755 1508 1849 1547 vita·

386 1576 560 1615 Galbae:
607 1576 872 1624 „Honoribus
921 1580 1012 1614 ante
1056 1576 1276 1624 legitimum
1318 1580 1471 1625 tempus
1512 1576 1644 1623 initis,
1693 1576 1838 1625 inquit,

387 1649 550 1694 praetor
597 1644 874 1682 commissione
922 1644 1103 1681 ludorum
1143 1643 1366 1681 Floralium
1407 1655 1580 1680 novum
1621 1643 1838 1692 spectaculi

387 1722 525 1760 genua
554 1712 788 1761 elephantos
816 1711 1083 1759 funambulos,
1111 1711 1277 1749 edidiffl.
1318 1711 1411 1749 Hoc
1437 1714 1568 1749 autem
1595 1711 1741 1749 factum
1767 1715 1840 1759 est,

388 1780 466 1816 nisi
516 1780 643 1816 omnis
691 1790 883 1816 annorum
933 1778 1037 1816 ratio
1086 1779 1211 1825 fallit,
1251 1790 1337 1816 cum
1380 1777 1511 1816 Galba
1549 1778 1653 1816 diem
1693 1778 1842 1817 obierit

387 1847 647 1896 septuaginta
682 1847 782 1884 duos
816 1858 942 1884 annos
971 1848 1088 1884 natus
1122 1859 1156 1884 a.
1185 1846 1236 1883 U.
1264 1848 1350 1894 822,
1388 1846 1513 1884 multo
1548 1850 1644 1895 post
1674 1847 1840 1884 mortem

390 1914 617 1952 Octaviani.
672 1913 751 1952 Sed
787 1914 989 1951 fatendum
1023 1917 1084 1951 est
1117 1913 1351 1962 elephantos
1383 1913 1636 1951 funambulos
1664 1925 1744 1951 non
1770 1925 1840 1962 ap-

391 1994 531 2031 parere
566 1982 606 2019 in
642 1981 827 2020 carminis
862 1981 977 2019 libris
1015 1993 1133 2019 manu
1168 1981 1326 2030 scriptis
1363 1980 1431 2018 sed
1464 1979 1678 2030 perductos
1706 1991 1790 2018 esse
1817 1993 1840 2018 a

390 2050 590 2098 Bentleio,
627 2050 689 2087 cui
726 2049 878 2087 bestiae
913 2049 1085 2097 turpiter
1121 2049 1162 2086 in
1196 2052 1310 2086 tanto
1346 2048 1522 2097 pondere
1551 2042 1742 2086 cunctis
1769 2059 1842 2094 cer

389 2117 562 2155 dentes
590 2129 729 2166 parum
758 2116 880 2166 (apud
908 2117 1135 2165 Manilium)
1163 2116 1395 2166 probabiles
1425 2116 1534 2153 visae
1561 2118 1686 2163 erant,
1715 2127 1841 2164 neque

393 2196 487 2222 vero
521 2185 673 2234 pariter
710 2196 754 2222 ac
786 2185 982 2222 Merkelio
1021 2185 1201 2222 omnibus
1235 2184 1446 2233 placuisse.
1505 2182 1631 2221 Velut
1664 2182 1841 2220 «Iacobus

395 2253 506 2289 nullo
533 2253 772 2290 reclamante
793 2252 964 2290 Manilio
995 2252 1077 2289 sine
1105 2252 1226 2289 dubio
1255 2251 1382 2289 literis
1411 2249 1645 2298 quibusdam
1671 2262 1694 2287 a
1721 2250 1842 2287 libra-

394 2321 463 2357 riis
492 2320 676 2358 fraudato
706 2320 958 2369 elephantum
985 2320 1185 2369 punctis
1214 2319 1416 2356 cedentem
1443 2317 1730 2355 restituendum
1756 2328 1842 2355 esse

393 2389 559 2425 censuit.
626 2386 705 2434 Qui
746 2399 831 2425 cum
871 2391 1015 2436 poetae
1049 2387 1274 2425 satisfacere
1313 2385 1478 2423 celerius
1514 2385 1696 2422 videatur
1729 2395 1844 2432 quam

398 2455 651 2493 funambulus
680 2467 759 2492 uon
787 2455 870 2492 sine
899 2455 1003 2492 omni
1032 2455 1071 2492 vi
1099 2454 1297 2501 incedens,
1326 2452 1494 2501 singulis
1522 2452 1676 2490 artibus
1697 2455 1844 2489 cetera-

396 2535 482 2562 rum
509 2523 725 2560 bestiarum
765 2522 832 2570 (V,
862 2522 1076 2571 702—710)
1113 2534 1192 2559 non
1220 2520 1457 2559 enumeratis
1485 2519 1618 2557 nescio
1645 2531 1697 2556 an
1724 2518 1843 2556 maio-

396 2603 478 2629 rem
519 2590 692 2639 Jacobo,
737 2590 805 2638 qui
846 2590 1079 2639 elephantos
1122 2589 1372 2626 funambulos
1412 2587 1523 2637 prius
1565 2586 1844 2635 comprobatos

396 2659 483 2706 ipse
524 2658 647 2706 misit,
691 2658 805 2695 fidem
844 2658 989 2696 habere
1030 2658 1203 2695 debeam.
1266 2657 1407 2704 Itaque
1446 2667 1527 2692 non
1560 2653 1770 2691 iuraverim
1802 2653 1843 2690 in

397 2727 518 2765 verba
547 2737 700 2776 eorum,
729 2726 796 2774 qui
824 2726 866 2764 in
893 2725 1015 2763 variis
1044 2724 1281 2775 spectaculis
1309 2723 1383 2771 IV,
1412 2723 1484 2762 237
1512 2721 1630 2761 etiam
1656 2720 1846 2759 exercitia
