1910 3250
763 238 1046 278 „39-

158 363 320 405 errare?
377 364 487 414 Quin
521 364 655 414 etiam,
692 367 739 403 ut
766 367 921 403 ceteras
949 362 1128 413 ineptias
1156 362 1301 402 merito
1331 362 1496 406 silentio
1525 373 1640 414 prae-

158 437 320 487 teream,
355 433 536 473 Jacobus
571 446 657 472 eam
693 434 735 471 in
770 432 1203 489 suspicionempvenity
1239 436 1285 470 ut
1312 431 1467 472 cladem
1494 431 1640 470 Varia-

161 515 252 542 nam
282 505 378 542 ante
413 514 611 541 secessum
637 501 845 541 Rhodium
878 502 1072 541 accidisse
1103 501 1264 552 opinari
1292 501 1491 540 videatur.
1544 500 1641 539 Non

161 572 268 612 enim
296 571 529 622 explicavit,
565 571 668 610 duae
696 571 790 610 illae
819 571 1056 620 sententiae,
1087 582 1188 620 quae
1217 575 1311 609 sunt
1338 571 1468 609 altera
1495 569 1640 621 (praef,

158 653 198 692 p.
229 640 312 691 17):
345 640 473 679 Primi
501 641 596 679 libri
625 641 768 690 scripti
798 643 894 679 sunt
923 640 1090 678 Tiberio
1121 640 1260 679 Rhodi
1290 640 1481 679 exulante
1511 649 1640 688 neque

158 721 334 760 unquam
361 710 543 748 ultimam
570 721 728 748 manum
755 709 940 759 experti“
969 709 1098 748 altera
1126 709 1242 759 prius
1269 709 1327 762 (p.
1350 708 1414 758 16)
1443 707 1641 747 iudicata:

157 779 338 819 Primum
365 779 513 818 librum
541 791 622 818 non
650 779 720 817 diu
747 783 844 829 post
872 778 1024 816 cladem
1052 778 1277 820 Varianam
1303 774 1463 816 finitum
1489 777 1641 815 dicas.“

157 870 208 878 --
242 861 415 899 quanam
449 853 565 899 parte
600 849 874 887 cohaererent.
931 847 1001 885 An
1037 847 1166 886 libros
1193 847 1237 885 ΙΙ
1273 850 1315 886 et
1340 846 1407 886 III
1435 850 1530 884 ante
1557 845 1640 896 pri-

157 930 264 958 mum
296 931 320 958 a
352 922 476 968 poeta
512 920 630 968 putat
665 929 752 956 esse
786 917 1020 958 confectos?
1076 917 1189 956 Haec
1227 929 1290 955 res
1319 916 1507 955 inaudita
1534 916 1643 955 foret

159 987 202 1026 in
235 987 443 1026 literarum
471 987 745 1027 Romanarum
780 987 965 1025 historia.
1019 987 1087 1025 An
1116 987 1244 1025 cladis
1274 986 1519 1025 mentionem
1546 985 1639 1036 plus

162 1057 292 1096 lustro
321 1060 419 1108 post
446 1057 638 1096 incohata
655 1058 949 1097 Astronomica
978 1057 1095 1106 quasi
1123 1056 1297 1095 calidam
1316 1067 1402 1095 esse
1423 1054 1640 1095 insertam?

160 1125 254 1166 Hoc
279 1126 487 1165 iudicandi
516 1127 628 1166 nulla
655 1140 824 1178 prorsus
854 1128 1092 1168 conceditur
1118 1128 1318 1176 potestas.

261 1195 420 1246 Itaque,
457 1208 507 1235 ne
542 1197 692 1235 multus
729 1197 815 1246 sim,
851 1198 959 1246 quod
995 1197 1037 1235 in
1075 1194 1248 1234 carmine
1284 1193 1441 1232 Tiberii
1477 1193 1643 1232 exilium

163 1268 315 1304 tactum
342 1276 428 1304 esse
457 1266 689 1316 conicimus,
720 1266 798 1304 hoc
825 1266 876 1304 iis
899 1271 1055 1305 tantum
1073 1264 1272 1312 versibus,
1302 1263 1370 1312 qui
1391 1263 1433 1301 in
1454 1262 1559 1301 libro
1579 1262 1644 1301 IV

161 1333 211 1373 de
239 1333 379 1373 Rhodi
414 1334 610 1373 felicitate
638 1335 850 1385 habentur,
887 1346 1100 1386 possumus
1129 1332 1426 1383 quodammodo
1455 1332 1644 1382 probare.

162 1403 403 1453 Quanquam
432 1403 529 1453 quid
557 1403 650 1443 dico
679 1404 880 1454 probare?
921 1403 1069 1443 Nonne
1098 1403 1171 1442 illo
1200 1402 1387 1454 principe
1415 1400 1521 1439 alios
1546 1412 1644 1450 quo·

165 1484 255 1523 que,
284 1473 355 1522 qui
383 1477 424 1512 et
450 1473 530 1524 ipsi
559 1473 780 1523 aliquando
810 1474 960 1512 recturi
980 1474 1118 1512 orbem
1136 1477 1335 1512 terrarum
1354 1473 1484 1519 erant,
1511 1470 1645 1510 insula

141 1541 333 1592 ·Virgini
362 1542 543 1581 obnoxia
570 1543 731 1581 liberali
760 1542 942 1593 hospitio
971 1541 1147 1592 accipit?
1188 1541 1326 1579 Unum
1354 1539 1515 1590 quidem
1537 1539 1645 1578 inter

163 1622 299 1650 omnes
341 1614 504 1650 constat
543 1612 653 1662 apud
692 1611 880 1650 Rhodios
922 1616 1126 1650 versatum
1167 1622 1255 1650 esse
1297 1609 1449 1649 maiore
1488 1609 1643 1648 honore

163 1691 283 1730 quam
309 1682 505 1719 maestum
533 1681 647 1720 illum
674 1681 819 1720 Liviae
847 1681 985 1720 filium.
1028 1681 1213 1719 Auctore
1241 1679 1349 1718 enim
1378 1677 1523 1717 Tacito
1545 1677 1644 1717 Ger-

162 1749 360 1789 manicam
396 1749 582 1789 novimus
618 1750 812 1789 suadente
839 1754 957 1801 patre
986 1749 1028 1787 in
1057 1748 1200 1787 Asiam
1226 1748 1564 1799 proficiscentem,
1599 1752 1645 1786 ut

160 1822 315 1858 motum
343 1818 552 1858 Orientem
588 1823 767 1869 pacaret,
803 1831 890 1858 cum
925 1830 1068 1857 navem
1103 1818 1145 1856 in
1171 1817 1345 1856 traiectu
1375 1817 1426 1855 ad
1455 1816 1647 1856 Rhodum

162 1887 402 1938 appulisset,
442 1888 522 1926 hoc
562 1888 653 1926 loco
695 1887 855 1937 aliquot
894 1888 981 1926 dies
1022 1888 1198 1927 animum
1242 1886 1456 1925 remisisse.
1523 1885 1647 1925 Alter

164 1958 318 2005 autem,
361 1956 558 1996 Claudius
597 1955 732 2004 Nero,
776 1958 845 2006 qui
885 1957 1159 2008 principatum
1200 1955 1373 2006 adeptus
1416 1955 1648 1993 libertatem

162 2024 340 2064 Rhodiis
375 2024 603 2075 ademptam
640 2025 831 2075 reddidit,
866 2026 1028 2064 videtur
1062 2037 1132 2064 eos
1166 2025 1330 2074 adiisse,
1365 2027 1412 2063 ut
1444 2024 1496 2062 ad
1531 2023 1647 2062 resti·

163 2093 352 2133 tuendam
381 2093 501 2132 Jovis
529 2095 744 2144 colossum,
782 2095 851 2144 qui
879 2099 1010 2134 terrae
1038 2098 1150 2134 motu
1179 2093 1424 2143 conciderat,
1452 2092 1646 2143 pecunias

161 2162 335 2202 afferret.
395 2162 500 2202 Nam
544 2163 630 2202 eius
672 2165 787 2213 quasi
829 2164 998 2202 alterius
1035 2163 1145 2203 Solis
1187 2163 1230 2201 in
1270 2163 1469 2202 honorem
1512 2162 1648 2201 ferunt

161 2230 424 2282 Antiphilam
451 2232 722 2282 Byzantinum
751 2233 998 2283 epigramma
1026 2231 1329 2282 conscripsisse,
1368 2231 1476 2281 quod
1505 2231 1646 2270 inscri-

162 2299 292 2340 bitur:
329 2305 388 2346 Εἰς
412 2306 533 2343 Ῥόδον
564 2310 624 2355 τὴν
654 2311 763 2355 νῆσον,
793 2307 848 2344 ὅτε
873 2306 992 2358 Νέρων
1023 2310 1056 2343 ἐν
1086 2308 1170 2355 αὒτῇ
1200 2308 1389 2355 παρεγίνετο
1419 2308 1472 2343 διὰ
1501 2307 1558 2343 τὸν
1588 2320 1645 2343 κο-

162 2375 337 2422 λοσσόν.15)
390 2370 527 2420 Atque
569 2372 703 2421 etiam,
747 2371 856 2420 quod
890 2371 942 2409 ad
976 2383 1059 2409 rem
1094 2371 1311 2422 plurimum
1345 2371 1456 2420 facit,
1498 2370 1560 2409 illi
1594 2371 1645 2410 de

166 2439 314 2489 quibus
345 2440 502 2490 agimus
530 2439 626 2478 libri
656 2441 790 2489 quarti
819 2451 958 2479 versus
986 2440 1147 2479 ratione
1176 2444 1216 2478 et
1243 2452 1396 2479 morum
1426 2444 1465 2479 et
1492 2443 1647 2491 tempo-

165 2519 253 2547 rum
286 2508 428 2548 habita
460 2509 602 2548 melius
635 2509 886 2548 conveniunt
915 2508 1155 2548 Germanico
1185 2521 1303 2558 quam
1332 2508 1514 2549 Tiberio.
1556 2508 1648 2558 Qua

163 2587 206 2615 re
250 2580 464 2626 perspecta
509 2578 606 2625 (erit
646 2581 780 2616 autem
819 2579 1008 2629 pluribus
1050 2578 1293 2629 explicanda
1333 2578 1493 2628 postea)
1536 2578 1646 2615 illius

170 2643 341 2694 relegati
374 2646 540 2694 mentio,
574 2658 676 2696 quae
711 2647 820 2698 apud
846 2647 1064 2687 Manilium
1095 2647 1329 2687 hominibus
1356 2646 1489 2686 doctis
1517 2645 1647 2685 adhuc

254 2786 298 2834 15)
323 2788 406 2824 Jac.
431 2798 554 2834 progr.
578 2788 720 2826 Lubec.
744 2802 780 2836 p.
805 2792 837 2827 6.
