1910 3250
719 259 1001 299 -79-

116 384 187 424 ubi
207 383 312 424 Jove
336 383 574 434 plerumque
594 394 736 422 sereno
758 381 1005 422 incunabula
1023 381 1297 421 astronomiae
1315 381 1454 432 posita
1472 380 1597 420 fuere.

115 453 167 492 In
184 452 288 492 Asia
315 463 476 491 necesse
505 455 592 490 erat
618 455 794 502 poetam,
822 451 892 500 qui
920 451 969 490 de
997 450 1110 489 caelo
1140 451 1351 500 stellisque
1379 451 1514 489 dicere
1541 462 1598 488 se-

117 533 207 560 eum
234 521 530 569 constituisset,
557 521 599 558 in
628 521 713 559 dies
742 521 871 570 magis
898 519 1038 558 divino
1067 519 1203 558 inflari
1231 520 1392 570 spiritu,
1422 531 1502 569 quo
1530 532 1598 570 pe-

117 591 228 630 nitus
262 589 458 628 incitante
487 589 620 628 oratio
650 589 760 628 facili
789 590 956 639 negotio
986 589 1160 628 numeris
1189 588 1414 627 includitur
1439 599 1597 626 versus-

118 669 194 709 que
228 679 279 687 —
315 669 433 708 quam
465 661 591 696 artem
618 657 783 695 Manilii
820 657 1075 708 potissimum
1103 657 1313 707 propriam
1340 657 1464 696 fuisse
1493 657 1600 695 inter

117 739 255 768 omnes
291 731 453 766 constat
486 748 536 755 —
572 727 688 776 quasi
724 726 985 766 effunduntur
1017 729 1060 766 et
1086 727 1128 764 in
1156 727 1257 765 locis
1288 737 1448 775 quoque
1476 726 1599 775 impe-

114 796 214 836 ditis
253 797 357 836 bene
396 795 538 834 fluunt.
606 794 711 834 Ecce
751 794 897 833 deinde
939 806 1100 833 causam
1139 794 1483 845 probabiliorem,
1529 805 1599 833 cur

114 866 244 906 multa
282 865 326 904 in
360 863 664 905 Astronomicis
705 863 939 902 incohatum
980 875 1108 914 neque
1150 863 1400 915 perpolitum
1441 875 1599 902 carmen

115 937 342 985 coarguant
368 945 494 984 eaque
522 932 654 983 primo
684 932 837 983 impetu
866 932 972 971 iacta
1000 932 1173 982 iudices;
1206 945 1296 972 ecce
1325 944 1497 983 causam,
1529 944 1600 971 cur

116 1003 352 1054 saepissime
385 1006 427 1042 et
461 1001 795 1053 perspicuitatem
823 1001 1024 1040 orationis
1054 1004 1094 1041 et
1120 1002 1454 1051 aequabilitatem
1481 1002 1524 1040 in
1552 1002 1599 1041 li-

114 1072 201 1112 bris
226 1072 370 1124 primis
397 1071 614 1110 desideres.
655 1070 819 1109 Defecit
836 1071 1023 1120 profecto
1043 1075 1219 1121 poetam,
1247 1083 1336 1111 cum
1356 1072 1484 1110 Asiae
1503 1083 1597 1123 pro-

115 1141 270 1182 vincias
301 1152 506 1192 regnaque
532 1140 780 1190 peragrabat
807 1145 928 1189 atque
957 1141 1076 1179 semel
1105 1141 1147 1178 in
1174 1142 1408 1191 Aegyptum
1436 1152 1478 1180 se
1505 1153 1599 1180 con-

114 1211 283 1261 ferebat,
323 1209 603 1259 tranquillitas
645 1209 718 1247 illa
757 1209 881 1247 animi
923 1209 974 1248 ad
1008 1221 1090 1249 rem
1124 1214 1311 1249 accurate
1346 1210 1600 1250 tractandam

114 1281 284 1321 maxime
312 1279 551 1319 necessaria.
598 1278 739 1328 anue
768 1282 854 1317 tum
880 1278 1038 1317 demum
1067 1279 1128 1318 illi
1158 1279 1294 1329 rediit,
1322 1291 1410 1319 cum
1437 1283 1598 1319 mortuo

115 1349 244 1389 amieo
278 1349 322 1388 in
349 1349 504 1389 Urbem
537 1349 664 1387 redux
700 1348 830 1386 factus
858 1348 996 1387 multis
1025 1349 1228 1387 mensibus
1256 1349 1499 1388 intermissis
1526 1349 1598 1388 tri-

116 1418 319 1458 stissimae
346 1418 440 1456 huic
468 1417 638 1456 orbitati
667 1417 859 1456 solatium
886 1417 1054 1456 invenit.
1111 1417 1213 1468 (Cfr.
1242 1431 1281 1468 p.
1311 1418 1391 1467 43.)

215 1486 279 1526 At
313 1486 466 1526 dixerit
501 1486 702 1536 quispiam
728 1486 826 1524 haec
854 1487 989 1525 omnia
1017 1487 1202 1537 argutius
1231 1487 1505 1536 subtiliusque
1533 1499 1598 1526 ex-

114 1556 297 1606 cogitata
330 1556 394 1595 vel
427 1555 558 1594 minus
595 1555 716 1594 certis
743 1556 992 1604 argumentis
1020 1557 1268 1605 confirmata,
1303 1567 1421 1605 quam
1450 1557 1596 1606 quibus

114 1623 232 1663 fidem
264 1623 414 1663 habere
444 1624 599 1663 homini
626 1624 820 1674 prudenti
849 1624 980 1663 liceat.
1036 1624 1130 1663 Hoc
1158 1625 1331 1663 fortasse
1359 1629 1466 1663 recte
1495 1625 1598 1663 iudi-

114 1695 237 1744 caret,
266 1693 347 1732 nisi
374 1693 417 1732 in
446 1696 592 1743 quarto
611 1692 932 1732 Astronomicon
961 1694 1074 1732 locus
1098 1696 1340 1744 superesset,
1367 1695 1487 1744 unde,
1517 1706 1597 1744 quo

114 1775 222 1803 anno
250 1763 338 1813 ipse
366 1763 543 1813 scriptus
568 1762 634 1811 sit,
663 1763 903 1810 necessario,
931 1767 976 1801 ut
994 1767 1109 1813 puto,
1137 1763 1476 1802 manifestissimis
1497 1763 1599 1802 indi-

115 1833 190 1872 ciis
230 1843 464 1882 cognoscas.
506 1853 557 1860 —
597 1831 692 1870 Hoc
732 1831 823 1870 loco
864 1831 993 1870 totius
1034 1832 1399 1881 argumentationis
1433 1837 1597 1871 nostrae

116 1901 232 1951 quasi
265 1901 387 1940 cardo
422 1901 610 1947 vertitur,
647 1901 847 1949 nobisque
874 1900 1024 1939 dantur
1050 1913 1184 1951 ansae,
1219 1901 1270 1939 ad
1300 1913 1399 1950 quas
1428 1902 1599 1951 alligata

66 1962 72 1973 ’
117 1973 251 2010 cetera
277 1970 472 2019 temporis
500 1969 747 2007 adminicula
773 1981 846 2018 per
875 1981 917 2007 se
946 1969 1037 2018 ipsa
1064 1970 1287 2008 infirmiora
1314 1970 1355 2008 in
1385 1983 1506 2009 unum
1534 1971 1598 2009 fir-

116 2038 415 2087 missimumque
450 2038 569 2076 huius
604 2038 665 2076 rei
699 2038 882 2076 columen
918 2038 1223 2089 coniungamus.
1281 2040 1401 2088 Quod
1437 2041 1472 2078 si
1507 2041 1597 2090 quis

115 2107 300 2150 funditus
328 2110 509 2146 evertere
535 2106 732 2157 potuerit,
759 2106 802 2144 in
831 2117 988 2146 cassum
1015 2119 1061 2146 ac
1089 2108 1241 2147 frustra
1268 2109 1346 2148 hoc
1374 2109 1507 2160 capite
1537 2122 1596 2148 me

114 2175 347 2226 disputasse
382 2187 465 2222 non
499 2174 716 2225 impediam
754 2175 851 2224 quin
886 2181 1060 2226 censeat,
1094 2189 1225 2226 neque
1253 2177 1420 2228 indigne
1447 2179 1597 2229 patiar,

114 2247 162 2285 ut
194 2244 317 2283 etiam
351 2255 401 2283 ex
428 2243 492 2294 iis,
530 2255 631 2293 quae
661 2255 784 2294 supra
812 2256 918 2283 nova
947 2245 1034 2284 luce
1062 2246 1288 2286 illustrasse
1316 2248 1414 2286 mihi
1442 2248 1598 2296 videor,

114 2314 243 2355 multa
269 2313 312 2352 in
339 2313 536 2364 pristinas
555 2313 744 2351 tenebras
764 2314 965 2363 recidant3
995 2315 1030 2352 si
1050 2315 1193 2364 minus,
1223 2328 1482 2366 quaecunque
1503 2317 1605 2356 huic·

113 2382 415 2423 dissertationis
443 2381 554 2432 parti
581 2382 838 2430 antecedunt,
866 2395 913 2421 ea
941 2384 1062 2422 etiam
1091 2385 1257 2424 meliore
1283 2385 1324 2423 in
1345 2386 1494 2424 lumine
1514 2387 1595 2425 col-

115 2451 250 2491 locata
275 2451 354 2490 tibi
381 2450 682 2490 commendabO.
724 2451 899 2491 Utamur
926 2453 1054 2502 igitur
1082 2455 1393 2504 opportunitate
1420 2455 1471 2493 ad
1501 2467 1595 2494 con-

114 2519 335 2558 troversias
356 2518 603 2558 dirimendas
622 2519 730 2558 data.
771 2521 966 2571 Legimus
987 2522 1029 2559 in
1049 2534 1112 2570 eo,
1141 2534 1258 2572 quem
1278 2523 1397 2563 modo
1418 2524 1594 2574 laudavi,

117 2587 226 2627 libro
254 2587 348 2627 inde
378 2600 403 2626 a
431 2598 546 2626 versu
573 2587 650 2637 IV,
678 2590 772 2629 ¹773:

324 2683 568 2731 „HesperIam
594 2695 662 2721 sua
688 2686 804 2723 Libra
828 2689 942 2733 tenet,
966 2699 1039 2735 qua
1063 2690 1213 2725 condita
1236 2691 1358 2727 Roma

324 2741 434 2778 Orbis
459 2744 497 2778 et
519 2742 673 2788 imperio
696 2746 832 2781 retinet
856 2746 1068 2783 discrimina
1092 2758 1210 2784 rerum

321 2799 512 2837 Lancibus
537 2801 577 2835 et
598 2802 731 2846 positis
755 2805 884 2849 gentes
908 2804 1075 2851 tollitque
1099 2806 1317 2853 premitque,
