1930 3320
834 282 1047 324 ..83-

182 373 317 414 multo
343 375 385 412 et
406 370 625 412 scribentis
651 375 693 411 et
720 371 896 424 legentis
923 371 1069 412 labore
1096 376 1364 425 consumpto,
1386 377 1429 413 et
1453 376 1499 413 tu
1520 373 1690 424 doceas,

181 442 224 479 et
254 450 333 490 ego
362 448 630 488 cognoscam,
657 449 750 489 quae
777 436 896 489 signa
919 437 1069 486 lanios,
1098 437 1281 489 aurigas,
1309 437 1556 488 desultores,
1585 440 1692 493 pila-

182 503 282 552 rios,
311 501 576 550 avicularios,
601 505 830 552 minitores,
861 502 1128 554 petauristas,
1163 502 1447 553 funambulos,
1480 506 1694 556 pantomi-

180 581 290 618 mOS,
308 566 616 607 mansuetarios
644 566 880 619 similiaque
906 567 989 607 alia
1009 567 1230 608 hominum
1260 581 1415 620 genera
1442 569 1688 621 informent,

181 646 267 686 qua
293 631 448 672 caelesti
472 631 627 671 virtute
646 631 690 671 hi
707 632 841 672 crines
861 632 1048 673 molliter
1071 638 1342 686 componant,
1367 634 1411 673 hi
1431 647 1572 675 secum
1599 649 1694 677 mo-

182 696 320 737 dulari
346 695 536 737 soleant‘?
562 698 670 736 Num
699 709 854 749 magna
879 698 953 738 illa
981 711 1029 738 ac
1059 698 1202 738 divina
1230 711 1409 750 corpora
1435 700 1486 739 ad
1515 701 1693 754 pusillas

181 774 248 802 res
282 765 380 802 sunt
414 761 701 814 demittenda?
733 763 862 816 Atqui
893 763 927 802 si
961 776 1013 803 ex
1046 764 1187 804 animo
1223 762 1435 804 salubrem
1471 765 1690 807 scientiam

182 826 395 881 professus
433 826 595 876 fuisses,
623 840 709 867 non
741 840 791 868 ea
824 833 1090 881 ornamenta,
1125 841 1211 868 non
1242 841 1336 868 eam
1370 829 1691 872 delectationem

184 905 294 933 esses
314 895 498 932 sectatus
522 903 532 932 :
555 896 596 932 et
617 893 782 944 magnis
809 894 1012 946 exemplis
1039 893 1330 934 efficacitatem
1357 894 1431 942 rei,
1460 908 1546 935 non
1572 901 1695 937 tuum

183 957 400 1010 ingenium
420 957 572 1010 lepidis
592 958 925 1011 comprobasses.
951 974 970 996 »

907 1123 974 1168 III

235 1236 354 1278 Nunc
380 1236 433 1278 ad
460 1248 554 1277 eam
582 1236 785 1278 orationis
811 1236 992 1277 formam
1022 1236 1274 1276 veniendum
1302 1241 1380 1288 est,
1404 1250 1498 1289 quae
1523 1238 1696 1278 Manilio

183 1300 358 1354 placuit,
387 1301 618 1355 eademque
645 1315 721 1355 per
746 1306 880 1342 totum
910 1314 1081 1342 carmen
1110 1302 1336 1352 invenitur,
1362 1303 1446 1342 sive
1473 1315 1578 1351 rem,
1607 1303 1695 1344 sive

184 1371 435 1407 ornamenta
463 1371 582 1408 extra
607 1380 696 1407 rem
731 1370 899 1407 tractat.
929 1368 1035 1406 Usus
1067 1371 1208 1407 autem
1243 1372 1305 1407 est
1338 1367 1501 1407 dicendi
1531 1369 1695 1409 ratione

184 1431 414 1472 admodum
436 1432 662 1483 rhetorica,
685 1445 779 1472 cum
801 1432 1032 1472 multorum
1057 1432 1253 1484 aliorum,
1277 1436 1366 1472 tum
1387 1432 1695 1484 diligentissimi

184 1497 262 1537 viri
289 1497 368 1537 Ad.
398 1498 570 1537 Cramer
593 1497 767 1550 judicio,
806 1497 878 1550 qui
916 1497 1120 1550 plurimas
1153 1497 1206 1537 ab
1236 1510 1285 1537 eo
1323 1498 1497 1538 usitatas
1534 1498 1698 1550 figuras

183 1567 356 1603 enotare
376 1575 418 1602 se
439 1563 481 1602 in
503 1563 706 1615 opusculo
729 1575 805 1603 suo
838 1562 1042 1612 declarat,
1067 1578 1086 1599 «
1113 1575 1207 1615 quae
1232 1563 1414 1603 maxime
1435 1563 1573 1615 dignae
1596 1568 1696 1604 sunt.

185 1640 279 1680 quae
299 1631 696 1676 commemorentur,
719 1641 816 1668 cum
845 1627 969 1668 simul
990 1631 1159 1680 poetam
1182 1628 1340 1680 poesim
1360 1628 1404 1668 in
1424 1628 1533 1668 ludis
1552 1629 1693 1670 rheto-

183 1693 279 1733 ricis
299 1693 492 1733 didicisse
509 1706 586 1733 nos
606 1693 824 1734 doceant¹.
850 1709 870 1732 »
887 1694 992 1733 Nam
1013 1693 1083 1733 ille
1104 1694 1247 1733 omnia
1267 1694 1432 1734 dicendi
1453 1694 1632 1735 artificia
1652 1698 1696 1735 et

183 1757 392 1798 lenocinia
412 1762 452 1798 ct
469 1758 656 1810 argutias
673 1763 715 1798 et
731 1758 904 1799 delicias
919 1771 995 1812 per
1014 1770 1167 1811 poema
1186 1759 1372 1811 profudit
1390 1772 1484 1812 quae
1502 1773 1692 1812 unquam

185 1835 211 1862 a
238 1823 477 1863 rhetoribus
508 1827 606 1863 sunt
637 1816 890 1876 excogitata,
914 1827 987 1864 aut
1014 1836 1038 1864 a
1065 1825 1448 1864 controversiarum
1479 1825 1696 1866 suasoria—

183 1900 360 1941 rumque
382 1889 655 1940 scriptoribus
680 1889 746 1929 vel
773 1889 826 1929 ab
852 1889 1026 1930 imbutis
1051 1889 1302 1930 scholastica
1327 1889 1537 1942 elegantia
1558 1891 1698 1944 poetis

185 1965 234 1993 ac
253 1952 519 2006 philosophis
538 1958 756 2006 usurpata.

237 2018 427 2058 Primum
458 2018 569 2058 enim
599 2018 762 2070 gaudet,
783 2019 931 2060 eadem
964 2019 1105 2060 littera
1132 2021 1378 2074 incipientes
1401 2033 1525 2061 voces
1553 2021 1691 2061 conti-

184 2095 331 2131 nuare,
362 2083 422 2123 ita
453 2086 500 2123 ut
536 2083 687 2123 iterum
723 2087 849 2136 atque
883 2084 1036 2124 iterum
1069 2089 1265 2126 revocata
1293 2086 1615 2127 consonantium
1651 2086 1695 2126 vi

184 2148 390 2189 feriantur
409 2161 546 2198 aures,
566 2149 682 2189 velut
702 2149 744 2188 in
764 2148 829 2189 his
849 2150 1038 2189 versibus
1060 2162 1069 2190 z
1138 2159 1141 2162 ·

375 2250 418 2284 In
437 2249 541 2296 cujus
561 2249 723 2286 caudam
739 2251 917 2286 contento
939 2250 1069 2298 dirigit
1085 2261 1175 2286 arcu
1196 2251 1224 2286 Ξ.

371 2302 530 2338 Publica
549 2302 736 2339 succensis
750 2305 995 2350 peraguntur
1017 2303 1096 2340 fata
1116 2303 1326 2351 sepulchris
1345 2305 1374 2340 ³.

370 2357 444 2391 Per
465 2356 540 2392 duo
559 2357 710 2403 partitae
732 2356 877 2393 dirimit
898 2356 1062 2393 divortia
1082 2359 1195 2393 terrae
1217 2357 1243 2393 ⁴.

370 2409 584 2456 Perpetuus
600 2410 738 2457 populi
745 2410 896 2456 privato
916 2410 955 2446 in
973 2410 1107 2447 limine
1124 2412 1270 2457 praetor
1288 2410 1316 2446 ⁵.

372 2462 401 2497 E
413 2473 547 2508 penna
566 2465 604 2500 et
616 2463 793 2510 pendens
813 2464 1000 2511 populum
1024 2465 1234 2511 suspendet
1254 2464 1301 2500 ab
1319 2463 1401 2512 ipso
1417 2464 1445 2499 ⁶.

228 2577 258 2610 1.
278 2577 433 2620 Cramer,
454 2590 507 2622 op.
530 2581 565 2620 l.,
590 2591 628 2623 p.
652 2583 704 2615 43.

223 2624 255 2656 2.
276 2625 381 2666 Man„
404 2628 558 2667 Astron„
576 2629 604 2670 1,
623 2631 696 2663 269.

226 2672 256 2704 3.
277 2672 343 2713 Id.,
366 2673 464 2712 ibid„
484 2676 508 2717 Ι,
528 2677 600 2709 883.

226 2719 258 2750 4.
276 2719 343 2760 Id.,
361 2720 458 2759 ibid„
483 2723 544 2764 111,
565 2725 639 2757 384.

228 2766 259 2798 5.
277 2766 344 2807 Id.,
362 2768 459 2807 ibid„
481 2770 535 2808 lv,
558 2773 631 2804 212.

228 2815 258 2846 6.
279 2814 347 2856 Id.,
365 2815 462 2855 ibid„
479 2818 521 2859 V,
539 2820 611 2852 656.
625 2837 665 2842 —
685 2819 840 2860 Cramer,
863 2821 886 2853 l.
906 2821 929 2853 l.
948 2840 989 2846 -—
1009 2823 1057 2855 Cf.
1079 2823 1170 2865 Becq
1191 2824 1234 2856 de
1255 2823 1487 2864 Fouquieres,
1512 2821 1631 2855 Traite'
1648 2822 1695 2854 de

186 2861 418 2904 versification
434 2864 622 2905 francaise,
646 2866 701 2899 ch.
722 2877 770 2908 n,
791 2867 832 2900 de
853 2867 1119 2904 Z’Allz'te‘ration.
