1936 3392
1072 288 1125 325 44

416 429 680 483 descriptione
710 432 912 478 versatur,
942 442 1110 482 quarum
1132 428 1244 468 tituli
1268 433 1308 469 et
1328 428 1477 469 tutelae
1498 433 1778 472 enumerantur

415 509 455 544 et
485 504 650 558 singulis
681 518 776 545 suus
808 505 952 557 cuique
984 503 1145 558 planeta
1176 504 1307 545 datur.
1337 504 1363 557 ¹)

474 581 773 636 Astrologorum
822 581 930 622 caelo
977 580 1176 634 descripto
1219 581 1321 622 liber
1351 581 1494 622 tertius
1527 586 1681 632 „certas
1711 582 1782 624 dat

414 658 457 697 in
489 660 572 698 arte
595 658 681 698 'vias
701 657 751 698 ad
773 657 854 698 fata
874 655 1090 697 videnda.''
1109 655 1141 711 2)
1190 655 1238 696 In
1261 657 1486 711 prooemio,
1509 655 1601 698 libri
1617 657 1782 698 secundi

414 733 615 788 prooemio
661 747 741 773 non
789 731 1000 781 dissimili,
1045 735 1163 786 poeta.
1199 732 1385 785 queritur
1419 747 1460 772 se
1490 746 1572 773 rem
1604 733 1780 775 omnium

415 809 690 852 difficillimam
721 824 899 851 sermone
930 809 1152 850 reluctante
1173 812 1343 850 tractare
1376 809 1421 864 3).
1466 809 1570 850 Tum
1592 809 1640 850 de
1661 796 1782 862 athlis
1800 845 1818 864 ‚3

415 889 604 926 cauturus
621 918 632 935 ‚
682 885 853 939 primum
887 884 985 938 quid
1017 885 1099 924 sint
1131 884 1304 939 explicat
1326 885 1370 938 ⁴).
1410 883 1532 925 Athla
1563 885 1670 925 enim
1699 885 1782 926 sive

417 975 560 1014 opera,
610 960 784 1010 labores,
833 959 991 1009 studia,
1041 963 1144 1000 artes
1193 959 1272 1000 alia
1318 959 1438 1000 huius
1473 959 1604 1009 modi,
1637 958 1783 1013 quibus

418 1037 624 1077 hominum
657 1036 761 1077 vitae
785 1040 1043 1090 occupantur,
1067 1040 1181 1076 erant
1202 1050 1367 1077 numero
1385 1036 1609 1086 duodecim,
1626 1049 1784 1091 respon-

418 1114 553 1154 dentia
584 1127 747 1153 numero
779 1113 986 1166 signorum
1019 1112 1200 1166 signiferi
1232 1116 1272 1152 et
1304 1111 1531 1152 caelestium
1560 1107 1779 1153 demerum.

419 1190 527 1231 Haec
575 1189 683 1230 athla
729 1193 1035 1230 enumerantur:
1078 1190 1100 1249 1
1136 1189 1319 1238 fortuna,
1355 1190 1378 1228 2
1413 1188 1579 1238 militia,
1611 1189 1783 1243 peregri·

418 1262 550 1312 natio,
593 1264 617 1302 3
651 1260 794 1302 urbani
828 1260 1004 1314 labores,
1057 1265 1083 1300 4
1117 1260 1267 1302 iudicia
1297 1260 1490 1306 forensia.
1536 1260 1797 1314 eloquentia,-

423 1342 444 1379 5
489 1337 699 1391 coniugia,
741 1336 974 1387 societates,
1018 1336 1217 1391 hospitia,
1259 1338 1283 1376 6
1318 1327 1440 1390 opum
1472 1335 1714 1390 dispensatio
1745 1338 1786 1375 et

419 1413 688 1462 conservatio,
727 1412 747 1453 7
781 1412 981 1467 pericula,
1018 1418 1040 1452 ὅ
1075 1411 1288 1462 nobilitas,
1322 1411 1448 1462 fama,
1480 1411 1629 1466 gratia,
1667 1412 1691 1452 9
1720 1422 1809 1461 nas

419 1495 552 1530 torum
598 1488 805 1538 educatio,
853 1488 1046 1538 nutritia,
1100 1489 1151 1528 10
1187 1501 1336 1537 mores,
1369 1486 1556 1527 instituta
1589 1485 1786 1536 familiae,

424 1567 474 1605 ll
528 1562 731 1612 valetudo,
788 1565 842 1603 12
891 1566 983 1604 vot-a
1014 1577 1231 1615 eorumque
1263 1562 1437 1602 effectus.
1460 1561 1492 1615 ⁵)
1553 1559 1668 1613 Quae
1697 1574 1789 1602 cum

423 1646 632 1696 „tempora
678 1644 858 1691 mutent,
906 1655 1015 1682 nunc
1062 1641 1140 1681 huc
1178 1654 1285 1681 nune
1316 1639 1414 1680 illuc
1444 1639 1650 1694 signorum
1682 1643 1790 1680 mota

424 1733 494 1773 per
525 1717 680 1767 orbem,
714 1716 924 1758 incolumis
957 1721 1091 1758 tamen
1123 1720 1169 1758 ut
1191 1719 1368 1765 maneat,
1393 1715 1464 1768 qui
1485 1714 1670 1756 conditus
1691 1714 1788 1757 ordo

424 1793 526 1844 est”,
550 1794 652 1835 ratio
676 1797 735 1834 est
755 1792 1033 1847 investiganda
1054 1806 1134 1846 qua
1154 1806 1291 1832 eorum
1313 1791 1423 1832 sedes
1444 1789 1616 1832 inveniri
1637 1790 1787 1845 possit,

425 1885 525 1924 quae
546 1870 648 1911 ratio
676 1869 857 1924 exemplo
879 1868 926 1909 de
948 1868 1130 1909 fortunae
1151 1868 1308 1922 primae.
1317 1867 1434 1908 sortis
1449 1866 1542 1907 sede
1563 1865 1789 1920 quaerenda

424 1951 584 2002 sumpto
613 1946 854 1988 illustratur.
876 1945 907 1999 ⁶)

483 2022 642 2064 Deinde
687 2022 737 2062 ad
768 2021 1055 2075 horoscopum,
1100 2020 1182 2060 sive
1222 2018 1565 2060 constellationem
1595 2018 1788 2074 orientem

425 2115 516 2142 cum
547 2100 638 2153 quis
669 2099 869 2149 nascitur,
904 2097 1190 2139 inveniendum
1221 2095 1435 2137 deducitur
1465 2109 1634 2136 carmen.
1682 2093 1789 2144 „Sed

426 2180 577 2230 quanta
607 2176 774 2225 effectu,
807 2189 868 2215 res
901 2178 961 2215 est
991 2179 1074 2214 tam
1103 2172 1223 2228 plena
1244 2170 1418 2212 laboris''
1444 2171 1497 2224 ⁷),
1522 2185 1613 2211 oum
1635 2184 1788 2225 geome-

425 2252 527 2293 trica
571 2250 774 2292 subtilitas
819 2250 1058 2304 requiratur.
1121 2247 1238 2289 Ratio
1272 2246 1469 2301 vulgaris,
1513 2260 1644 2300 „quae
1675 2244 1787 2287 binas

474 2540 496 2574 ἰ
543 2542 722 2571 sse-970.

472 2599 497 2636 2)
544 2601 608 2634 ιιι,
640 2602 683 2629 ¹5.

472 2657 497 2693 ³)
548 2660 658 2687 1—42.

474 2717 498 2754 ⁴)
544 2718 679 2746 43—95.

473 2774 498 2809 ὅ»
544 2776 700 2805 96-159.

474 2832 499 2870 ⁶)
548 2834 723 2863 160—-202.

480 2891 502 2922 ⁷»
550 2893 611 2922 ιιι,
637 2893 709 2920 211.
