1936 3392
824 306 1011 346 -7-

219 398 302 438 Cur
339 396 467 448 igitur
501 394 691 440 Manilius
731 394 896 434 dicatur
935 394 1007 446 qui
1047 393 1142 434 illos
1182 393 1504 434 Astronomicon
1541 393 1671 434 libros

167 462 366 516 quinque,
387 473 491 514 quos
519 460 712 511 legimus,
744 459 999 512 composuit,
1029 459 1148 499 nulla
1175 471 1303 499 causa
1330 459 1550 499 manifesta
1575 463 1669 500 est:

167 528 279 580 quod
300 531 442 567 tamen
462 538 617 566 nomen
637 524 912 574 servabimus,
939 525 1142 565 traditum
1165 525 1256 578 jam
1281 537 1329 565 ac
1353 525 1571 576 vulgatum
1596 537 1672 566 nec

165 591 359 633 brevitati
382 591 586 631 sermonis
607 590 766 630 inutile.

897 788 937 831 II

219 923 319 970 Quae
351 934 448 962 cum
475 921 536 961 ita
561 933 603 961 se
631 920 832 971 habeant,
859 919 1016 960 omissa
1033 918 1125 971 jam
1146 920 1408 971 praepostera
1435 917 1515 957 ista
1541 917 1673 970 scrip-

167 991 306 1028 torum
338 987 610 1040 antiquorum
644 986 697 1026 ad
732 985 964 1026 eruendum
1000 987 1169 1037 poetam
1201 982 1429 1036 quemdam
1459 982 1674 1022 Manilium

165 1052 500 1105 investigatione,
524 1051 640 1104 operi
668 1050 987 1098 attendendum,
1008 1053 1050 1089 et
1077 1049 1151 1102 qui
1176 1049 1302 1089 fuerit
1332 1052 1473 1101 poeta,
1497 1061 1548 1088 ex
1575 1061 1673 1100 poe-

165 1122 278 1158 mate
297 1117 390 1170 ipso
410 1116 653 1157 discendum
676 1119 750 1156 est.

218 1182 405 1222 Primum
440 1186 597 1234 autem,
625 1194 792 1222 versum
817 1193 868 1220 ex
897 1192 981 1234 quo
1011 1181 1155 1220 Romae
1190 1192 1286 1220 eum
1320 1178 1472 1219 vixisse
1502 1178 1691 1231 quidam,
1726 1190 1729 1193 “

164 1247 436 1300 conjecerunt
451 1260 460 1288 ε

308 1365 392 1408 Qua
413 1363 564 1412 genitus
586 1374 675 1399 cum
696 1363 815 1399 fratre
836 1364 982 1399 Remus
1002 1363 1094 1399 hanc
1115 1361 1295 1398 condidit
1315 1361 1450 1398 urbem
1469 1364 1494 1407 ¹,

170 1492 194 1519 a
212 1478 400 1519 Bentleio
421 1483 460 1518 et
479 1477 638 1519 Jacobo
659 1479 855 1531 ejectum,
875 1490 952 1518 nec
975 1478 1075 1517 satis
1096 1490 1192 1517 cum
1226 1478 1421 1529 lectione,
1443 1482 1533 1516 tum
1555 1490 1677 1518 sensu

167 1548 445 1592 constantem,
469 1556 555 1583 non
575 1544 618 1582 in
639 1543 926 1583 testimonium
947 1543 1188 1583 vocaverim
1216 1555 1224 1583 :
1250 1546 1385 1583 totum
1412 1546 1554 1583 tamen
1584 1556 1678 1583 car-

168 1622 266 1650 men
297 1608 526 1662 perlegenti
555 1608 725 1647 minime
755 1608 986 1647 absurdum
1017 1620 1106 1647 esse
1140 1608 1377 1660 apparebit,
1395 1608 1429 1647 si
1449 1609 1542 1660 quis
1562 1607 1679 1647 nulla

166 1673 210 1714 in
229 1673 313 1714 alia
332 1673 450 1721 urbe,
471 1673 549 1712 nisi
572 1674 732 1721 Romae,
754 1673 913 1724 scripta
933 1672 1059 1712 fuisse
1081 1673 1376 1712 Astronomica
1397 1673 1673 1713 contenderit.

219 1739 313 1780 Jam
335 1738 468 1779 civem
490 1739 728 1778 Romanum
748 1737 875 1777 fuisse
905 1750 1002 1777 eum
1030 1737 1352 1790 suspicabimur,
1377 1751 1473 1778 cum
1494 1738 1645 1778 dixerit
1664 1751 1672 1778 :

356 1857 560 1905 Speratum
580 1856 808 1893 Annibalem
829 1858 962 1893 nostris
983 1856 1165 1893 cecidisse
1186 1856 1333 1893 catenis
1353 1857 1381 1893 ⁹.

220 1978 485 2029 Quanquam,
506 1976 605 2029 quid
623 1989 672 2016 ea
691 1975 742 2015 de
763 1989 807 2015 re
829 1988 1089 2025 censeamus,
1110 1977 1231 2029 parvi
1253 1976 1394 2024 refert,
1414 1989 1509 2016 cum
1530 1980 1670 2028 poeta,

166 2042 254 2082 sive
271 2042 371 2082 civis
387 2044 614 2093 Romanus,
631 2041 716 2081 sive
730 2053 999 2094 quocumque
1010 2041 1093 2082 alio
1100 2042 1210 2094 jure,
1222 2054 1306 2082 non
1322 2055 1420 2081 sane
1437 2043 1674 2081 Romanum

167 2107 355 2148 animum
381 2107 603 2159 vividoque
632 2108 832 2146 Romanae
862 2107 1012 2158 patriae
1037 2120 1181 2147 amore
1209 2120 1431 2148 accensum
1459 2107 1671 2156 exhibeat,

167 2184 244 2212 nec
261 2172 450 2225 Virgilio,
467 2172 532 2212 vel
555 2171 742 2219 Horatio,
767 2170 829 2211 vel
853 2172 1090 2224 Propertio,
1106 2172 1311 2212 victarum
1334 2172 1520 2223 gentium
1542 2173 1674 2212 domi·

167 2237 283 2290 tique
303 2237 417 2278 orbis
437 2237 634 2290 superbia
653 2236 719 2276 vel
741 2236 926 2276 civilium
955 2237 1260 2278 discordiarum
1289 2237 1484 2277 maestitia
1507 2237 1673 2277 restitu-

167 2306 304 2356 taeque
322 2303 399 2343 sub
413 2303 650 2355 principatu
666 2301 781 2354 pacis
796 2301 958 2351 laetitia,
976 2303 1029 2342 sit
1043 2302 1368 2355 comparanduS,
1383 2315 1477 2342 cum
1493 2302 1672 2355 denique

168 2381 376 2421 nusquam
410 2368 454 2408 in
490 2370 776 2408 Romanarum
812 2371 954 2407 rerum
999 2368 1289 2408 recordatione
1326 2367 1556 2421 quidquam
1594 2367 1674 2407 nisi

168 2432 378 2474 rhetorica
390 2433 718 2487 praeteritarum,
731 2432 1002 2486 praesentium
1022 2433 1260 2474 adulatoria
1274 2433 1461 2474 laudatio
1475 2433 1672 2473 scribenti

168 2498 382 2540 exciderit.

222 2564 372 2617 Atque,
394 2564 470 2604 etsi
491 2564 658 2605 civitate
678 2567 892 2607 Romanus
913 2565 1006 2614 fuit,
1030 2577 1116 2605 non
1135 2563 1230 2605 ideo
1251 2577 1417 2616 genere,
1441 2577 1489 2604 ac
1509 2577 1562 2604 nc
1585 2564 1670 2603 Ita-

174 2624 193 2637 s

213 2703 244 2736 1.
266 2704 373 2744 Man„
391 2705 545 2745 Astron„
568 2707 622 2747 lv,
640 2709 714 2740 776.
732 2726 772 2732 —
791 2707 888 2741 Frid.
909 2708 1019 2741 Jacob
1047 2707 1214 2740 codicum
1241 2707 1433 2740 lectionem
1460 2707 1511 2740 ita
1532 2706 1642 2738 refert
1663 2714 1671 2736 :

364 2765 428 2797 Qua
444 2766 563 2800 genitus
580 2767 736 2803 Caesarque
756 2776 842 2796 meus
862 2776 940 2795 nunc
957 2767 1090 2795 condidit
1106 2767 1225 2800 orbem;

172 2835 278 2868 quem
297 2837 440 2862 versum
460 2831 780 2872 interpolatumm
801 2833 968 2866 Ottonem
989 2833 1034 2864 111
1054 2833 1234 2874 pertinere
1250 2832 1464 2873 suspicatur.

213 2875 244 2907 2.
265 2875 332 2914 Id„
352 2875 449 2916 ibid„
470 2878 527 2919 lv,
547 2879 601 2913 41.
