1936 3392
835 275 891 317 31

162 424 199 465 V
234 427 344 474 5885
395 423 514 463 simvl
552 420 755 477 (simulac)
790 419 812 462 I
848 421 935 463 232
973 419 1112 476 (simul
1146 421 1312 475 atque),
1349 418 1420 461 III
1458 420 1571 469 323,

165 499 276 550 370,
314 499 399 538 439
435 498 537 550 (sine
572 498 654 550 At),
690 494 728 536 V
763 497 848 538 550
886 496 993 551 (cum
1027 498 1085 536 Ac
1117 493 1426 550 coniunctum);
1454 494 1575 548 prius

161 587 274 630 quam
307 571 509 627 reperitur
543 570 639 612 locis
676 572 725 612 4:
763 569 807 621 I,
845 571 927 620 96,
966 571 1077 620 805,
1111 567 1150 607 V
1190 570 1302 619 162,
1340 569 1454 618 3433
1485 571 1577 609 ante

161 653 275 703 quam
324 645 422 688 locis
476 646 524 686 3:
578 644 622 686 ΙΙ
667 645 777 693 774,
814 643 851 683 V
895 645 998 694 153,
1037 645 1152 694 344,
1187 647 1232 684 nt
1264 642 1489 699 temporale
1527 645 1575 683 2:

163 725 207 769 II
259 727 370 774 273,
422 724 457 764 V
517 727 597 766 140
649 724 781 779 (codd.
835 723 1080 779 attollitur);
1128 723 1286 779 quando
1321 721 1426 765 221
1462 723 1576 774 641,

161 802 232 846 ΙΙΙ
283 805 383 844 335.

231 881 352 935 Quom
400 885 538 922 autem
572 879 731 921 causale
766 883 806 920 et
839 879 947 935 apud
981 878 1109 930 alios,
1160 883 1202 920 et
1234 877 1432 935 imprimis
1465 877 1575 934 apud

163 959 400 1002 Lucretium
440 959 603 1014 saepius
651 957 915 999 coniunctum
968 956 1179 998 invenitur
1211 971 1302 998 oum
1339 955 1576 998 indicativo.

164 1039 309 1081 Omnis
358 1038 608 1095 comparatio
641 1052 732 1079 cum
769 1037 858 1078 aliis
891 1037 1026 1093 poetis
1062 1036 1197 1087 deest3
1238 1051 1321 1078 non
1355 1040 1418 1078 est
1448 1035 1580 1092 igitur

163 1122 464 1174 argumentum.
529 1115 756 1158 Videamus
804 1130 901 1157 num
954 1114 1152 1157 validiora
1199 1129 1303 1170 quae
1336 1119 1579 1170 sequuntur.

228 1195 498 1249 „Eademque
553 1193 724 1236 infantia
779 1194 818 1235 in
871 1192 1004 1236 verbis
1055 1193 1200 1235 iisdem
1250 1192 1391 1235 crebro
1440 1198 1482 1234 et
1529 1192 1582 1235 ad

164 1273 375 1316 fastidium
419 1272 653 1328 regerendis
691 1276 871 1314 notatur.
938 1270 1034 1313 Non
1078 1271 1224 1326 loquor
1256 1286 1365 1313 nunc
1389 1271 1438 1313 de
1472 1271 1580 1323 axis,

166 1351 370 1402 cardinis,
405 1349 592 1400 verticis,
628 1349 858 1400 luminum,
904 1349 1107 1402 siderum,
1145 1349 1356 1391 stellarum
1392 1349 1583 1391 aliorum-

147 1440 246 1481 ,que
297 1425 347 1467 ad
396 1429 523 1466 artem
571 1423 864 1480 pertinentium
915 1423 1128 1467 verborum
1178 1424 1422 1480 repetitione
1439 1457 1449 1475 ,
1504 1438 1584 1478 qua

168 1504 334 1545 fortasse
382 1502 564 1544 Lucretii
615 1501 925 1558 simplicitatem
967 1502 1119 1544 imitari
1155 1502 1311 1554 voluit,
1351 1502 1422 1544 sed
1457 1502 1580 1544 etiam

171 1583 240 1626 ubi
288 1587 485 1624 venustus
534 1597 618 1624 esse
667 1582 805 1639 cupit,
858 1582 899 1624 in
949 1582 1092 1625 eodem
1126 1597 1245 1639 saepe
1279 1582 1383 1625 vado
1417 1583 1583 1624 haerere

169 1660 342 1703 videtur.
381 1659 516 1702 Pauca
548 1674 765 1716 apponam.
799 1658 844 1711 Ι,
884 1661 996 1701 255:
1034 1659 1233 1702 Flammas
1266 1659 1586 1702 Ordinibus

170 1740 288 1782 certis
324 1740 525 1796 referam,
567 1739 818 1796 primumque
850 1745 1041 1782 canentur
1082 1740 1194 1793 Quae
1227 1741 1398 1783 medium
1429 1739 1586 1795 obliquo

163 1818 428 1872 praeeinqunt
475 1817 616 1859 ordine
664 1818 862 1859 mundum.
930 1833 985 1860 vs.
1033 1821 1118 1860 295
1170 1823 1211 1860 et
1248 1820 1362 1861 297:
1427 1819 1588 1874 Quoque

171 1896 289 1938 semel
321 1896 469 1950 coepit,
509 1899 613 1937 totus
645 1896 752 1937 volat
786 1896 958 1951 undique
992 1896 1036 1937 in
1069 1895 1219 1952 ipsum.
1243 1921 1304 1928 --
1334 1896 1459 1952 Usque
1492 1898 1590 1938 adeo

173 1970 286 2016 tenue
318 1979 362 2016 ut
395 1974 496 2015 verti
528 1989 606 2015 non
630 1975 761 2028 possit
793 1974 836 2015 in
868 1974 1018 2030 ipsum.
1089 1973 1140 2016 In
1175 1989 1257 2030 quo
1291 1975 1415 2016 simul
1448 1980 1588 2017 notare

172 2057 214 2094 te
261 2051 383 2093 velim
430 2051 557 2106 {psum
606 2065 691 2093 esse
740 2065 780 2093 se
828 2051 954 2105 ipsum
972 2083 983 2102 ,
1031 2051 1155 2108 idque
1187 2057 1350 2108 praeter
1383 2052 1589 2108 Augustei

173 2128 262 2171 aevi
309 2127 645 2170 consuetudinem
685 2127 720 2169 ei
760 2143 846 2171 esse
878 2129 1089 2172 familiare.
1156 2129 1310 2172 Ijsdem
1343 2129 1517 2173 vocibus.
1543 2145 1588 2172 ae

175 2207 334 2250 casibus
365 2211 527 2264 praeter
558 2207 710 2249 multos
742 2207 844 2249 alios
877 2207 918 2248 hi
945 2222 1079 2250 versus
1102 2208 1307 2250 finiuntur
1339 2208 1464 2250 initio
1497 2208 1589 2251 libri

175 2285 323 2343 primi3
363 2287 474 2337 149,
511 2287 621 2336 152,
660 2286 772 2326 156:
806 2300 949 2336 aaran
991 2287 1103 2336 162,
1145 2287 1254 2328 165:
1290 2287 1440 2338 unda83
1469 2288 1588 2338 223,

180 2365 291 2407 224:
321 2367 479 2418 ,qenten
514 2379 570 2405 vs.
608 2365 719 2406 395:
754 2363 808 2405 In
830 2378 1008 2418 maynam
1030 2365 1133 2406 caeli
1154 2364 1394 2407 tendentem
1428 2365 1591 2407 brachia

169 2443 350 2494 partem,
399 2438 484 2482 Nee
531 2438 662 2480 minus
709 2442 876 2480 extento
925 2443 1146 2492 sumentem
1185 2439 1241 2481 ad
1269 2439 1404 2482 sidera
1429 2454 1555 2494 passu
1573 2457 1592 2488 ;

178 2515 215 2557 V
234 2550 245 2568 ,
297 2519 378 2559 54:
420 2516 500 2559 His
542 2515 714 2558 ducibus
747 2531 858 2558 caeco
892 2517 1103 2559 ducuntur
1136 2517 1178 2559 in
1211 2533 1380 2573 aequore
1413 2518 1559 2559 classes
1575 2535 1592 2567 ;

179 2594 225 2647 I,
267 2595 379 2637 476:
416 2595 635 2649 Praecipue
665 2594 791 2637 medio
823 2610 915 2637 eum
953 2594 1052 2637 luna
1086 2594 1316 2649 implebitur
1338 2596 1450 2648 orbe,
1478 2597 1594 2638 Certa

182 2675 311 2717 nitent
360 2675 502 2717 mundo
514 2693 530 2724 ;
573 2689 666 2717 cum
699 2674 798 2717 luna
831 2676 1015 2718 conditur
1048 2689 1158 2718 omne
1192 2676 1402 2718 stellarum
1436 2678 1592 2730 vulqus.

182 2748 265 2792 Ubi
313 2764 397 2792 non
439 2764 535 2792 sane
567 2749 682 2792 suavi
716 2749 899 2792 oratione
932 2765 1050 2792 cum
1082 2742 1204 2792 modo
1236 2750 1440 2807 particula
1473 2750 1594 2792 modo

184 2827 450 2884 praepositio,
499 2827 620 2870 modo
669 2842 762 2870 eum
810 2828 1061 2871 nominativo
1110 2827 1230 2870 modo
1274 2843 1366 2871 cum
1411 2827 1592 2870 ablativo

188 2907 306 2948 lunae
339 2908 555 2949 coniuncta
588 2907 832 2963 regeritur.''
