1936 3392
808 292 861 334 79

117 441 314 484 mirabilis
363 445 403 481 ct
454 439 629 481 absurda
680 439 752 480 illa
801 439 1011 494 signorum
1053 436 1213 479 divisio.
1284 438 1423 490 Atque
1456 436 1556 477 haec

116 521 253 563 omnia
302 534 418 561 suam
467 517 622 560 habent
677 518 759 559 vim
810 521 852 558 et
889 515 1245 572 significationem.
1312 515 1557 572 Exemplum

115 599 301 640 afferam:
337 596 523 647 Taurus,
562 595 752 646 Gemini,
798 595 958 637 Cancer
990 596 1050 636 ita
1083 594 1278 636 oriuntur·
1307 599 1356 636 ut
1377 594 1558 650 primum

115 677 316 734 posterior
347 680 440 733 par's
476 675 656 732 corporis
691 674 754 715 vel
788 675 910 716 etiam
948 673 1072 731 pedes
1097 677 1296 729 surgant,
1320 677 1410 715 tum
1435 677 1560 730 caput

116 762 158 799 et
205 771 298 812 pars
346 756 460 812 prior
471 772 483 806 ;
518 759 653 796 cetera
685 754 805 810 signa
838 754 1032 796 oriuntur
1064 754 1152 804 ita,
1188 757 1238 795 ut
1270 767 1341 804 ea,
1382 766 1558 807 quorum

115 819 212 878 sunt
260 835 485 891 imagines,
535 849 701 890 surgere
751 833 911 885 solent,
959 833 1080 875 rectis
1132 831 1347 883 membris,
1403 836 1452 874 ut
1500 832 1559 873 ait

117 920 250 973 poeta.
317 913 427 968 Quid
465 915 613 956 mirum
647 913 791 969 igitur,
828 917 994 965 censet,
1040 913 1074 954 si
1108 912 1194 964 sol,
1228 923 1322 955 cnm
1355 927 1429 968 per
1460 911 1559 953 haec

118 995 285 1037 adversa
337 994 455 1050 signa
508 997 643 1044 meat,
698 992 859 1034 tardius
916 992 1097 1034 volvitur
1145 997 1270 1047 atque
1316 1007 1363 1034 eo
1414 992 1559 1034 aestivi

117 1089 274 1117 menses
312 1073 520 1130 longiores
563 1064 728 1129 fiunt.¹)
795 1071 908 1125 Quin
945 1073 1070 1114 etiam
1104 1071 1156 1114 ad
1190 1086 1320 1114 mores
1355 1071 1560 1114 docendos

117 1157 215 1211 apta
261 1153 364 1195 sunt*
392 1153 494 1194 haec
525 1152 667 1208 signa,
718 1150 940 1193 dummodo
974 1150 1116 1192 solerti
1151 1165 1249 1192 cura
1282 1150 1564 1207 circumspici·
1598 1159 1601 1161 ’

116 1232 247 1276 amus.
322 1232 450 1275 Audi.
516 1230 707 1284 „Quodsi
755 1230 898 1272 solerti
949 1230 1229 1287 circumspicis
1266 1229 1405 1272 omnia
1440 1238 1560 1281 cura,

118 1311 306 1355 fraudata
351 1311 537 1354 invenies
582 1311 741 1352 amissis
786 1311 920 1352 sidera
954 1309 1191 1352 membris.''

1260 1309 1419 1366 Scorpii
1453 1309 1562 1352 enim

120 1391 286 1434 brachia
333 1394 636 1433 consumuntur
682 1405 706 1431 a
757 1388 906 1441 Libra,
941 1389 1102 1431 Taurus
1137 1393 1198 1430 es't
1231 1382 1405 1431 claudus
1439 1398 1564 1431 curvo

121 1470 242 1527 pede,
272 1469 429 1512 Cancro
447 1469 559 1511 oculi
576 1469 752 1520 desunt,
778 1467 1011 1511 Centaurus
1036 1468 1212 1510 alterum
1237 1472 1402 1530 tantum
1426 1467 1562 1511 habet.

120 1549 233 1592 Haec
280 1548 358 1592 tibi
406 1553 519 1592 nota.
586 1549 683 1601 „Sic
734 1554 895 1591 nostros
944 1564 1061 1591 casus
1112 1548 1268 1591 solatur
1306 1548 1486 1591 mundus
1519 1549 1563 1591 in

119 1629 263 1681 astris,
314 1628 584 1686 exemploque
633 1629 752 1671 docet
801 1629 1008 1685 patienter
1053 1629 1202 1671 damna
1235 1628 1395 1681 subire,
1431 1628 1564 1670 omnis

119 1723 212 1751 cum
262 1707 375 1751 caelo
423 1709 611 1751 fortunae
657 1708 835 1766 pendeat
868 1708 988 1759 ordo,
1038 1710 1211 1765 ipsaque
1245 1707 1453 1751 debilibus
1486 1708 1567 1769 for-=

118 1791 284 1831 mentur
314 1787 450 1831 sidera
481 1787 720 1831 membris.''
745 1787 779 1845 ²)

183 1866 383 1910 Manilius
430 1872 570 1910 tamen
617 1868 706 1925 ipse
749 1868 870 1910 hasce
903 1868 1128 1911 divisiones
1164 1883 1247 1911 non
1283 1883 1424 1911 omnes
1457 1872 1567 1911 recte

120 1946 372 1990 intellexisse
420 1947 610 1999 videtur3
661 1947 808 1990 saltem
858 1963 944 1990 non
992 1949 1136 1991 omnia
1187 1947 1317 1999 dixit,
1368 1962 1472 2004 quae
1517 1948 1567 1989 ad

120 2030 228 2069 recte
278 2042 364 2069 rem
413 2026 736 2084 intellegendam
784 2028 1011 2070 necessaria
1061 2028 1270 2071 videntur.
1336 2028 1400 2071 De
1439 2029 1568 2085 signis

121 2106 231 2148 enim
263 2105 456 2149 masculis
492 2111 535 2149 et
566 2106 755 2149 femineis
790 2107 892 2149 haec
925 2112 1091 2150 tantum
1124 2108 1315 2165 scripsit:
1356 2108 1568 2161 „mascula

119 2200 190 2228 sex
237 2190 358 2238 su‘nt,
415 2174 565 2229 diversi
614 2186 791 2229 totidem
843 2188 1004 2244 generis
1053 2187 1130 2230 sub
1181 2189 1366 2245 principe
1416 2188 1565 2231 Tauro.

122 2264 267 2308 Cernis
316 2269 364 2308 ut
409 2281 572 2309 aversus
605 2266 821 2310 redeundo
856 2272 1000 2324 surgat
1033 2269 1075 2310 in
1111 2268 1282 2311 arcum?
1346 2269 1568 2311 Alternant

59 2342 62 2344 ’
121 2359 252 2401 genus
274 2351 316 2388 et
337 2345 495 2389 vicibus
518 2347 729 2390 variantur
751 2348 796 2389 in
820 2347 1004 2390 orbem'’.
1014 2347 1046 2404 ³)
1079 2348 1188 2391 Sunt
1204 2349 1337 2405 igitur
1359 2363 1430 2391 sex
1448 2350 1568 2405 signa

121 2424 302 2468 mascula
351 2425 475 2468 haec:
540 2427 684 2478 Aries,
737 2425 927 2479 Gemini,
973 2426 1059 2469 Leo
1076 2461 1088 2480 ,
1119 2427 1268 2480 Libra,
1293 2429 1566 2485 Sagittarius,

122 2504 330 2559 Aquarius
342 2538 355 2557 ,
390 2505 566 2548 feminea
599 2510 764 2549 autem:
800 2506 985 2558 Taurus,
1018 2506 1188 2558 Cancer,
1212 2507 1358 2564 Virgo,
1382 2508 1566 2566 Scorpio,

123 2580 420 2639 Capricornus,
453 2583 607 2626 Pisces.
658 2583 735 2626 Sed
772 2584 873 2639 quid
906 2585 1113 2641 significet
1145 2585 1246 2627 haec
1278 2585 1452 2638 divisio,
1497 2586 1569 2641 qui

125 2665 268 2704 taurus
300 2662 465 2718 signum
498 2663 724 2706 femineum
758 2679 844 2706 esse
876 2665 1031 2721 possit,
1057 2665 1208 2707 frustra
1232 2665 1409 2720 quaeris.
1455 2666 1568 2708 Haec

174 2859 198 2895 ¹)
248 2862 299 2895 11,
329 2863 386 2891 197
413 2872 502 2899 seqq.

173 2918 198 2955 ²)
246 2921 298 2955 11,
323 2923 397 2952 256.

176 2980 202 3025 ὃ)
251 2982 402 3017 11,151.
