1936 3392
822 270 876 308 49

150 420 253 471 quae
283 414 415 456 media
437 412 605 467 obliquo
626 412 900 468 praecingunt
922 410 1064 452 ordine
1085 409 1310 459 mundum,
1345 408 1554 464 solemque

148 491 315 534 alternis
359 489 518 531 vicibus
552 503 624 545 per
656 493 840 544 tempora
871 491 1063 544 portant,
1116 491 1241 542 atque
1275 486 1355 527 alia
1387 485 1556 527 adverso

148 568 350 611 luctantia
383 567 516 608 sidera
547 566 703 608 mundo
727 565 889 616 omnia,
924 579 1030 620 quae
1051 564 1183 620 possis
1206 563 1318 605 caelo
1339 577 1555 604 numerare

147 661 313 696 serem,
348 662 368 685 e
403 643 554 698 quibus
588 649 628 685 et
661 643 766 685 ratio
799 643 976 684 fatorum
1000 641 1168 683 ducitur
1191 640 1368 682 omnis.’'
1435 638 1558 692 Quod

147 728 209 766 tot
243 722 375 764 verbis
407 721 666 778 promittitur
696 721 807 762 intra
838 710 1019 776 spatium
1050 719 1172 761 datur
1193 718 1344 774 viginti
1366 731 1558 759 versuum

147 804 188 845 in
240 802 341 844 duas
389 805 525 858 partes
567 801 811 843 distractum
849 799 1116 850 aea—274,
1171 800 1430 840 805—812.
1495 797 1559 838 De

147 882 332 938 signiferi
381 864 651 936 obliquitate,
702 880 750 922 de
790 895 872 935 qua
903 879 1065 921 Plinius
1099 878 1340 933 „signiferi,
1391 876 1553 932 inquit,

148 959 434 1015 obliquitatem
464 957 732 1009 intellexisse,
767 957 843 1000 hoc
882 962 941 999 est
980 971 1116 999 rerum
1138 956 1243 999 fores
1267 954 1503 1012 aperuisse''
1534 954 1560 1010 ¹)

146 1041 192 1082 in
222 1038 328 1082 libro
360 1038 516 1096 primo,
567 1036 639 1080 ubi
671 1037 772 1079 caeli
806 1041 994 1094 aspectus
1028 1035 1298 1087 describitur,
1349 1034 1478 1097 nihil!
1524 1043 1562 1085 si

146 1117 253 1160 illud
286 1115 486 1171 „obliquo
518 1115 684 1159 ordine’'
707 1131 764 1157 vs.
792 1116 876 1158 257
903 1115 1105 1171 excipias,
1131 1128 1381 1169 quamquam
1405 1113 1447 1154 in
1471 1111 1563 1154 reli·

127 1197 238 1252 -quis
286 1194 400 1237 libris
449 1198 800 1237 commemoratur.
825 1193 856 1250 ²)
922 1194 1142 1249 Signorum
1189 1193 1337 1234 divisio
1371 1192 1415 1233 in
1448 1190 1553 1233 libro

145 1274 324 1317 secundo
356 1289 437 1316 non
473 1289 520 1315 ea
552 1278 636 1325 est,
670 1288 794 1328 quam
827 1274 972 1332 merito
1006 1277 1240 1330 exspectas,
1276 1286 1370 1313 cum
1402 1271 1562 1328 princi-

148 1353 262 1412 pium
296 1354 534 1404 divisionis,
585 1353 695 1408 quod
730 1352 903 1404 dicitur,
955 1353 1117 1409 saepius
1152 1351 1427 1402 desideretur,
1463 1366 1556 1393 cum

148 1431 357 1474 interdum
391 1446 559 1486 quaeras
592 1431 766 1482 frustra,
807 1446 880 1473 cur
913 1430 1027 1472 aliud
1058 1445 1207 1472 nomen
1242 1429 1314 1471 alii
1347 1429 1559 1484 signorum

149 1510 287 1566 generi
321 1510 376 1550 sit
409 1509 574 1561 datum,
608 1514 656 1551 ut
690 1524 782 1551 cum
816 1510 859 1550 in
892 1508 1117 1550 masculina
1150 1512 1191 1550 et
1224 1507 1422 1550 feminina
1456 1507 1558 1548 divi-

153 1587 312 1629 duntur
322 1604 334 1638 3
369 1591 494 1642 atque
528 1586 608 1628 alia
640 1586 903 1638 huiusmodi,
938 1601 989 1628 ne
1021 1586 1170 1642 longus
1203 1586 1293 1627 sim.

214 1664 249 1706 E
276 1663 426 1729 quibus
458 1663 640 1707 fontibus
673 1663 871 1706 Manilius
905 1663 1133 1705 doctrinam
1166 1655 1372 1713 hauserit,
1398 1662 1561 1704 difficile

147 1747 208 1785 est
247 1743 519 1798 investigare,
565 1757 659 1785 cum
693 1742 742 1785 de
777 1743 1075 1799 astrologorum
1110 1741 1272 1798 scriptis
1307 1748 1402 1784 ante
1436 1741 1555 1784 illum

147 1819 290 1871 editis,
338 1834 470 1876 pauca
518 1819 635 1862 nobis
678 1821 762 1862 sint
793 1824 905 1863 nota.
971 1819 1067 1877 Ipse
1100 1823 1222 1876 poeta
1255 1820 1336 1861 ait:
1389 1823 1558 1870 „nostra

146 1897 315 1954 loquar;
349 1897 457 1940 nulli
491 1901 630 1940 vatum
665 1897 905 1940 debebimus
928 1913 1020 1950 ora,
1056 1913 1131 1940 nec
1154 1898 1335 1949 furtum,
1360 1897 1432 1939 sed
1455 1912 1558 1954 opus

146 1976 305 2036 yeniet,
353 1975 522 2030 soloque
568 1975 754 2018 volamus
801 1976 845 2018 in
895 1976 1054 2018 caelum
1088 1991 1234 2027 curru,
1274 1976 1439 2032 propria
1471 1979 1557 2018 rate

148 2053 337 2111 pellimus
384 2052 560 2096 undas.’'
586 2053 617 2110 ³)
682 2054 762 2096 Sed
811 2053 932 2096 verba
979 2055 1078 2096 haec
1112 2055 1162 2096 ad
1196 2069 1359 2096 carmen
1391 2059 1554 2096 tantum

148 2130 380 2185 pertinent,
414 2145 495 2173 non
525 2131 576 2173 ad
599 2131 852 2183 doctrinam,
877 2137 926 2174 ut
950 2136 1120 2190 apparet
1143 2147 1192 2174 ex
1216 2132 1290 2183 iis,
1316 2146 1421 2187 quae
1444 2147 1557 2188 prae-

146 2206 319 2249 cedunt:
387 2207 551 2258 „Omne
598 2223 729 2265 genus
777 2224 912 2252 rerum
964 2209 1106 2252 doctae
1152 2210 1336 2251 cecinere
1368 2224 1554 2261 sorores;

147 2284 277 2327 omnis
309 2285 360 2327 ad
393 2300 575 2329 accessus
608 2286 822 2329 Heliconis
855 2287 1002 2329 semita
1032 2287 1132 2329 trita
1165 2294 1228 2329 est
1262 2318 1554 2330 .......

146 2364 305 2420 integra
335 2380 579 2421 quaeramus
611 2367 786 2409 rorantis
807 2371 926 2424 prata
947 2382 1020 2424 per
1041 2366 1227 2409 herbas.'’
1245 2367 1284 2419 ⁴)
1333 2366 1554 2409 Eudoxum

146 2453 263 2481 nosse
310 2439 498 2493 videtur,
547 2445 596 2483 ut
642 2445 786 2498 postea
818 2441 1054 2499 apparebit,
1090 2441 1222 2483 multa
1253 2445 1391 2484 tamen
1425 2457 1474 2483 ex
1507 2456 1554 2483 eo

146 2516 223 2561 sibi
256 2533 459 2562 assumere
490 2535 572 2563 non
605 2525 791 2578 poterat,
826 2536 921 2565 cum
953 2521 1152 2564 Eudoxus
1186 2521 1283 2563 huic
1310 2521 1553 2576 astrologiae

194 2760 219 2799 ¹)
266 2763 351 2794 Hist.
376 2763 450 2794 Nat.
475 2764 524 2797 11,
549 2764 600 2793 31.

197 2820 222 2859 ²)
270 2824 334 2858 ΙΙΙ,
359 2824 440 2858 225,
467 2824 539 2853 334.

196 2880 221 2919 ³)
271 2883 317 2917 ll,
342 2884 380 2912 5‘·
407 2892 495 2918 seqq.

195 2935 219 2975 ⁴)
267 2939 315 2973 11,
340 2939 381 2967 49
405 2946 493 2975 seqq.
571 2929 574 2931 ⁸
