1930 3320
794 0 818 14 ω·
1784 0 1799 13 ,-

1849 63 1856 67 “
1883 0 1930 193 ᾈῚ

1015 318 1223 359 —92-

382 408 453 446 His
473 409 581 445 certe
602 405 716 456 lepos
742 408 802 443 est
822 407 861 443 et
885 405 1090 456 elegantia
1111 418 1120 445 ι
1150 417 1224 444 nec
1250 404 1384 458 potuit
1410 405 1618 456 plebeium
1642 405 1854 456 negotium

384 467 716 520 exquisitioribus
754 468 888 507 verbis
927 469 1139 520 explicari.
1182 469 1260 508 Sed
1299 473 1344 508 ut
1375 472 1463 508 tota
1493 472 1622 508 scatet
1645 470 1856 510 sententiis

386 532 533 579 oratio,
556 531 846 583 rhetoremque
875 532 1027 583 prodit,
1054 545 1217 584 semper
1245 532 1295 572 de
1323 533 1479 585 proprii
1508 532 1662 584 ingenii
1689 533 1856 574 fortuna

385 600 426 634 et
445 595 555 634 exitu
576 595 745 634 anxium
766 607 813 633 ac
828 594 1068 636 sollicituml

437 659 551 698 Alter
569 671 666 698 vero
685 658 800 698 locus
821 660 831 680 ¹
855 659 1044 698 eumdem
1066 660 1187 699 fuisse
1206 660 1247 698 in
1265 660 1471 700 narrando
1495 673 1613 712 quem
1636 660 1679 699 in
1704 660 1855 700 descri-

384 723 520 762 bendo
542 726 706 773 poetam
725 722 951 761 declarabit
969 736 977 760 :
1001 723 1214 763 notissima
1231 723 1384 763 scilicet
1402 724 1473 763 illa
1487 729 1526 763 et
1543 723 1664 763 nimis
1682 724 1855 764 fortasse

384 786 554 825 laudata
590 786 868 825 Andromedae
901 786 1056 826 fabula.
1087 787 1217 837 Igitur
1251 787 1394 838 incipit
1438 788 1594 839 aperire
1630 800 1702 827 cur
1736 787 1854 838 virgo

384 850 506 889 fuerit
528 850 716 901 exposita
739 862 747 888 :

571 948 672 982 Hanc
693 947 885 993 quondam
906 959 1025 994 poenae
1045 947 1214 983 dirorum
1234 948 1341 994 culpa
1360 952 1561 994 parentum

571 999 752 1044 Prodidit,
771 1000 931 1034 infestus
953 1002 1036 1035 totis
1052 1011 1137 1035 cum
1153 1000 1289 1035 finibus
1308 1000 1430 1035 omnis

572 1051 742 1086 Incubuit
764 1054 910 1097 pontus,
932 1052 1058 1087 timuit
1076 1054 1269 1096 navifraqa
1291 1052 1409 1096 tellus,

573 1104 618 1138 Et
638 1105 735 1148 quod
751 1107 828 1139 erat
846 1115 1010 1148 reynum,
1028 1105 1182 1150 pelayus
1202 1106 1275 1148 fuit
1289 1115 1301 1138 .-
1322 1115 1397 1139 una
1416 1104 1602 1139 malorum

572 1156 766 1200 Proposita
786 1158 841 1190 est
860 1167 1003 1191 merces
1026 1167 1034 1191 :
1055 1167 1197 1191 vesano
1218 1157 1358 1192 dedere
1371 1158 1485 1202 ponto

573 1207 870 1252 Andromedam,
893 1210 1042 1244 teneros
1062 1210 1105 1243 ut
1122 1209 1249 1244 bellua
1267 1208 1465 1244 manderet
1484 1209 1599 1243 artus.

393 1317 638 1368 Opportuna
667 1317 830 1368 quidem
857 1318 1035 1356 acumini
1062 1317 1155 1356 talis
1179 1318 1222 1356 in
1249 1322 1368 1356 aetate
1396 1318 1469 1357 tali
1494 1330 1600 1366 sors;
1629 1318 1767 1368 itaque
1793 1317 1862 1356 hic

386 1380 635 1419 immoratur
656 1393 665 1421 ε

572 1480 639 1514 Hic
658 1480 869 1524 Hymenaeus
890 1482 968 1514 erat
988 1491 998 1515 .·
1021 1479 1132 1514 solari
1148 1479 1293 1524 publica
1312 1480 1444 1515 damna

572 1532 748 1573 Privatis;
766 1531 965 1566 lacrimans
986 1534 1143 1566 ornatur
1158 1531 1308 1566 victima
1325 1542 1460 1578 poenae,

575 1582 818 1630 Induiturque
840 1583 942 1618 sinus
962 1594 1039 1618 non
1059 1584 1141 1618 haec
1159 1584 1207 1619 ad
1230 1586 1316 1619 vota
1337 1586 1502 1630 paratos,

577 1635 737 1679 Viryinis
758 1638 791 1670 et
810 1636 897 1670 vivae
915 1637 1060 1680 rapitur
1077 1636 1153 1670 sine
1171 1637 1298 1679 funere
1316 1637 1443 1679 funus.

385 1745 454 1784 His
474 1749 693 1798 postquam
713 1745 889 1796 scriptor
911 1746 1106 1785 lectorem
1137 1746 1366 1794 admonuit,
1381 1758 1432 1785 ne
1453 1758 1494 1785 se
1515 1746 1654 1786 debita
1679 1745 1859 1786 admira-

383 1809 495 1849 tione
516 1809 741 1858 fraudaret,
765 1822 906 1848 rursus
925 1809 977 1848 ad
998 1810 1252 1848 narrandum
1271 1822 1312 1849 se
1331 1813 1496 1849 revocat
1515 1821 1525 1849 ε

571 1927 623 1961 Ac
643 1925 753 1960 simul
773 1924 901 1960 infesti
920 1927 1075 1960 ventum
1094 1927 1150 1960 est
1169 1925 1216 1960 ad
1235 1924 1363 1960 littora
1381 1925 1487 1971 ponti

571 1978 696 2014 Mollia
716 1987 783 2023 per
803 1977 915 2012 duras
936 1977 1154 2022 panduntur
1170 1977 1325 2012 brachia
1345 1980 1483 2018 cautes,

571 2029 786 2065 Astrinxere
805 2028 919 2074 pedes
941 2029 1115 2074 scopulis,
1138 2028 1350 2075 injectaque
1369 2029 1505 2070 vincla,

570 2082 615 2116 Et
632 2091 740 2116 cruce
756 2082 922 2125 viminea
942 2080 1127 2115 moritura
1141 2082 1268 2126 puella
1286 2081 1484 2127 pependit.

571 2133 746 2168 Servatur
765 2135 892 2168 tamen
912 2132 952 2166 in
972 2143 1084 2178 poena
1100 2134 1291 2179 vultusque
1304 2133 1495 2178 pudorque
1514 2144 1526 2168 :

571 2186 763 2231 Supplicia
782 2186 862 2229 ipsa
882 2185 1005 2220 decent
1011 2195 1026 2227 ;
1046 2184 1153 2220 nivea
1172 2185 1311 2220 cervice
1332 2184 1495 2229 reclinis,

569 2237 730 2273 Molliter
752 2236 847 2283 (ipsa
867 2247 944 2271 suae
966 2239 1094 2272 custos
1115 2238 1169 2272 est
1187 2237 1289 2282 palla
1311 2235 1454 2282 figurae)

572 2288 772 2324 Dessuxere
793 2288 893 2323 sinus
919 2288 1100 2331 humeris,
1119 2288 1290 2334 fugitque
1308 2287 1467 2323 lacertos

570 2341 704 2385 vestis,
726 2342 763 2375 et
784 2339 891 2375 effusi
909 2340 1070 2386 scapulis
1090 2340 1234 2375 haesere
1256 2339 1390 2385 capilli.

384 2447 530 2489 Vivida
550 2447 639 2486 haec
667 2447 890 2486 admodum
913 2447 1128 2498 pendentis
1147 2447 1293 2498 puellae
1314 2447 1499 2498 pictura:
1522 2450 1566 2486 ut
1586 2446 1784 2496 dubitem,
1805 2459 1858 2487 an

385 2525 469 2552 non
495 2512 536 2550 in
555 2515 693 2550 mente
721 2510 933 2550 scribentis
966 2515 1097 2562 poetae
1125 2523 1172 2549 ac
1193 2510 1302 2549 velut
1331 2515 1425 2550 ante
1459 2511 1599 2550 oculos
1630 2510 1769 2563 aliqua
1793 2511 1856 2551 vel

383 2574 529 2616 tabula
550 2575 613 2613 vel
632 2578 769 2613 statua
791 2573 999 2613 insederit.
1021 2574 1080 2612 Ea
1100 2574 1208 2612 enim
1230 2581 1289 2614 est
1306 2574 1455 2614 horum
1475 2586 1667 2613 versuum
1687 2574 1858 2626 propria

385 2638 666 2692 pulchritudo,
689 2649 813 2689 quam
833 2637 1009 2676 artifices
1029 2637 1258 2689 exprimere
1278 2637 1425 2686 solent,
1441 2650 1525 2678 non
1543 2642 1676 2691 poetae
1691 2637 1721 2678 ².
1744 2639 1857 2677 Tunc

428 2785 457 2816 1.
478 2784 584 2823 Man„
601 2783 749 2820 Astron„
770 2783 811 2823 V,
833 2783 975 2813 540-620.
1788 2812 1792 2816 .

427 2831 458 2863 2.
479 2831 557 2862 Non
583 2830 708 2862 unicus
731 2828 788 2860 hic
813 2829 911 2860 locus
935 2830 1000 2869 est,
1021 2828 1057 2860 in
1080 2837 1150 2869 quo
1170 2829 1350 2861 Manilium
1365 2828 1517 2865 ,artificis
1538 2828 1687 2870 alicujus
1709 2835 1855 2869 operum
