1930 3320
919 249 1197 290 ..1ss-

328 369 482 406 manico
537 367 707 407 Caesare
759 369 880 407 fuisse
935 373 975 407 et
1027 369 1157 418 ipsum
1200 369 1517 408 Astronomicon
1563 374 1778 410 auctorem.

331 435 487 482 Quotus
521 436 624 474 enim
660 436 827 484 quisque
865 434 942 473 fuit
967 435 1168 474 hominum
1194 432 1457 484 literatorum,
1494 438 1589 486 quin
1616 450 1709 477 mox
1735 439 1779 476 in

327 503 522 551 principis
563 503 737 540 favorem
779 505 959 552 speraret
995 514 1035 540 se
1068 507 1288 552 venturum,
1332 503 1365 541 si
1399 505 1504 543 inter
1541 505 1642 542 caeli
1677 504 1778 543 side-

327 582 490 618 rumque
519 570 758 618 interpretes
787 570 970 633 iii-primis
997 574 1136 620 poetas
1165 571 1420 609 versaretur?

428 637 612 686 Denique
639 650 663 674 a
691 637 800 674 nullo
830 637 1012 686 principe
1041 638 1118 675 nisi
1145 639 1194 676 ab
1214 639 1389 687 Augusti
1407 638 1595 688 privigno
1623 641 1783 678 constat

329 704 564 753 diligentius
593 716 638 742 ac
664 705 908 754 religiosius,
938 705 971 742 si
999 705 1145 743 bellum
1166 691 1442 743 Germanicum
1469 706 1689 744 hereditate
1717 717 1780 744 ac-

329 774 486 821 ceptum
520 773 736 822 exceperis,
771 773 882 821 pacis
917 777 957 810 et
991 772 1065 810 otii
1099 773 1435 821 tranquillitatem
1460 785 1544 812 esse
1573 776 1780 813 servatam.

329 838 432 889 (Ofr.
461 851 500 876 v.
531 839 607 887 13.)

433 906 588 954 Quibus
629 907 825 955 expositis
862 907 939 944 iam
975 918 1055 944 non
1090 919 1241 955 vereor,
1277 920 1324 945 ne
1360 907 1533 956 praefari
1568 907 1782 945 Manilium

330 974 379 1012 ad
406 973 633 1023 Augustum
660 986 778 1023 posse
807 975 1023 1023 existimes,
1056 974 1117 1011 cui
1147 978 1304 1013 mortuo
1333 975 1449 1023 idem,
1480 974 1588 1023 quod
1617 973 1782 1012 Caesari

330 1042 443 1090 olim,
485 1042 636 1079 caelum
677 1042 822 1090 patuit.
875 1041 1015 1089 Neque
1058 1042 1161 1079 enim
1203 1047 1272 1080 aut
1315 1029 1609 1080 Suetonii'aut
1649 1041 1781 1079 Taciti

329 1109 562 1146 testimonia
603 1109 643 1145 in
686 1111 824 1146 nostra
866 1109 1024 1156 quidem
1066 1121 1183 1146 causa
1224 1114 1316 1147 sunt
1357 1122 1420 1158 ea,
1462 1121 1562 1159 quae
1601 1107 1779 1158 Augusti

330 1177 610 1214 auctoritatem
654 1179 854 1214 tueantur.
916 1176 1117 1214 Paulatim
1158 1189 1252 1214 vero
1296 1178 1489 1226 neglectis
1529 1175 1672 1215 ceteris
1710 1175 1779 1214 ho-

329 1244 501 1281 minibus
546 1243 675 1281 doctis
721 1244 899 1292 coeperis
946 1245 1099 1292 aliquid
1146 1244 1290 1283 habere
1330 1245 1421 1282 fidei
1463 1244 1610 1283 Carolo
1650 1243 1778 1281 Lach-

330 1322 473 1348 manno
484 1310 689 1348 Tiberium
703 1311 816 1359 quasi
830 1311 1014 1349 carminis
1030 1315 1240 1360 patronum
1255 1312 1482 1350 defendenti
1496 1313 1545 1350 ab
1559 1311 1640 1349 alia
1651 1312 1778 1361 parte.

433 1378 496 1416 Ac
530 1390 577 1415 ne
612 1378 688 1416 hoc
727 1379 884 1426 quidem
919 1391 1136 1428 agnoscere
1170 1380 1376 1418 dubitabis
1411 1379 1462 1417 ad
1493 1379 1616 1416 filium
1641 1377 1779 1427 potius

330 1446 380 1484 ad
399 1450 552 1495 patrem
575 1445 675 1484 clam
695 1450 886 1496 spectare,
908 1459 1006 1495 quae
1025 1447 1074 1485 de
1095 1447 1307 1485 Chaldaeis
1327 1447 1517 1496 leguntur
1534 1458 1591 1484 vs.
1611 1446 1778 1486 40—42:

599 1525 670 1567 „Et
694 1527 823 1559 natura
848 1510 949 1559 dedit
972 1525 1065 1560 vires
1089 1537 1200 1570 seque
1224 1526 1306 1572 ipsa
1329 1525 1485 1570 reclusit,

599 1581 797 1626 Regales
822 1582 961 1616 animos
986 1582 1138 1626 primum
1164 1583 1315 1627 dignata
1339 1593 1482 1617 movere

599 1638 774 1672 Proxima
797 1638 981 1683 tangentis
1007 1649 1122 1672 rerum
1147 1639 1295 1683 fastigia
1320 1639 1458 1673 caelo.“

427 1716 609 1764 Namque
639 1717 695 1754 sic
722 1716 881 1754 videtur
907 1716 985 1754 hoc
1012 1717 1102 1754 loco
1130 1721 1252 1766 poeta
1280 1717 1471 1755 sensisse:
1499 1727 1613 1766 reges
1641 1715 1775 1764 fuisse,

331 1785 397 1834 qui
425 1785 476 1823 ad
503 1784 850 1834 contemplandum
878 1785 1028 1821 caelum
1054 1783 1481 1833 pervestigandumque
1500 1783 1619 1833 primi
1637 1783 1775 1822 oculos

329 1853 447 1891 humo
477 1852 728 1899 attollerent3
763 1863 895 1900 regem
924 1863 1007 1889 esse
1036 1864 1134 1900 eum,
1173 1863 1249 1899 quo
1280 1851 1438 1889 favente
1467 1854 1587 1899 atque
1614 1851 1776 1889 iuvante

329 1921 430 1959 caeli
464 1922 608 1958 natura
643 1923 722 1956 tam
750 1922 889 1967 aperta
916 1923 1205 1967 perspectaque
1234 1920 1451 1966 constaret,
1485 1921 1530 1956 ut
1558 1918 1643 1956 eius
1669 1918 1777 1956 vires

330 1987 504 2026 numeris
532 1986 706 2024 inclusas
735 1986 786 2023 ad
812 1981 941 2024 artem⁴
965 1990 1005 2023 et
1031 1990 1247 2035 praecepta
1274 1998 1460 2024 revocare
1488 1986 1546 2023 fas
1566 1989 1682 2033 esset.
1728 1985 1776 2023 In

329 2056 440 2093 nullo
469 2055 651 2104 profecto
680 2053 918 2102 principum,
948 2054 1015 2102 qui
1043 2066 1166 2102 usque
1195 2053 1245 2091 ad
1265 2053 1517 2091 Hadrianum
1543 2053 1776 2102 floruerunt,

330 2123 508 2171 quamvis
544 2122 744 2160 Velleium
779 2119 1014 2158 Suetonium
1049 2121 1230 2159 Tacitum
1265 2121 1366 2159 alios
1401 2120 1588 2169 volveris,
1622 2122 1778 2159 tantum

329 2201 459 2228 rerum
492 2189 827 2238 astrologicarum
861 2189 1038 2237 reperies
1073 2201 1258 2236 amorem,
1295 2191 1485 2237 quantum
1520 2187 1679 2236 quidem
1710 2186 1776 2226 Ti-

328 2257 431 2294 berii
476 2255 598 2294 fuisse
644 2256 877 2305 accepimus
938 2256 1002 2294 Ita
1046 2257 1096 2294 ad
1140 2256 1231 2293 illas
1276 2267 1339 2293 res
1379 2254 1575 2292 canendas
1616 2254 1776 2304 ingenia

329 2324 502 2362 incitans
530 2324 595 2362 hic
622 2323 708 2373 ipse
736 2324 862 2361 factus
893 2327 954 2360 est
972 2324 1081 2361 caelo
1101 2324 1307 2372 maximus,
1337 2334 1451 2370 quem
1470 2333 1555 2360 esse
1573 2322 1775 2372 posterius

328 2403 365 2428 v.
394 2393 466 2430 386
495 2392 673 2439 obscure,
701 2393 746 2428 ut
773 2391 931 2439 opinor,
961 2391 1220 2439 significatur.

432 2458 532 2506 Quis
560 2458 730 2506 denique
758 2458 862 2495 inter
888 2458 1103 2507 principes,
1138 2458 1215 2495 nisi
1246 2457 1511 2496 Octavianum
1536 2455 1774 2505 respexeris,

330 2527 506 2565 sanctius
547 2526 819 2564 Fortunam
865 2525 978 2563 deam
1027 2525 1289 2563 venerandam
1336 2525 1414 2563 sibi
1455 2525 1496 2562 in
1536 2534 1660 2572 regno
1701 2522 1775 2561 fati
1816 2559 1822 2566 ,

328 2598 470 2644 putare
497 2594 633 2644 potuit
661 2605 776 2642 quam
804 2593 850 2642 is,
877 2605 901 2630 a
929 2604 1007 2641 quo
1036 2592 1171 2630 aedem
1198 2593 1334 2630 Fortis
1354 2593 1558 2631 Fortunae
1585 2590 1628 2628 in
1644 2589 1774 2628 hortis

331 2661 515 2700 Caesaris
552 2674 586 2700 a.
619 2660 670 2698 U.
706 2672 738 2698 c.
780 2662 853 2698 770
893 2663 1135 2698 exstructam
1174 2671 1258 2698 esse
1294 2660 1458 2698 Tacitus
1499 2658 1566 2710 (A.
1599 2657 1656 2707 ΙΙ,
1694 2656 1773 2706 41.)

329 2729 540 2769 memoriae
576 2727 738 2779 prodit?
790 2727 838 2765 In
879 2728 999 2766 talem
1026 2727 1179 2767 Tiberii
1213 2728 1445 2778 opinionem
1477 2725 1580 2765 nihil
1607 2723 1776 2774 quadrat
