1936 3392
1569 369 1619 410 ll

266 491 398 534 Illius
427 491 480 533 in
512 490 638 533 terris
668 489 850 533 orientis
881 493 1067 546 tempore
1096 492 1230 532 natus

267 563 339 605 Ad
366 563 508 619 spolia
539 565 577 604 et
602 564 759 618 partas
788 565 935 617 suryet
964 562 1030 603 vel
1058 561 1180 605 caede
1209 560 1394 617 rapinas

267 706 335 749 Et
362 706 411 748 si
438 706 574 761 forte
606 705 730 748 bonis
759 705 979 748 accesserit
1010 704 1200 760 impetu-s·
1230 704 1366 756 ausis,

267 777 530 835 Improbitas
560 777 636 833 fiet
666 777 826 831 virtus,
860 780 936 819 etc·

213 861 265 904 V.
298 862 384 905 649
397 875 507 918 sqq.:

267 933 388 976 Hine
416 933 525 989 fuya
554 936 829 985 nascent-am,
861 933 984 975 dolus
1015 932 1285 987 insidiaeque
1315 934 1531 984 creantur,

273 1005 586 1060 Gra-§satorque
615 1004 734 1047 venit
763 1004 953 1046 mediam
984 1004 1240 1046 metuendus
1269 1003 1322 1045 in
1351 1003 1513 1045 urbem.

266 1077 334 1119 Et
362 1077 412 1119 si
439 1077 576 1132 forte
607 1077 779 1132 aliquas
809 1076 990 1118 animus
1021 1079 1247 1130 emlsuryet
1275 1075 1328 1117 in
1359 1075 1481 1128 artis,

266 1149 327 1191 In
350 1152 595 1205 praerupta
624 1148 745 1191 dabit
773 1148 991 1202 studium,
1024 1152 1101 1190 etc.

213 1231 265 1274 V.
297 1233 419 1275 459s
479 1247 507 1274 .:

272 1304 394 1356 Quin
421 1246 557 1347 {iliam
589 1304 749 1360 trayieo
774 1304 1063 1360 praestabant
1093 1304 1221 1346 verba
1251 1304 1460 1346 cothurno

268 1448 336 1491 E't
365 1448 413 1490 si
442 1448 542 1504 quis
572 1448 717 1490 studio
747 1447 964 1490 scribendi
993 1447 1145 1489 mitior
1174 1447 1267 1500 ibit,

275 1519 447 1563 Comiea
476 1523 697 1576 eomponet
728 1519 851 1562 laetis
881 1519 1123 1575 spectacula
1154 1519 1269 1561 ludis

267 1663 336 1705 Et
364 1663 415 1705 si
446 1666 571 1705 tanta
600 1677 780 1719 operum
810 1663 924 1705 vires
955 1666 1196 1705 commenta
1225 1663 1442 1718 neyam'nt,

266 1734 355 1778 His
384 1735 528 1778 deoeter
559 1738 705 1777 tamen
735 1738 853 1777 actor
882 1735 983 1788 erit,
1017 1739 1092 1777 etc.

213 1818 266 1860 V.
298 1819 383 1860 447
399 1832 508 1874 sqq.:

267 1889 334 1932 At
362 1890 411 1932 si
440 1890 641 1946 deficient
670 1894 803 1945 artes,
834 1891 1073 1933 remanebit
1103 1891 1155 1933 in
1185 1891 1276 1933 illis

267 1961 474 2005 Materies·
505 1966 650 2005 tamen
680 1966 803 2019 apta,
836 1966 913 2006 etc.

244 2045 507 2089 Huiusmodi
533 2047 669 2103 igitur
693 2047 948 2089 sententiam
968 2047 1158 2102 requiro:
1192 2047 1254 2089 Et
1275 2047 1317 2089 si
1335 2047 1445 2103 forte
1463 2051 1629 2089 natura

126 2118 188 2161 eis
213 2118 435 2174 neyave‘n't
457 2118 571 2161 vires
596 2119 655 2160 ad
677 2133 788 2174 opus
811 2119 912 2161 ruri
935 2119 1207 2174 faciendum,
1240 2119 1491 2161 exercebunt
1515 2122 1628 2161 artes

125 2189 221 2233 sine
251 2190 411 2246 quibus
442 2194 517 2232 etc.
581 2189 664 2232 Sed
697 2190 1036 2233 emendationem
1066 2191 1259 2233 nondum
1290 2192 1448 2234 inveni.

215 2332 260 2376 L.
291 2333 351 2389 V,
381 2347 420 2375 v.
449 2334 552 2380 361:

269 2417 446 2473 Reyalis
476 2421 528 2460 ut
557 2432 655 2474 opes
687 2422 727 2460 et
756 2433 881 2461 saera
911 2419 1086 2462 aeraria
1115 2423 1292 2461 servent.

248 2500 372 2545 Unus
397 2501 608 2544 Gemblac.
640 2502 766 2545 habet
795 2506 948 2545 saneta
985 2503 1088 2560 (sea)
1101 2537 1112 2557 ‚
1147 2503 1263 2559 quod
1291 2503 1398 2545 mihi
1424 2516 1629 2559 reponen-

128 2572 231 2616 dum
254 2572 445 2617 videtur:
477 2574 530 2617 de
554 2574 724 2617 aerario
748 2575 962 2617 sanctiore
984 2575 1184 2618 lectorem
1203 2575 1334 2617 verbo
1354 2575 1628 2617 admonuisse

126 2644 231 2688 satis
260 2645 353 2687 erit.

246 2775 291 2818 L.
323 2775 382 2832 V,
412 2791 451 2819 v.
480 2778 576 2820 599.
638 2777 770 2820 Poeta
807 2778 1011 2821 describit
1047 2778 1202 2822 Persea
1238 2792 1338 2821 cum
1375 2778 1518 2820 bellua·
1550 2792 1629 2833 pu-

129 2851 347 2903 gnantem:

275 2931 358 2974 Sed
386 2936 603 2988 quantum
632 2934 712 2976 illa
740 2934 876 2988 subit,
914 2949 1120 2990 spumam
1152 2934 1365 2976 eiaculata
1391 2934 1626 2990 profundo,

273 3003 331 3045 In
362 3006 535 3048 tantum
564 3006 742 3060 revolat,
775 3010 851 3048 etc.
