1936 3392
869 277 924 318 15

239 431 305 475 Ad
339 433 537 486 quattuor
569 427 700 482 igitur
733 423 826 466 illos
861 421 1007 474 libros,
1053 420 1125 476 qui
1157 420 1280 463 hodie
1313 421 1449 464 textui
1485 420 1619 463 Mani-

177 511 289 554 liano
321 508 637 551 fundamentum
672 502 870 561 praebent
887 535 899 554 ‚
935 499 1273 544 Gemblacensem
1308 500 1400 543 dico
1449 504 1490 543 et
1523 499 1622 557 Lip-

177 591 352 638 siensem
397 592 436 629 et
474 585 698 628 Vossianos
733 583 838 634 duo,
893 582 1048 637 quique
1083 595 1133 622 ex
1165 595 1251 623 uno
1285 579 1507 637 archetypo
1541 579 1622 622 ori-

179 669 317 727 ginem
366 667 553 717 ducunt,
603 668 653 706 ut
684 663 922 713 redeamus,
965 660 1157 718 apparuit
1190 675 1322 702 unum
1356 660 1503 703 horum
1538 663 1627 702 tan-

177 741 417 794 tummodo,
451 739 703 782 Vossianum
736 736 896 779 scilicet
930 734 1182 787 secundum,
1217 734 1449 791 genuinum
1482 737 1627 791 poetae

179 837 330 866 nomen
364 819 602 874 ostendere,
637 832 732 860 cum
762 815 914 872 reliqui
939 819 981 857 et
1004 814 1286 870 antiquissimi
1309 815 1439 857 Arato
1466 829 1628 857 carmen

181 902 260 945 hoc
291 899 492 944 tribuant.
547 898 651 941 Inde
685 900 822 939 autem
859 895 1049 952 sequitur
1081 894 1237 937 fontem
1260 894 1506 951 primarium
1528 892 1629 936 falso

183 980 258 1025 illo
307 980 474 1023 nomine
506 977 754 1034 inscriptum
789 975 928 1017 fuisse.
994 973 1144 1030 Neque
1179 972 1255 1016 hoc
1289 973 1457 1016 mirum.
1520 971 1628 1014 Nam

183 1060 303 1103 Arati
354 1058 485 1116 ipsius
519 1070 683 1099 carmen
717 1055 795 1097 etsi
827 1054 965 1096 minus
999 1060 1086 1095 erat
1117 1057 1286 1105 notum,
1340 1056 1480 1095 tamen
1512 1051 1635 1094 versi-

184 1154 283 1183 ones
331 1138 485 1180 latinae
535 1134 766 1187 Ciceronis,
802 1133 986 1176 Caesaris
1020 1132 1285 1184 Germanici,
1333 1132 1484 1175 Avieni
1517 1135 1638 1174 erant

185 1217 479 1278 pervulgatae,
528 1215 729 1258 Manilius
769 1218 907 1257 autem
942 1229 1073 1271 paene
1111 1213 1299 1270 ignotus.
1371 1212 1502 1271 Cuius
1535 1211 1640 1254 libro

185 1298 319 1357 primo
354 1294 671 1340 Astronomicon
706 1309 799 1336 cum
834 1293 965 1336 maior
997 1297 1039 1335 et
1072 1292 1340 1350 singulorum
1376 1307 1568 1335 versuum
1598 1295 1641 1335 et

189 1378 322 1422 totius
368 1364 475 1419 libri*
517 1375 692 1417 affinitas
739 1374 973 1416 intercedat
1021 1388 1115 1416 cum
1155 1373 1277 1416 Arati
1315 1373 1519 1426 carmine,
1553 1373 1641 1415 fieri

187 1472 273 1501 non
303 1456 470 1514 potuit,
506 1454 607 1510 quin
641 1458 786 1510 poetae
818 1453 954 1510 ignoti
987 1468 1140 1496 nomen
1172 1452 1263 1496 loco
1297 1452 1461 1496 cederet
1482 1452 1642 1495 nomini

193 1536 376 1580 clarioris
408 1539 579 1592 poetae,
614 1534 685 1590 qui
721 1533 892 1576 eandem
926 1533 1009 1575 fere
1041 1547 1127 1575 rem
1159 1536 1374 1576 tractaret.
1421 1532 1661 1595 Praeterea

193 1616 378 1659 conicere
427 1614 525 1657 licet
572 1613 672 1656 haec
721 1612 902 1655 carmina
950 1612 1158 1655 variorum
1193 1612 1243 1654 de
1277 1612 1421 1655 eadem
1454 1611 1643 1654 doctrina

196 1694 409 1754 agentium
443 1698 661 1752 poetarum
693 1692 905 1735 interdum
939 1692 982 1750 in
1017 1707 1149 1735 unum
1185 1692 1379 1735 volumen
1410 1692 1436 1749 ¹)
1470 1691 1644 1735 collecta

192 1790 305 1827 esse,
340 1773 452 1830 quod
485 1773 651 1816 nomine
686 1774 931 1815 Arateorum
964 1772 1050 1815 sive
1082 1773 1203 1815 Arati
1238 1772 1490 1830 inscriptum
1524 1776 1643 1817 esset.

193 1853 408 1898 Librarius
441 1856 581 1896 autem
613 1851 805 1895 Vossiani
838 1852 1012 1895 secundi
1046 1867 1141 1895 cum
1174 1868 1223 1895 eo
1251 1856 1439 1910 tempore
1462 1853 1644 1906 viveret,

193 1933 289 1992 plus
337 1948 461 1989 quam
501 1932 810 1989 quinquaginta
843 1931 1003 1975 scilicet
1037 1933 1161 1976 annis
1194 1937 1289 1991 post
1321 1933 1474 1991 Poggii
1506 1933 1647 1978 inven-

195 2014 288 2055 tum
300 2044 313 2064 ,
353 2026 436 2067 quo
468 2010 636 2054 Manilii
669 2025 819 2053 nomen
853 2010 935 2053 iam
968 2010 1244 2064 innotuisset,
1278 2027 1354 2069 pro
1387 2012 1487 2055 falsa
1509 2027 1646 2056 veram
1718 1994 1829 2066 '710

194 2090 509 2149 inscriptionem
558 2089 678 2133 facile
726 2105 923 2147 reponere
975 2091 1129 2147 potuit.
1196 2090 1413 2135 Hactenus
1449 2093 1499 2135 de
1533 2090 1649 2135 libris

199 2170 506 2228 manuscriptis.
1091 2161 1093 2164 ⁴

261 2250 441 2306 Antiqui
495 2264 700 2305 nusquam
758 2250 1012 2292 mentionem
1063 2251 1251 2293 fecerunt
1299 2267 1435 2307 neque
1485 2250 1651 2294 Manilii

200 2343 332 2387 neque
381 2330 470 2372 eius
518 2329 675 2386 operis;
725 2333 905 2372 attamen
941 2329 1019 2372 hoc
1052 2345 1136 2374 non
1169 2331 1361 2387 ignotum
1395 2332 1520 2374 fuisse
1554 2347 1654 2374 non·

201 2408 310 2453 nulli
357 2406 534 2466 probant
581 2408 662 2452 loci
712 2410 989 2466 posteriorum
1038 2410 1301 2468 scriptorum.
1368 2412 1424 2454 Et
1469 2412 1653 2469 primum

204 2484 373 2542 quidem
406 2485 451 2527 in
483 2485 656 2529 Anthol.
691 2485 843 2528 Latina
874 2485 1033 2543 legitur
1055 2501 1219 2531 carmen
1242 2487 1411 2532 Claudii
1434 2489 1652 2532 cuiusdam

206 2564 258 2608 de
290 2565 413 2608 Luna
439 2563 499 2622 ²),
535 2565 647 2621 quod
680 2566 740 2608 sic
772 2566 947 2624 incipit:

255 2718 281 2760 ¹)
330 2721 423 2752 Inter
459 2721 624 2752 editiones
654 2721 901 2753 vetustissimas
925 2722 1142 2754 Bononiensis
1168 2724 1281 2764 (1474)
1307 2734 1377 2756 cum
1402 2725 1502 2757 Arato
1528 2726 1657 2758 Germa-

214 2781 282 2814 nici
316 2791 378 2813 nno
403 2782 566 2816 volumine
591 2782 893 2822 comprehenditur,
923 2784 1042 2816 Aldina
1067 2786 1181 2826 (1499)
1208 2796 1278 2818 eum
1302 2788 1395 2819 Arati
1420 2789 1658 2820 Phaenomenis

208 2842 336 2879 latine,
373 2851 441 2874 cum
467 2845 638 2875 comment.
664 2845 699 2875 et
722 2845 885 2884 metaphr.
911 2845 1096 2885 Ciceronis,
1127 2847 1327 2885 Germanici,
1369 2850 1494 2881 Avieni.
1521 2850 1656 2881 Graesse

210 2903 281 2942 l.l.;
306 2904 408 2935 Buhle
433 2905 522 2937 Arat.
546 2905 671 2944 proleg.
695 2914 770 2945 pag.
794 2906 861 2938 XV.

261 2963 288 3006 θ)
336 2966 424 2996 Edit.
450 2967 536 2996 Ries.
562 2968 626 2998 723
651 2968 738 3007 Lips.
763 2969 884 3001 Teubn.
