1942 3308
834 296 888 307 ..
948 271 1004 318 55
1065 294 1119 306 ..-

212 402 464 458 (Mommsen
505 402 530 448 l.
564 401 588 448 l.
621 418 659 461 p.
692 400 840 445 LVIII
882 408 922 445 et
954 401 1057 445 LXI
1089 408 1128 445 et
1161 401 1254 456 83).
1318 400 1413 454 Quo
1444 406 1632 460 tempore
1659 400 1737 444 hoe

210 473 400 516 refecerit
430 473 646 528 Augustus
679 472 893 524 nescimus,
934 472 1006 514 scd
1035 472 1302 529 probabiliter
1331 471 1550 529 Zumptius
1582 471 1635 513 ad
1665 487 1735 513 an·

210 558 310 585 num
343 543 425 585 745
450 542 642 600 Capitolii
668 543 969 598 reparationem
1003 541 1160 583 rettulit
1181 557 1228 583 ac
1257 542 1428 583 fortasse
1459 541 1603 584 eadem
1636 547 1736 583 tem-

211 619 347 670 pestas
387 612 508 654 etiam
552 612 725 668 Pompei
764 612 969 654 theatrum
1014 611 1262 665 devastavit,
1307 611 1356 655 ef.
1401 611 1560 655 Theod.
1594 610 1737 666 Bergk

214 681 397 737 Augusti
426 696 563 723 rerum
596 697 619 722 a
650 696 692 722 se
714 688 924 735 gestarum
952 681 1034 723 ind.
1066 695 1158 722 curn
1180 695 1329 736 graeca
1349 681 1597 737 metaphrasi
1619 679 1735 723 Gott.

213 749 323 793 1873
353 765 393 807 p.
422 750 490 794 65.
553 750 699 806 Itaque
727 750 760 790 si
793 750 843 791 de
875 750 1036 791 theatro
1074 749 1246 806 Pompei
1275 749 1448 791 flammis
1481 749 1617 792 deleto
1646 763 1735 791 ver-

210 834 279 861 sus
309 819 455 861 allatos
488 820 869 876 interpretaremur,
913 825 1050 860 tamen
1082 834 1163 860 non
1206 819 1257 860 de
1288 819 1455 862 Tiberio
1485 827 1591 861 esset
1626 819 1736 875 eogi-

210 889 396 933 tandum.
458 889 587 932 Recte
614 896 752 930 autem
779 889 965 945 VVoltjer
996 889 1021 932 l.
1051 888 1078 932 l.
1110 904 1148 944 p.
1183 889 1237 932 23
1270 896 1310 931 et
1342 889 1397 932 24
1425 889 1734 942 demonstravit,

210 965 374 1016 poetam
414 959 468 1000 ibi
507 973 649 1001 eorum
679 973 807 1015 opera
838 957 1092 1012 intellegere,
1137 973 1238 1014 quos
1280 958 1456 1000 artifices
1498 958 1586 1001 auri
1628 957 1737 1000 dicat

209 1044 249 1073 v.
278 1028 376 1082 507,
422 1027 492 1084 qui
536 1027 648 1069 mille
688 1027 832 1083 figuris
875 1033 1034 1068 vertere
1075 1042 1177 1083 opus
1220 1028 1377 1084 possint
1418 1034 1517 1081 etc.;
1558 1028 1653 1069 hinc
1684 1027 1735 1070 de

207 1097 394 1154 augustis
429 1096 666 1139 muneribus
706 1097 746 1137 in
779 1096 946 1137 sacratis
977 1095 1141 1152 templis
1173 1096 1369 1153 expositis
1401 1097 1526 1154 loqui,
1567 1112 1647 1139 non
1681 1097 1734 1140 de

209 1166 375 1223 templis
406 1166 504 1223 ipsis
537 1181 611 1208 nee
643 1165 694 1207 de
726 1166 910 1208 theatris.
973 1165 1150 1206 Versum
1181 1165 1360 1223 denique
1391 1166 1489 1220 514,
1523 1167 1593 1223 qui
1624 1173 1734 1209 certe

207 1236 250 1278 in
290 1237 399 1278 hunc
439 1235 573 1277 locum
614 1234 818 1291 quadrare
858 1249 939 1275 non
983 1233 1156 1287 videtur,
1201 1249 1292 1276 cum
1326 1235 1515 1278 Bentleio
1554 1237 1586 1277 is
1619 1242 1735 1293 putat

208 1305 438 1348 eiciendum
472 1319 579 1356 esse;
619 1304 692 1346 sed
733 1303 832 1344 mihi
865 1312 960 1345 nata
1003 1310 1064 1344 est
1096 1304 1271 1361 suspicio
1304 1305 1440 1347 nescio
1469 1321 1551 1362 quo
1583 1321 1678 1348 casu
1710 1320 1733 1347 e

177 1375 342 1432 ·primo
382 1375 422 1415 in
456 1374 646 1431 quintum
686 1373 835 1414 librum
879 1373 1060 1414 delatum
1103 1387 1194 1414 eum
1229 1389 1330 1427 esse,
1375 1374 1432 1416 sic
1463 1382 1507 1416 ut
1537 1390 1611 1418 suo
1644 1376 1733 1418 loco

208 1443 443 1486 reddendus
475 1444 527 1485 sit
559 1443 595 1497 (I
627 1443 710 1486 889
742 1443 844 1499 sq.):
870 1441 899 1497 ¹)

956 1513 1094 1553 lassus
1125 1512 1336 1567 defecerat
1367 1515 1500 1569 iynis:

382 1583 481 1625 Non
511 1584 717 1624 eoestincta
747 1583 846 1634 lues,
873 1595 1114 1638 semperque
1145 1584 1327 1624 recentia
1344 1583 1540 1636 flammis

380 1652 437 1695 Et
467 1654 724 1694 coacervatis
754 1651 962 1693 ardebant
993 1665 1178 1707 corpora
1206 1652 1412 1704 membris,

379 1722 443 1764 Ac
473 1726 590 1764 tanto
621 1722 835 1778 quondam
863 1722 1022 1777 populo
1055 1723 1127 1763 vix
1159 1723 1331 1777 contiyit
1360 1721 1489 1764 heres.

205 1792 377 1835 Praeter
404 1790 539 1832 locum
570 1790 691 1833 modo
721 1791 970 1848 explicatum
1004 1791 1340 1847 quandoquidem
1370 1791 1483 1833 nulla
1514 1791 1554 1833 in
1587 1793 1730 1849 quinto

205 1861 311 1903 libro
341 1860 550 1902 invenitur
578 1860 793 1912 sententia,
836 1860 944 1902 unde
975 1860 1026 1902 de
1066 1867 1200 1902 aetate
1237 1860 1463 1916 quidquam
1494 1862 1730 1916 concludas,

209 1930 334 1973 etiam
363 1930 430 1971 hic
460 1929 536 1970 sub
574 1928 707 1985 primo
745 1928 992 1985 imperatore
1029 1929 1203 1985 scriptus
1234 1935 1274 1971 et
1302 1929 1435 1971 editus
1467 1945 1555 1972 esse
1584 1938 1730 1988 potest,

210 1999 283 2041 sed
314 1997 586 2040 concedemus
613 2004 734 2053 poeta
766 1997 805 2038 in
838 1997 1053 2039 scribendo
1083 1997 1160 2038 hoc
1197 1997 1301 2040 libro
1340 2005 1530 2042 versante
1560 2001 1733 2044 fortasse

206 2074 415 2110 mortuum
447 2080 533 2108 esse
565 2067 817 2122 Augustum.
880 2066 966 2110 Sed
999 2066 1098 2108 haec
1127 2066 1294 2123 quidem
1326 2068 1545 2112 hactenus!

344 2146 467 2190 Nunc
499 2147 741 2202 Augusteae
782 2147 904 2188 aetati
948 2148 1250 2190 astronomicon
1294 2148 1419 2191 libros
1460 2149 1600 2192 deberi
1632 2166 1731 2207 quo-

206 2217 314 2259 niam
356 2217 617 2274 exploratum
663 2216 779 2258 nobis
812 2217 942 2258 visum
985 2223 1056 2269 est,
1097 2217 1140 2258 id
1183 2233 1350 2275 quoque
1391 2225 1452 2260 est
1483 2219 1729 2274 conandum,

206 2301 305 2328 num
334 2301 408 2328 suo
439 2300 647 2342 quemque
677 2300 784 2327 anno
815 2286 995 2328 tribuere
1026 2287 1252 2343 possimus:
1291 2303 1374 2345 qua
1409 2288 1450 2330 in
1485 2304 1529 2332 re
1558 2289 1609 2331 ad
1642 2290 1731 2331 imi-

205 2356 379 2398 tationes
410 2354 637 2398 Ovidianas
669 2355 991 2411 confugiendum
1020 2362 1093 2399 est.

345 2435 392 2479 Si
433 2436 615 2492 epitheta
657 2442 697 2478 et
739 2435 849 2478 locos
890 2436 1055 2490 similes,
1100 2451 1203 2493 quos
1244 2436 1355 2494 apud
1387 2436 1587 2481 Ovidium
1616 2445 1657 2481 et
1688 2440 1730 2481 in

206 2504 506 2547 astronomicon
554 2505 657 2547 libro
703 2506 836 2562 primo
878 2505 1077 2561 legimus,
1128 2506 1364 2561 intuebcre,
1412 2507 1630 2550 nonnullos
1677 2509 1730 2551 ad

206 2574 344 2631 priora
385 2573 526 2618 Ovidii
568 2575 750 2616 carmina
790 2575 992 2617 adsonare
1031 2575 1328 2633 apparebit32)
1375 2576 1500 2632 longe
1532 2577 1729 2634 plurimas

207 2658 329 2686 voees
357 2644 674 2700 sententiasque,
719 2660 825 2701 quae
866 2645 1046 2702 aliquam
1088 2645 1268 2702 prodant
1306 2645 1629 2700 similitudinem,
1675 2662 1729 2689 ex

207 2711 611 2769 Metamorphosibus
652 2713 846 2756 Manilius
888 2716 1123 2772 assumpsit.
1195 2714 1415 2758 Fastorum
1458 2715 1727 2759 imitationem

350 2815 374 2858 ¹)
401 2817 512 2850 Aliter
537 2817 630 2850 huno
654 2818 767 2852 locum
792 2822 919 2852 tractat
943 2820 1079 2853 Breiter
1104 2820 1202 2852 Neue
1226 2820 1351 2853 Jahrb.
1368 2821 1391 2852 f.
1410 2820 1499 2853 Phil.
1525 2821 1595 2853 und
1622 2822 1728 2860 Paed,

209 2875 297 2908 1889
323 2877 347 2907 t.
379 2875 441 2907 139
466 2886 499 2917 p.
525 2876 604 2908 860.

344 2932 370 2975 ²)
397 2933 438 2967 of.
466 2933 607 2966 Cramer
631 2933 654 2967 l.
677 2933 700 2965 l.
