1936 3392
1097 339 1148 374 56

1153 486 1314 534 pectora
1360 495 1554 531 amorem,
1609 481 1730 522 efficis
1773 485 1819 521 ut

1155 556 1299 612 cupide
1331 557 1551 612 generatim
1582 557 1711 598 saecla
1731 572 1821 612 pro·

1155 636 1316 688 pagent.

487 710 588 751 Cum
626 710 698 762 IV,
750 712 923 752 1--115
974 710 1134 751 Manilii
1182 715 1443 766 componatur
1479 710 1597 752 Lucr.
1635 710 1709 762 II,
1762 713 1813 752 11

423 802 534 842 seqq.
568 787 635 828 III
670 790 722 829 59
758 803 865 842 seqq.
899 787 1121 843 Imprimis:

483 863 566 906 IV:
596 867 641 906 l:
677 864 787 916 Quid
811 869 890 905 tam
907 864 1088 905 sollicitis

1180 864 1247 905 II:
1272 866 1323 906 14
1338 880 1348 906 ι
1366 864 1402 905 O
1420 864 1580 905 miseras
1603 864 1813 906 hominum

425 941 550 982 vitam
613 942 883 983 consumimus
947 941 1061 983 annis
1078 940 1095 981 Ρ
1157 946 1323 991 mentes,
1342 956 1365 982 o
1381 945 1543 996 pectora
1560 941 1688 982 caeca!
1712 940 1818 999 Quae

424 1019 754 1072 Torquemurque
781 1023 914 1069 metu,
959 1033 1090 1059 caeca-

425 1110 503 1150 que
535 1096 726 1151 cupidine
757 1095 916 1137 rerum?
954 1098 1091 1137 Aeter-

422 1173 565 1227 nisque
626 1188 739 1214 senes
802 1174 929 1224 curis,
995 1173 1089 1214 dum

424 1251 652 1304 quaerimus
673 1264 833 1300 aevum,
856 1249 1085 1305 perdimus?

488 1330 511 1367 8
529 1343 536 1367 :
562 1325 743 1381 Cumque
760 1326 822 1367 sui
838 1341 980 1382 parvos
995 1341 1089 1367 usus

424 1408 567 1445 natura
598 1408 778 1459 reposcat
809 1410 903 1445 cett.

484 1555 545 1606 V,
575 1557 647 1597 10:
696 1555 797 1597 Cum
820 1557 941 1598 semel
958 1557 1088 1598 aethe-

421 1648 506 1675 reos
518 1634 648 1675 iussus
661 1635 924 1676 conscendere
938 1649 1087 1675 currus.

481 1787 532 1839 V,
559 1790 667 1830 221:
712 1788 948 1842 Irarumque
976 1788 1087 1829 dabit

421 1865 579 1910 fluctus.

1150 1018 1256 1060 libus
1289 1019 1330 1059 in
1362 1017 1539 1059 tenebris
1561 1018 1666 1059 vitae
1693 1032 1816 1073 quan·

1151 1096 1283 1150 tisque
1298 1095 1457 1151 periclis
1471 1095 1632 1151 degitur
1642 1096 1718 1138 hoc
1729 1096 1816 1138 aevi

1153 1172 1493 1227 quodcumquest!
1572 1172 1664 1224 III,
1736 1174 1814 1215 59:

1148 1250 1342 1291 honorum
1377 1263 1492 1291 caeca
1529 1249 1691 1305 cupido.

1217 1329 1268 1367 16
1286 1344 1294 1367 z
1318 1325 1465 1367 Nonne
1481 1326 1616 1367 videre
1631 1325 1690 1368 nil
1707 1326 1818 1368 aliud

1150 1403 1226 1445 sibi
1249 1408 1432 1444 naturam
1454 1403 1620 1454 latrare,
1643 1403 1723 1445 nisi
1743 1407 1791 1444 ut
1806 1435 1818 1453 ,

1153 1485 1247 1522 cett.
1846 1469 1851 1474 ⁸

1210 1555 1295 1606 VI,
1343 1557 1423 1597 47:

1152 1633 1271 1675 semel
1335 1633 1494 1674 institui
1557 1633 1818 1677 conscendere

1480 1555 1816 1610 Quandoquidem

1151 1725 1311 1752 currum
1344 1715 1569 1752 ventorum.

1210 1787 1280 1829 ΙΙΙ
1292 1819 1304 1838 ,
1339 1790 1448 1828 299:
1482 1786 1568 1828 Nec
1585 1801 1724 1842 capere
1741 1787 1817 1829 ira-

1150 1880 1240 1906 rum
1252 1865 1397 1906 fluctus
1410 1865 1451 1906 in
1463 1868 1624 1920 pectore
1635 1869 1816 1920 possunt;

1151 1941 1233 1993 VI,
1267 1944 1345 1984 73:
1379 1957 1544 2002 magnos
1566 1942 1714 1983 irarum
1738 1942 1818 1984 vol-

1151 2034 1239 2060 vere
1271 2020 1432 2061 fluctus.

483 2091 574 2134 Huc
605 2092 800 2133 accedunt
834 2091 1025 2133 formulae
1058 2092 1327 2141 transitionis,
1361 2106 1460 2145 quas
1482 2091 1675 2132 Manilius
1693 2107 1718 2132 e
1740 2091 1818 2132 Lu·

423 2165 547 2206 cretio
579 2164 737 2206 hausit:

482 2236 564 2287 ΙΙΙ,
593 2238 700 2277 160:
734 2236 787 2277 Et
809 2237 997 2290 quoniam
1018 2268 1026 2277 .
1047 2268 1056 2277 .
1078 2268 1086 2277 .

422 2315 627 2369 exegimus
646 2344 655 2355 .
676 2344 684 2354 .
701 2345 709 2354 .
723 2328 847 2363 nunc,
867 2313 1027 2367 quibus.
1049 2345 1056 2354 .
1079 2345 1087 2354 .

422 2391 645 2433 canendum
676 2396 748 2432 est.

483 2468 551 2510 III
563 2500 575 2519 ‚
622 2470 706 2509 385
726 2485 733 2508 :

424 2550 576 2601 quanto
594 2577 604 2588 .
624 2576 634 2587 .
654 2576 665 2587 .
683 2545 836 2586 dictum
868 2549 927 2586 est
938 2575 950 2594 ,
983 2558 1090 2585 nunc

803 2467 856 2508 Et
898 2468 1087 2521 quoniam

424 2624 558 2679 accipe
590 2623 706 2678 signa
739 2626 865 2676 quot.
887 2653 896 2663 .
917 2653 926 2662 .

485 2699 577 2750 ΙΙΙ,
630 2700 737 2740 560:

427 2779 540 2819 docui
561 2808 571 2819 .
592 2808 601 2818 .
624 2808 633 2817 .
652 2778 758 2817 nunc
790 2777 892 2817 ratio
917 2807 925 2817 .
947 2807 956 2817 .
977 2807 986 2817 .
1005 2775 1090 2816 red—

799 2699 852 2739 Et
900 2698 1085 2752 quoniam

427 2854 556 2896 denda
587 2857 660 2895 est.

1212 2235 1272 2285 V,
1311 2236 1419 2277 7722
1468 2234 1586 2288 Quod
1609 2250 1728 2290 super
1743 2239 1815 2286 est,

1153 2314 1341 2367 quoniam
1371 2344 1381 2354 .
1411 2343 1420 2353 .
1445 2344 1454 2354 .
1479 2327 1558 2367 qua
1582 2343 1590 2354 .
1617 2344 1626 2353 .
1652 2344 1661 2354 .
1684 2317 1818 2368 posset

1150 2391 1303 2431 ratione
1315 2390 1469 2432 resolvi.
1483 2421 1493 2431 .
1508 2421 1517 2432 .
1526 2404 1633 2431 nunc
1644 2389 1774 2431 redeo.
1786 2421 1795 2431 .
1807 2419 1816 2429 .

1211 2466 1256 2517 I,
1303 2469 1412 2508 265:

1152 2545 1343 2598 quoniam
1396 2544 1513 2585 docui
1538 2575 1665 2585 .....
1684 2544 1818 2599 accipe

1476 2467 1597 2508 Nunc
1628 2481 1702 2522 age
1711 2499 1723 2517 ,
1757 2481 1817 2508 res

1152 2629 1355 2676 praeterea
1377 2652 1385 2662 .
1405 2653 1413 2662 .
1434 2652 1444 2662 .

1182 2697 1264 2748 ΙΙΙ,
1285 2700 1308 2738 3
1317 2700 1354 2739 1:
1372 2698 1425 2739 Et
1438 2698 1627 2752 quoniam
1639 2697 1816 2740 docui...

1152 2774 1268 2816 hasce
1285 2775 1504 2816 secundum
1522 2790 1582 2816 res
1599 2806 1609 2818 .
1631 2806 1640 2816 .
1653 2806 1662 2817 .
1675 2779 1818 2816 natura

1156 2851 1314 2893 videtur
1333 2884 1341 2893 .
1363 2882 1373 2893 .
1394 2883 1402 2893 .
1422 2852 1620 2894 claranda.
