1942 3308
785 219 1070 280 ...fil-

166 356 408 411 cognoscendi,
435 375 522 409 quos
548 363 667 399 Tomis
693 364 840 399 Ovidius
868 365 974 399 misit.
1015 364 1129 398 Valde
1153 369 1270 399 autem
1296 363 1463 410 dolemus,
1488 363 1582 409 quod
1607 359 1697 399 iudi·

166 425 258 457 cium
285 424 327 456 de
354 424 418 456 hac
443 427 515 456 tam
542 424 640 466 gravi
674 434 711 455 re
735 424 888 456 nondum
913 423 1095 456 subactum
1121 428 1182 464 est,
1220 435 1371 467 namque
1396 425 1424 456 si
1450 429 1549 457 extra
1573 425 1698 457 Italiae

163 482 253 515 fines
278 483 462 514 Manilium
488 486 610 514 natum
637 492 701 514 nec
724 483 807 513 satis
836 482 977 524 linguae
996 482 1147 514 Latinae
1173 483 1322 524 peritum
1352 482 1459 514 fuisse
1485 483 1696 525 putabimus,

163 550 356 582 numquam
382 539 546 572 constitui
572 540 712 582 poterit,
745 540 827 581 quid
855 540 920 572 sibi
947 539 1143 582 sumpserit,
1169 539 1252 582 quid
1278 541 1459 581 reliquerit
1483 540 1695 581 audendum,

163 607 206 630 ac
221 598 250 630 si
270 598 328 640 qui
348 607 401 636 ea,
429 607 518 639 quae
534 596 714 629 codicibus
731 598 956 639 praebentur,
982 607 1091 639 prava
1109 602 1144 630 et
1161 597 1287 630 vitiosa
1300 607 1374 630 esse
1390 597 1455 630 rati
1480 597 1696 630 emendaturi

163 658 256 695 sunt,
282 664 418 696 semper
443 654 504 693 eis,
531 664 575 685 ne
595 654 752 696 genuina
776 655 963 697 corrigant,
996 655 1191 687 timendum
1218 655 1294 687 erit.
1342 654 1491 687 lacobus
1517 659 1631 687 autem
1657 655 1696 686 in

163 712 229 745 hoc
252 712 431 754 scriptore,
458 712 516 754 qui
542 712 638 753 apud
665 716 804 744 exteros
829 716 932 744 natus
956 711 1094 754 quidvis
1113 713 1269 753 auderet,
1296 712 1330 744 id
1351 722 1488 755 quoqne
1512 712 1696 745 serendum

163 769 323 802 iudicans
360 771 485 812 quibus
518 770 556 801 in
591 769 810 802 emendando
844 770 909 802 hoc
941 771 1096 802 carmine
1129 770 1364 803 fundamentis
1398 771 1466 803 niti
1498 776 1626 814 posset,
1659 770 1697 802 id

164 827 250 860 mihi
277 826 417 869 quidem
444 838 514 860 non
540 828 699 870 contigit,
727 832 764 860 ut
787 829 1039 871 intellegerem.

303 885 346 917 In
371 885 442 917 fine
467 886 528 926 eis,
564 886 622 928 qui
649 886 853 918 Manilianis
889 886 1014 918 studiis
1038 890 1174 927 vacant,
1209 886 1368 919 indicare
1402 887 1505 918 liceat
1531 887 1595 919 hoc
1619 885 1695 929 ipso

164 946 320 985 tempore
343 942 515 975 Tliomam
543 954 634 983 eum,
670 954 773 984 quem
800 954 868 976 non
893 944 998 976 semel
1027 944 1145 982 citavi,
1182 942 1332 976 edidisse
1364 943 1482 976 deux
1515 954 1695 976 eorrec-

166 1000 289 1033 tions
323 1011 375 1032 au
410 1005 535 1033 texte
570 1000 621 1033 de
647 1001 871 1034 Manilius
904 1001 940 1032 in
975 1002 1097 1034 Revue
1123 1001 1166 1034 de
1191 1001 1425 1034 l'instruction
1451 1002 1624 1044 publique
1650 1011 1695 1033 en

165 1057 338 1100 Belgique
363 1058 502 1090 XXXII
529 1057 568 1101 (6
595 1070 628 1101 p.
657 1057 875 1102 374-375),
910 1059 954 1091 ad
989 1069 1094 1100 quam
1128 1059 1260 1091 aditum
1287 1059 1371 1090 mihi
1406 1059 1519 1091 adhuc
1550 1059 1695 1101 nequivi

165 1125 299 1158 parare.
