1910 3250
764 229 1047 291 1—{3‘1mk

277 371 388 420 Illud
431 385 599 434 quoque
635 389 795 420 mecum
837 376 1040 434 reputavi,
1079 389 1178 420 num
1221 370 1326 421 forte
1364 369 1417 420 ad
1458 390 1518 431 ea,
1563 386 1668 434 quae

138 447 405 504 praecedunt,
450 447 521 489 illa
564 447 693 489 verba
732 446 952 490 referenda
985 454 1133 502 essent,
1172 447 1224 489 ad
1266 462 1430 490 versum
1471 447 1668 489 nimirum

139 517 225 561 904
254 531 302 558 ac
331 522 564 573 sequentes,
598 516 747 573 quibus
777 515 877 557 dicit
897 522 1019 573 poeta
1049 516 1324 558 calamitatem
1346 524 1410 558 sat
1434 531 1558 573 saepe
1579 516 1669 573 ipsa

137 585 350 628 hominum
390 585 513 642 culpa
552 585 795 641 comparari,
838 585 936 642 quia
975 585 1089 627 caelo
1130 585 1239 627 mala
1278 592 1319 627 ct
1363 584 1547 641 pericula
1593 600 1669 642 per

137 661 390 698 cometarum
430 654 569 697 omina
608 653 858 710 significanti
896 653 1066 696 credere
1106 654 1304 698 nesciant.
1364 654 1583 711 Apparere
1614 669 1667 696 ex

137 723 201 766 his
230 724 404 772 forsitan,
441 724 571 781 possit
600 723 855 780 Augustum,
905 738 1158 780 quamquam
1199 722 1399 767 Chaldaei
1441 723 1549 766 male
1578 738 1666 766 rem

135 774 398 868 gestsmss‘s
422 792 730 851 praedixerant,
773 793 887 835 caelo
929 793 1081 836 rubore
1120 793 1282 835 ardenti
1314 809 1395 836 non
1424 792 1666 846 credidisse3

135 851 313 920 cum'que
342 863 432 921 ipsa
455 869 602 905 natura
632 862 792 905 cladem
825 863 943 920 quasi
974 863 1159 905 minante
1181 862 1476 906 Germanicum
1511 862 1666 906 bellum

135 932 392 989 suscepisset,
434 932 546 975 domi
584 932 706 989 culpa
749 932 838 975 fuit.
902 932 991 974 Iam
1021 948 1061 976 v,
1093 932 1176 976 926
1206 932 1448 989 Augustum
1480 933 1522 974 in
1551 932 1666 975 caelo

135 1008 368 1044 versantem
410 1002 507 1044 facit
548 1010 696 1059 poeta:
739 1002 772 1043 is
817 1002 946 1058 igitur
987 1001 1172 1055 adeatur,
1215 1002 1249 1043 is
1288 1001 1564 1044 consulendus
1605 1009 1668 1044 est

135 1085 241 1114 neve
271 1077 495 1128 quaeratur
523 1071 624 1114 deus
655 1071 697 1112 in
730 1071 842 1124 orbe,
871 1077 918 1113 ut
947 1077 1069 1113 antea
1100 1071 1252 1112 factum
1286 1078 1385 1126 erat,
1416 1087 1510 1113 cum
1542 1070 1666 1114 Chal-

135 1139 259 1183 daeos
284 1156 366 1182 non
395 1140 578 1183 adissent
607 1141 671 1183 vcl
703 1141 838 1198 potius
870 1155 1014 1183 eorum
1045 1141 1236 1183 vaticinia
1267 1140 1564 1197 neglexissent.

272 1208 358 1254 Sed
389 1225 441 1252 ne
475 1209 553 1251 hac
591 1210 758 1266 quidem
792 1210 870 1263 via,
915 1226 1039 1267 quem
1078 1210 1218 1268 adepti
1250 1225 1391 1252 sumus
1421 1210 1666 1267 interpreta-

133 1279 261 1321 menti
287 1279 470 1333 modum,
501 1280 552 1321 ab
583 1279 696 1321 omni
726 1285 845 1336 parte
875 1279 1132 1323 dubitatione
1165 1295 1340 1322 vacuum
1366 1279 1544 1322 talemve
1576 1294 1666 1322 esse

37 1354 46 1365 ³
108 1346 267 1402 rideo,
301 1348 434 1405 qualis
465 1363 633 1405 prorsus
665 1349 782 1391 nobis
814 1349 1057 1391 satisfaciat:
1095 1350 1222 1392 immo
1261 1364 1353 1391 cum
1386 1348 1542 1406 aliquid
1573 1349 1665 1391 miri

133 1417 177 1460 in
210 1432 258 1460 ea
285 1432 332 1459 re
362 1418 544 1471 haereat,
587 1418 711 1475 quod,
753 1418 786 1460 si
818 1418 889 1461 illa
929 1419 1089 1462 ratione
1130 1418 1433 1476 progredimur,
1471 1419 1665 1474 Augusto

133 1493 255 1544 poeta
284 1487 591 1544 neglegentiam
625 1488 932 1544 quodammodo
965 1489 1202 1545 exprobrat,
1235 1488 1333 1544 quia
1360 1488 1665 1544 astrologorum

132 1556 365 1614 praeceptis
395 1571 542 1614 parum
574 1558 866 1615 obtemperans
898 1557 1035 1612 fuerit,
1077 1557 1290 1614 legatique
1321 1556 1458 1599 clades
1489 1557 1662 1614 impera-

135 1625 214 1668 tori
245 1625 451 1680 tribuitur,
490 1627 622 1683 magis
653 1642 702 1670 eo
733 1642 842 1669 nunc
871 1627 1040 1681 inclino,
1083 1634 1127 1668 ut
1157 1626 1209 1668 ad
1237 1626 1370 1669 solum
1404 1626 1562 1668 Varum
1592 1626 1667 1668 du-

134 1709 238 1750 cem,
270 1695 386 1737 cuius
418 1696 649 1739 temeritate
679 1702 721 1739 et
749 1696 1017 1753 neglegentia
1045 1695 1204 1738 cladem
1233 1695 1428 1738 accidisse
1450 1695 1666 1737 Tiberium

135 1763 472 1807 animadvertisse
531 1765 719 1810 Suetonii
780 1766 1011 1809 testimonio
1077 1765 1344 1807 confirmatur
1399 1765 1515 1817 (Tib.
1576 1765 1664 1821 18),

110 1849 202 1878 ·VV.
234 1834 320 1877 904
352 1840 394 1877 et
423 1835 508 1878 905
538 1835 777 1878 referendos
810 1851 944 1892 neque
976 1835 1060 1878 ullo
1093 1851 1186 1876 cum
1218 1835 1282 1876 his
1307 1834 1471 1876 vinculo
1501 1841 1665 1877 necten-

135 1904 208 1946 dos
243 1918 332 1947 esse
370 1904 547 1947 arbitrer
585 1912 813 1962 postremos
851 1905 879 1949 l.
921 1906 951 1949 Ι.
997 1920 1152 1949 versus,
1215 1903 1311 1956 Qua
1356 1904 1396 1944 in
1439 1919 1483 1946 re
1522 1904 1591 1961 qui
1623 1904 1665 1945 in

134 1988 246 2016 meas
271 1980 410 2031 partes
440 1974 660 2029 transierit,
692 1975 726 2016 is
756 1975 1035 2017 concessivam
1058 1975 1142 2016 vim
1171 1973 1343 2016 voculae
1369 1988 1462 2015 cum
1483 1973 1664 2015 tribuere

924 2114 1116 2125 *mr-‘so
1122 2119 1138 2123 -.

133 2111 344 2155 Romanus
385 2112 498 2155 caclo
540 2113 665 2166 dedit,
709 2120 847 2156 tamen
880 2116 962 2156 non
993 2109 1438 2170 requirat''in‘terris‘3
1482 2127 1664 2168 namque

22 2171 218 2224 fuas,
240 2180 342 2224 deus
370 2178 412 2223 in
443 2183 556 2225 caelo
584 2189 657 2237 est,
701 2189 838 2225 tamen
870 2172 992 2226 etiam
1023 2197 1132 2225 nunc
1163 2182 1286 2235 vivit3
1322 2181 1444 2222 simul
1477 2181 1586 2223 enim
1623 2188 1665 2223 ct

135 2249 201 2292 dei
246 2257 288 2293 et
330 2251 526 2308 principis
573 2252 761 2308 fungitur
804 2252 973 2297 vicibus.
1046 2252 1166 2294 Hanc
1208 2251 1526 2309 explicationem
1569 2266 1663 2308 pro·

134 2320 270 2376 posuit
286 2321 320 2374 ¹)
350 2320 518 2364 Lanson
549 2323 606 2379 (p.
642 2322 725 2377 23),
758 2322 821 2364 cui
852 2322 908 2364 ita
939 2323 1026 2365 fere
1057 2321 1252 2364 Manilius
1277 2320 1440 2363 videtur
1461 2321 1660 2362 sensisse:

137 2389 231 2445 „Ne
258 2390 407 2446 Roma,
441 2391 534 2434 lieet
564 2392 644 2433 iam
677 2392 791 2435 caelo
822 2392 984 2435 dederit
1013 2393 1268 2448 Augustum,
1301 2391 1418 2432 illum
1451 2396 1661 2447 tamquam

134 2460 328 2502 amissum
360 2468 532 2518 quaerat
571 2461 611 2502 in
654 2463 766 2506 orbe.
826 2462 937 2505 Nam
979 2461 1102 2504 deum
1136 2461 1319 2518 quidem,
1364 2459 1437 2502 sed
1469 2459 1511 2501 in
1543 2459 1662 2501 terris
1703 2457 1707 2459 ’

134 2535 394 2587 praesentem
421 2530 546 2573 deum
568 2530 790 2574 Gaesarem
823 2532 949 2574 habet
971 2531 1213 2588 utinamque
1244 2530 1315 2572 diu
1338 2530 1530 2573 habeat“.
1563 2528 1661 2571 Non

137 2597 309 2642 dubium
339 2607 478 2642 autem
508 2615 608 2653 esse,
639 2601 738 2658 quin
761 2601 980 2657 Augustus
1017 2600 1137 2643 vivus
1167 2616 1191 2642 a
1220 2606 1343 2658 poeta
1373 2599 1416 2640 in
1437 2597 1551 2640 caelo
1580 2596 1660 2639 iam

134 2681 304 2711 versans
333 2668 437 2726 fingi
466 2671 659 2727 potuerit,
691 2670 864 2728 posthac
893 2669 1050 2714 videro.

274 2795 306 2840 ¹]
331 2797 391 2831 Sic
415 2797 485 2830 iam
505 2798 634 2832 Weber
658 2809 749 2842 corp.
774 2802 866 2842 poet.
891 2799 969 2833 Lat.
995 2810 1028 2842 p.
1054 2799 1122 2830 610
1147 2797 1284 2830 videtur
1308 2793 1529 2838 interpretari
1554 2793 1661 2827 adno-

135 2855 235 2889 taust
262 2856 356 2888 Deus
374 2856 561 2900 Augustus,
585 2857 683 2890 vivus
701 2858 746 2890 ab
771 2856 909 2900 oppidis
926 2854 1063 2900 Italiae,
1089 2855 1216 2889 deinde
1241 2865 1262 2887 a
1287 2857 1409 2887 senatu
1434 2852 1518 2884 deus
1545 2851 1660 2885 decla·

135 2916 244 2948 tatus.

134 2042 314 2097 debebit,
357 2049 402 2084 ut
441 2043 762 2100 interpretemur
803 2044 880 2086 sic:
924 2059 1178 2101 quamquam
1211 2044 1451 2100 Augustum
1483 2042 1664 2106 populus
1720 2040 1811 2089 qs
