1936 3392
374 384 424 423 12

486 499 638 541 Omnes
670 499 785 540 codd.
816 498 986 539 habent:
1017 511 1180 552 semper
1208 498 1402 540 iaculata.

485 569 697 610 Bentleius
727 569 911 622 scripsit:
943 581 1065 621 seque
1095 567 1302 610 eiamlata
1320 569 1538 623 profundo
1562 574 1631 611 est.
1674 569 1826 612 Melius

367 639 405 680 J.
431 639 496 680 Fr.
524 638 759 680 Gronovius
791 637 974 691 (Observ.
1005 637 1030 677 l.
1056 636 1116 690 11,
1147 650 1179 677 c.
1208 637 1294 691 11):
1330 642 1480 679 semet
1509 639 1696 681 iaculata
1718 653 1822 694 pro-

367 709 521 763 fundo,
554 708 666 763 quod
697 712 737 749 et
767 708 848 762 ipsi
880 707 1275 761 excogitaveramus.

455 835 497 877 L.
528 836 585 889 V,
616 851 654 877 v.
681 836 822 876 646-
837 835 939 876 648:

506 918 624 959 Nz'oea
650 931 763 971 yeme
792 917 946 971 speeies
977 917 1041 958 vel
1077 916 1207 958 Graio
1236 916 1409 958 nomine
1438 917 1552 959 dicta

506 987 777 1041 Enyonasin,
817 987 1072 1041 (quicunque
1103 987 1202 1027 latet
1229 987 1308 1027 sub
1337 986 1518 1041 wiqim,
1548 987 1724 1042 constat)

507 1057 667 1098 Deoet‘ra
691 1071 770 1111 per
799 1060 1001 1097 extremos
1030 1056 1184 1098 attollit
1215 1056 1383 1098 lumina
1413 1057 1564 1099 Pisces.

483 1138 632 1179 Misere
663 1142 882 1192 corruptus
913 1142 974 1178 est
1003 1139 1048 1178 in
1077 1138 1195 1179 libris
1225 1151 1262 1178 v.
1289 1138 1392 1179 647:
1424 1138 1484 1180 Et
1512 1152 1651 1180 comas
1673 1139 1822 1194 inqui—

366 1209 461 1249 eula
491 1209 622 1261 vides,
656 1208 772 1248 Voss.
801 1208 843 1259 1,
873 1207 983 1262 Lips.
1016 1207 1101 1260 (sed
1131 1221 1154 1248 a
1185 1221 1285 1249 corr.
1317 1209 1508 1262 comaes),
1551 1208 1709 1250 Gembl.
1741 1209 1828 1263 (sed

366 1278 614 1332 inquieola);
669 1278 727 1318 Et
765 1290 898 1331 yonas
939 1277 1067 1331 iuym·
1107 1278 1324 1331 onlandes,
1367 1277 1484 1320 Voss.
1517 1279 1554 1319 2.
1619 1278 1715 1321 Alia
1755 1279 1828 1320 alii

367 1351 578 1389 tentarunt
614 1348 695 1388 viri
733 1347 862 1400 docti,
900 1360 1079 1401 quorum
1117 1352 1350 1388 commenta
1383 1348 1430 1388 in
1464 1348 1652 1390 medium
1680 1361 1827 1391 vocare

365 1417 537 1471 longum
574 1421 652 1468 est3
692 1418 879 1458 omnium
915 1422 1056 1458 autem
1089 1418 1265 1472 pessime
1295 1418 1408 1459 hunc
1437 1430 1606 1459 versum
1636 1419 1828 1460 tractavit

365 1487 504 1528 Jacob.
565 1487 628 1528 Ne
665 1487 803 1541 plura,
839 1499 980 1528 veram
1010 1487 1231 1528 lectionem
1261 1500 1327 1529 me
1357 1488 1584 1542 repperisse
1612 1500 1828 1543 propemo-

366 1557 467 1598 dum
498 1556 677 1598 confido:

505 1639 778 1692 Engyonasz’n,
810 1639 894 1680 cui
922 1639 1069 1697 vau-lla
1098 1639 1231 1693 fides
1260 1638 1340 1679 sub
1369 1638 1533 1693 om‘yine
1561 1642 1735 1692 constat,

364 1721 390 1760 i.
423 1732 454 1760 e.
499 1720 549 1761 de
593 1721 713 1761 cuius
756 1721 913 1774 origine
953 1720 1063 1761 nihil
1106 1721 1206 1761 certi
1247 1721 1469 1761 memoriae
1504 1720 1716 1775 proditum
1753 1725 1825 1763 est.

364 1788 627 1830 Vocabulum
664 1790 775 1844 quod
811 1794 873 1831 est
902 1791 1072 1844 ‚fides“
1101 1790 1179 1831 hoc
1210 1802 1335 1831 sensu
1366 1793 1540 1845 usurpat
1567 1793 1708 1832 noster
1735 1791 1761 1832 l.
1792 1790 1825 1844 Ι,

365 1873 402 1899 v.
432 1860 514 1900 729
528 1872 633 1913 sqq.:

503 1941 575 1982 An
611 1942 763 1983 melius
799 1945 942 1983 manet
977 1942 1053 1983 illa
1088 1942 1193 1996 fides
1230 1941 1407 1995 (gallicet
1450 1941 1716 1995 „tradition“)
1746 1956 1827 1998 per

1198 2012 1364 2054 saecula
1387 2011 1563 2066 prisca?

504 2082 608 2123 Illac
636 2082 736 2123 solis
766 2096 890 2136 equos
919 2082 1103 2124 diversos
1133 2082 1330 2124 curribus
1358 2081 1452 2134 isse,

364 2151 451 2191 Etc.

479 2221 688 2262 Particula
720 2222 799 2263 sub
830 2222 1048 2264 Manilium
1079 2223 1278 2264 audacius
1308 2223 1372 2264 uti
1402 2222 1467 2263 vel
1499 2222 1616 2264 abuti
1647 2223 1825 2276 quicun-

367 2304 448 2344 que
480 2292 635 2332 evolvit
665 2293 755 2333 eius
786 2292 939 2334 librum
969 2293 1074 2334 bene
1104 2294 1231 2334 novit.
1292 2291 1487 2346 Consule,
1523 2293 1559 2333 si
1591 2295 1725 2346 vacat,
1761 2292 1825 2333 in-

365 2361 499 2402 dicem
532 2374 656 2415 quem
688 2362 863 2403 confecit
892 2363 1032 2404 Jacob.

479 2431 548 2471 Ad
578 2433 822 2473 sententiam
853 2433 900 2473 cf.
931 2433 956 2473 l.
987 2432 1026 2487 I,
1056 2447 1094 2474 v,
1122 2433 1223 2474 315:

488 2513 621 2554 -Nioea
650 2513 766 2554 venit
794 2515 948 2568 speeies
975 2514 1172 2568 qemjbus,
1203 2514 1287 2556 sibi
1315 2513 1480 2556 conseia
1508 2527 1668 2556 causae.

480 2593 822 2636 Emendationem
860 2599 1044 2638 nostram
1079 2596 1332 2638 lenissimam
1368 2608 1455 2638 esse
1491 2599 1532 2637 et
1569 2608 1593 2636 a
1628 2594 1824 2637 ductibus

364 2664 614 2718 litterarum,
662 2677 764 2718 quos
806 2665 902 2706 libri
946 2667 1219 2721 manuscripti
1261 2665 1474 2719 exhibent,
1515 2677 1599 2706 non
1641 2665 1823 2706 multum

364 2733 553 2775 recedere
584 2735 716 2775 cuivis
746 2737 1011 2790 perspicuum
1042 2740 1113 2778 est.
