1910 3250
155 386 328 426 collecta
373 388 414 424 et
455 384 650 435 Hygini
697 384 826 423 libros
866 382 1179 422 Astronomicos
1224 395 1249 421 a
1294 383 1496 422 nebulone
1538 393 1636 432 quo-

155 455 248 495 dam
266 466 490 506 perperam,
519 457 565 492 ut
586 453 704 492 credo
715 458 760 503 6),
789 457 1003 504 excerptos
1024 456 1215 502 tanquam
1234 453 1428 503 reliquias
1450 452 1636 502 fontium,

155 537 177 564 e
214 524 361 574 quibus
387 522 584 562 Manilius
620 523 848 562 doctrinam
883 535 995 561 suam
1027 522 1221 572 hauserit,
1256 522 1387 573 pluris
1420 522 1636 561 aestimem.

154 593 278 632 Hunc
305 592 514 644 Hyginum
549 605 572 630 a
606 596 749 630 nostra
778 592 1015 641 quaestione
1050 592 1335 630 removendum
1362 603 1450 630 esse
1477 603 1636 641 censeo,

155 663 335 713 quamvis
374 662 418 700 in
452 662 508 711 II,
545 662 698 701 25-38
731 662 855 700 animi
889 661 1081 700 iudicium
1111 672 1182 699 sua
1210 664 1355 711 sponte
1384 673 1431 700 eo
1460 672 1635 712 propen-

153 724 262 782 deat,
302 735 348 770 ut
381 731 701 770 Astronomicon
738 731 896 769 auctori
932 731 1288 770 bibliothecarium
1322 729 1518 780 Augusti,
1555 741 1634 779 quo

154 801 264 841 omni
290 801 600 851 disciplinarum
628 813 787 850 genere,
821 800 1007 851 inprimis
1035 799 1277 850 genealogia
1306 802 1346 838 et
1372 799 1636 850 astronomia,

153 870 498 921 instructiorem-1)
537 883 578 910 se
612 871 882 921 praebuisset,
917 882 964 909 eo
1001 869 1204 908 notiorem
1240 869 1365 907 fuisse
1399 868 1636 908 existimem.

156 941 514 992 Quotienscunque
556 939 663 979 enim
704 940 789 978 eius
833 952 957 990 opera
999 939 1168 978 attentis
1204 939 1333 977 oculis
1367 938 1492 988 volvi,
1534 937 1636 977 nihil

154 1022 329 1061 unquam
369 1010 468 1049 mihi
509 1010 550 1047 in
593 1011 855 1059 conspectum
896 1009 1021 1058 venit,
1062 1020 1111 1047 ex
1154 1020 1232 1058 quo
1275 1008 1440 1047 illorum
1475 1018 1635 1057 quoque

152 1080 398 1120 auctoritate
427 1079 604 1117 innisum
622 1078 840 1116 Manilium
867 1090 952 1117 esse
982 1077 1166 1117 efficiam:
1196 1089 1268 1116 nec
1295 1076 1415 1116 modo
1445 1089 1528 1115 non
1557 1076 1635 1114 sin-

153 1149 340 1200 gularum
366 1148 578 1187 doctrinae
607 1148 786 1198 partium
814 1147 1111 1198 compositione
1141 1147 1210 1186 sed
1239 1158 1288 1184 ne
1312 1134 1454 1185 ordine
1475 1145 1637 1195 quidem

152 1222 476 1260 enumeratorum
511 1217 699 1266 siderum,
735 1229 784 1255 ne
815 1217 912 1266 quid
938 1216 1068 1255 dicam
1095 1216 1146 1255 de
1175 1217 1389 1254 verborum
1418 1213 1635 1254 sententia—

151 1300 289 1328 rumve
327 1287 606 1336 similitudine,
642 1286 746 1325 alter
779 1286 901 1324 hodie
937 1286 988 1324 ad
1022 1287 1194 1324 alterum
1220 1285 1389 1324 accedit.
1447 1284 1636 1324 Ceterum

153 1357 203 1396 de
236 1356 405 1408 Hygini'
430 1360 562 1395 aetate
597 1356 698 1394 nihil
733 1366 902 1406 prorsus
938 1355 1038 1393 certi
1072 1354 1267 1394 traditum
1300 1353 1434 1393 video.
1490 1354 1635 1404 Itaque

153 1426 400 1466 clarissimos
442 1426 538 1464 illos
582 1437 682 1475 quos
725 1425 812 1464 dixi
848 1425 1031 1463 homines
1066 1423 1118 1463 ad
1153 1423 1431 1473 quaestionem
1464 1423 1513 1462 de
1547 1423 1636 1462 Ma-

153 1496 245 1536 nilii
274 1495 491 1534 scribentis
519 1499 701 1545 tempore
731 1494 961 1532 institutam
988 1495 1115 1532 testes
1142 1492 1367 1543 producere
1395 1495 1591 1531 vetamur.

259 1564 401 1614 Atque
429 1565 552 1603 etiam
580 1576 670 1615 spes
699 1567 861 1603 nostras
890 1562 1005 1601 fallet
1024 1561 1347 1600 Astronomicon
1375 1561 1471 1600 libri
1499 1562 1543 1600 II
1571 1573 1636 1601 ex-

155 1636 326 1685 ordium,
363 1635 405 1672 in
442 1634 550 1684 quod
584 1645 691 1672 nunc
723 1633 943 1682 legentium
970 1632 1127 1671 animos
1155 1631 1365 1683 paulisper
1392 1637 1636 1672 convertam.

152 1705 218 1744 Ibi
245 1705 352 1744 enim
378 1704 520 1755 primis
540 1703 576 1741 L
606 1703 791 1742 versibus
816 1703 866 1740 de
884 1702 1094 1740 nonnullis
1113 1701 1248 1752 poetis
1269 1701 1363 1740 inde
1384 1702 1434 1740 ab
1454 1701 1635 1742 Homero

151 1778 194 1814 et
219 1773 406 1814 Hesiodo
443 1772 654 1812 nobilibus
682 1773 741 1811 ita
769 1775 994 1821 enarratur,
1031 1775 1075 1809 ut
1103 1774 1282 1810 extrema
1312 1770 1472 1820 quidem
1501 1771 1635 1811 oratio

152 1843 204 1884 ad
245 1843 434 1893 aequales
474 1842 640 1881 Manilii
681 1841 924 1880 descendere
966 1841 1163 1880 videatur.
1223 1840 1354 1879 Nemo
1396 1840 1636 1880 nominatim

153 1898 409 1960 memoratur,
451 1924 593 1953 omnes
629 1915 762 1950 tamen
803 1910 937 1949 verbis
980 1911 1080 1949 satis
1122 1910 1300 1948 definitis
1341 1910 1635 1961 significantur.

153 1984 366 2034 Agnosces
401 1982 529 2032 igitur
563 1981 606 2019 in
634 1981 691 2029 II,
726 1982 878 2020 25-38
903 1979 1077 2019 Aratum
1111 1980 1277 2030 eiusque
1313 1982 1354 2019 et
1381 1982 1567 2019 auctores
1597 1984 1637 2019 et

152 2053 410 2103 interpretes,
440 2051 625 2102 inprimis
648 2050 964 2089 Eratosthenem
990 2049 1344 2100 mythographum‚
1374 2061 1491 2098 quem
1518 2049 1560 2088 in
1589 2049 1636 2088 li-

152 2122 238 2162 bris
279 2121 330 2160 de
372 2120 622 2159 astronomia
663 2120 789 2158 latine
830 2119 1079 2169 expressisse
1121 2119 1272 2158 dicitur
1314 2118 1504 2169 Hyginus
1547 2119 1635 2170 (cfr.

155 2191 235 2230 fab.
271 2191 348 2241 14),
384 2189 529 2228 deinde
559 2189 601 2227 in
632 2189 812 2227 versibus
843 2189 993 2227 39-42
1024 2180 1298 2238 Theocritum,
1334 2188 1403 2238 qui
1431 2188 1637 2239 egregium

154 2260 441 2300 Bucolicorum
477 2259 678 2309 specimen
708 2258 897 2308 Vergilio
933 2258 1134 2308 praebuit.
1191 2258 1294 2296 Tum
1329 2258 1381 2310 (v.
1410 2259 1476 2309 43)
1511 2260 1637 2309 poeta

153 2342 195 2370 se
223 2322 347 2370 Vertit
374 2328 426 2367 ad
453 2327 629 2366 Latinos
659 2328 784 2378 solos,
813 2330 858 2366 ut
886 2327 1048 2378 opinor,
1076 2327 1139 2366 his
1170 2328 1322 2367 verbis:

383 2403 504 2447 „Eece
532 2402 624 2438 alius
649 2402 770 2448 pictas
796 2402 964 2438 volueres
990 2404 1027 2437 et
1049 2402 1149 2438 bella
1175 2402 1343 2448 ferarum,

381 2460 448 2496 Ille
474 2463 680 2496 venenatos
706 2461 845 2506 anguis,
868 2461 928 2496 hie
951 2462 1042 2495 nata
1067 2471 1132 2506 per
1154 2461 1289 2496 herbas

381 2518 479 2554 Fata
501 2519 613 2555 refert
636 2519 822 2564 vitamque
847 2529 915 2554 sua
940 2517 1064 2554 radice
1090 2517 1251 2563 ferentis,

383 2575 478 2620 Quin
503 2577 615 2612 etiam
640 2576 803 2612 tenebris
828 2576 1039 2612 immersum
1066 2576 1252 2612 Tartaron
1277 2578 1396 2612 atrum

382 2633 426 2669 In
449 2634 568 2670 lucem
594 2634 639 2670 de
664 2637 774 2671 nocte
798 2636 935 2671 vocant
961 2635 1161 2683 orbemque
1186 2634 1409 2670 revolvunt.“

243 2759 272 2805 θ)
299 2760 371 2797 Ofr.
390 2759 592 2797 Bursianus
617 2760 653 2797 in
669 2760 851 2799 Fleckeis.
867 2761 965 2799 Anu.
990 2762 1047 2807 93,
1072 2773 1108 2809 p.
1132 2762 1211 2798 773.
1259 2760 1288 2806 Ἰ)
1316 2762 1418 2797 Suet.
1446 2760 1491 2796 de
1518 2770 1635 2805 gram.

155 2828 186 2855 c.
209 2819 264 2856 20.
727 2848 743 2853 κ
