1910 3250
911 277 1183 318 ...70-

331 398 449 435 Alius
485 397 553 434 ille
589 396 676 444 quis
710 395 831 434 fuerit
865 397 898 433 si
934 408 983 434 ex
1017 408 1075 434 me
1110 408 1270 446 quaero,
1303 397 1399 436 mihi
1432 398 1561 436 invito
1593 397 1771 436 venitin

332 466 499 501 mentem
529 462 671 500 iterum
698 462 794 509 eius,
830 462 898 510 qui
925 462 1077 500 Tiberii
1104 466 1233 501 aetate
1258 464 1409 502 Aratea
1436 464 1608 513 scripsit.
1662 463 1770 512 Quo-

332 531 437 567 niam
463 529 566 566 enim
592 529 732 566 horum
759 528 1003 578 fragmentis,
1032 541 1131 578 quae
1159 536 1381 580 supersunt,
1409 532 1504 570 fides
1523 543 1769 580 nequaquam

332 595 564 645 abroganda
597 598 671 644 est,
708 594 964 634 Germanicus
999 597 1041 633 in
1075 609 1194 646 opere
1228 610 1299 636 suo
1332 603 1574 648 postremum
1607 597 1648 636 id
1676 599 1773 648 egit,

332 668 376 700 ut
413 662 507 710 quid
535 662 699 700 Zodiaci
727 661 840 711 signa
867 662 1130 711 planetaeque
1157 664 1206 702 ad
1234 667 1508 713 tempestatem
1534 667 1772 704 commutan-

332 731 421 768 dam
459 730 637 767 valerent
677 729 814 778 paucis
855 730 1094 779 explicaret3
1132 731 1180 769 de
1214 733 1377 780 reliquis
1411 735 1540 770 autem
1575 731 1772 770 sideribus

332 796 457 834 tacuit
490 795 710 844 fefellitque
745 809 836 846 spes
863 809 1009 846 eorum,
1044 799 1111 845 qui
1138 798 1414 837 Phaenomena
1439 799 1617 848 legentes
1642 799 1770 838 totius

332 865 432 903 caeli
460 864 628 913 speciem
654 864 945 902 adamaverant.
987 864 1078 902 Hoc
1106 866 1235 914 ipsum
1256 866 1460 915 Manilius,
1488 877 1574 903 cum
1601 869 1772 914 quantae

334 931 547 979 qualesque
583 930 787 979 signorum
813 930 901 968 XII
927 931 1031 968 vires
1059 934 1190 970 essent
1216 932 1320 970 libro
1347 932 1403 969 lV
1431 932 1693 982 exposuisset,
1731 931 1774 970 in

333 1001 548 1035 extremum
574 1009 716 1046 poema
742 1009 976 1046 properanS,
1010 999 1055 1036 ut
1081 998 1238 1047 opinor,
1271 999 1502 1037 recordatus
1529 1002 1599 1038 est.
1655 998 1773 1047 Quod

332 1077 379 1103 ne
414 1064 592 1112 sentiam,
629 1064 722 1113 quid
758 1065 917 1102 tandem
950 1065 1229 1114 impedimento
1264 1065 1348 1104 est?
1400 1065 1546 1105 Nonne
1573 1077 1772 1105 recurrere

333 1143 496 1182 possum
522 1132 572 1169 ad
600 1132 819 1180 superiora,
848 1132 990 1180 quibus
1017 1132 1162 1171 librum
1189 1134 1502 1172 Astrouomicon
1523 1133 1563 1171 V
1589 1133 1658 1172 vix
1684 1137 1777 1172 ante

334 1211 479 1237 annum
517 1200 590 1238 ’775
633 1199 823 1248 scriptum
862 1210 947 1236 esse
989 1199 1252 1248 probaverim,
1291 1200 1431 1248 hisque
1470 1199 1627 1249 addere,
1669 1199 1777 1249 quod

336 1267 591 1306 Germanicus
641 1278 747 1303 anno
793 1266 844 1305 U.
890 1269 962 1305 772
1006 1269 1215 1306 auctumno
1260 1268 1421 1306 ineunte
1464 1271 1642 1306 mortuus
1688 1267 1775 1306 est?

332 1335 478 1372 Nonne
522 1334 614 1371 hinc
658 1334 750 1372 talis
789 1333 994 1372 conclusio
1035 1334 1221 1372 efficitur:
1265 1334 1457 1372 Manilius
1497 1345 1568 1372 suo
1609 1334 1775 1372 carmini

334 1402 450 1440 finem
484 1401 675 1450 imposuit
706 1400 830 1438 multo
858 1402 953 1449 post
980 1412 1095 1448 quam
1123 1399 1347 1439 Germanici
1374 1412 1528 1439 carmen
1555 1401 1778 1440 confectum

332 1474 372 1506 et
398 1467 624 1506 absolutum
651 1467 751 1506 fuit?
796 1467 943 1505 Nonne
970 1473 1175 1517 praeterea
1201 1469 1284 1506 veri
1311 1473 1371 1506 est
1397 1468 1652 1518 simillimum,
1677 1480 1778 1518 eum,

335 1536 403 1584 qui
430 1535 580 1584 primos
607 1535 809 1573 cuiusdam
835 1536 1019 1573 carminis
1046 1547 1182 1574 versus
1209 1536 1328 1585 plane
1357 1535 1592 1585 cognovisse
1619 1535 1778 1574 iudiciis

334 1615 472 1652 parum
505 1603 702 1652 ambiguis
736 1606 939 1652 arguatur,
974 1615 1022 1641 ne
1058 1603 1218 1641 ultimos
1247 1603 1403 1652 quidem
1430 1602 1659 1652 ignorasse?
1712 1603 1778 1641 Ita

335 1670 527 1708 mehercle
562 1670 646 1708 fieri
681 1671 826 1720 potuit,
861 1675 905 1708 ut
938 1671 1130 1708 Manilius
1160 1670 1394 1709 Germanico
1428 1670 1649 1708 studiorum
1682 1670 1779 1708 olim

337 1738 445 1775 socio
488 1739 758 1787 imperfectam
795 1738 991 1776 rationem
1026 1738 1126 1776 vitio
1162 1739 1333 1787 duceret,
1372 1749 1498 1786 neque
1532 1737 1655 1787 igitur
1693 1738 1778 1776 sine

337 1805 444 1842 omni
478 1805 766 1853 probabilitate
800 1805 850 1842 ad
884 1817 941 1853 ea,
977 1815 1075 1853 quae
1103 1816 1223 1854 supra
1249 1805 1379 1853 posui,
1412 1804 1658 1854 cogitatione
1684 1804 1779 1843 licet

336 1871 432 1909 haec
464 1871 578 1920 fingi:
613 1872 817 1920 „consiliis
846 1872 1059 1910 carminum
1086 1872 1354 1910 faciendorum
1381 1872 1485 1910 inter
1510 1875 1650 1922 poetas
1677 1883 1779 1910 com-

336 1938 546 1975 municatis
583 1939 688 1976 inter
721 1938 1035 1987 componendum
1070 1939 1202 1976 nescio
1237 1951 1352 1987 quam
1385 1939 1567 1978 consulto
1602 1939 1704 1977 alter
1728 1939 1779 1977 ab

337 2005 463 2043 altero
500 2004 601 2043 nihil
630 2006 845 2054 quaesivit;
877 2009 961 2043 tum
989 2007 1153 2054 demum,
1180 2018 1267 2044 cum
1295 2005 1518 2044 Germanici
1543 2006 1694 2045 Aratea
1720 2018 1779 2044 sa-

338 2073 390 2110 tis
423 2073 661 2122 pervulgata
695 2095 741 2100 —
780 2084 1014 2122 quamquam
1043 2073 1255 2111 Suetonius
1291 2074 1339 2112 de
1372 2075 1421 2112 iis
1447 2075 1546 2124 ipsis
1574 2073 1676 2112 nihil
1702 2077 1780 2112 tra-

338 2140 442 2178 didit
479 2162 524 2168 —
560 2141 818 2189 lectitataque
847 2140 967 2190 suere,
995 2144 1040 2178 ut
1066 2141 1128 2179 vel
1155 2141 1276 2179 verba
1302 2141 1408 2190 apud
1435 2141 1537 2179 alios
1565 2141 1779 2191 scriptores

339 2207 474 2245 furtim
501 2208 551 2245 ad
579 2208 650 2245 illa
676 2208 900 2257 spectantia
926 2208 975 2245 ab
1005 2208 1186 2245 omuibus
1215 2208 1294 2246 fere
1323 2208 1667 2258 intellegerentur3
1698 2211 1781 2247 tum

338 2274 503 2322 demum,
538 2275 710 2324 inquam,
739 2276 780 2312 in
808 2275 974 2313 exordio
1003 2275 1167 2313 extremi
1194 2275 1505 2313 Astronomicon
1531 2275 1625 2314 libri
1650 2276 1780 2314 Mani-

342 2342 418 2378 lius
459 2342 600 2380 vitium
635 2342 689 2391 id,
731 2343 836 2391 quod
871 2343 911 2380 in
947 2342 1225 2391 Prognostieis
1259 2343 1603 2391 animadverterat,
1642 2343 1780 2392 paucis

341 2408 618 2457 significavitf‘
666 2409 775 2456 Quae
804 2409 838 2446 si
867 2408 941 2446 tibi
971 2420 1126 2457 quoque
1153 2409 1384 2446 verisimilia
1410 2409 1661 2458 videbuntur,
1688 2409 1780 2448 inde

342 2475 581 2513 sententiam
600 2475 787 2514 Merkelii
810 2487 930 2524 supra
950 2478 1031 2512 tum
1048 2475 1231 2514 reiectam
1250 2480 1331 2514 tum
1348 2481 1547 2525 receptam
1560 2468 1670 2515 'intra
1689 2488 1781 2515 suos

341 2543 531 2580 terminos
558 2554 739 2581 coerceas
769 2544 825 2593 (p.
853 2545 912 2582 56.
941 2543 1019 2591 69).
1047 2564 1093 2570 —-
1121 2564 1169 2570 —

443 2609 522 2648 Sed
559 2610 655 2648 haec
689 2610 820 2648 omnia
857 2610 951 2659 quid
986 2611 1065 2648 sibi
1091 2610 1254 2649 volunt?
1310 2610 1507 2658 Quoniam
1531 2610 1780 2649 Astronomi-

343 2689 417 2715 con
445 2677 559 2715 libris
587 2689 698 2716 suum
726 2678 866 2726 cuique
893 2690 1038 2716 annum
1067 2677 1180 2726 quasi
1208 2678 1377 2717 natalem
1398 2678 1620 2717 adscribere
1638 2677 1680 2716 in
1698 2677 1780 2716 ani-

343 2757 446 2785 mum
473 2745 711 2795 induximus,
739 2746 835 2796 quid
863 2746 940 2784 iam
967 2746 1078 2786 iuvat
1103 2747 1244 2785 docere
1272 2746 1416 2784 librum
1434 2744 1474 2784 V
1500 2747 1631 2784 aetate
1648 2749 1780 2795 poste-
