1910 3250
740 665 1010 740 Vita

235 898 440 940 Gustavus
474 896 784 937 Bertholdus
818 897 995 936 Freier
1037 900 1157 935 natus
1201 907 1288 935 sum
1322 894 1527 934 Coritteni
1567 895 1611 933 in

128 980 240 1020 pago
258 966 553 1006 Neomarchico
581 966 691 1016 apud
711 965 983 1016 Sternbergos
1013 965 1093 1004 sito
1122 978 1156 1004 a.
1183 965 1222 1004 h.
1243 978 1274 1005 s.
1293 964 1409 1012 LIV,
1435 963 1475 1003 d.
1495 963 1539 1002 X
1558 976 1608 1003 m.

129 1037 252 1087 Nov.,
290 1038 407 1088 patre
443 1034 646 1074 Guilelmo
690 1039 815 1073 matre
849 1034 1043 1084 Augusta
1077 1046 1098 1073 e
1133 1037 1253 1084 gente
1290 1033 1447 1084 Ulrica‚
1489 1044 1610 1083 quam

129 1109 388 1158 praematura
427 1104 526 1143 mihi
567 1107 698 1142 morte
738 1103 966 1153 ademptam
1001 1114 1087 1142 esse
1121 1103 1257 1142 doleo.
1318 1102 1515 1141 Parentes
1548 1115 1610 1142 me

128 1186 298 1227 puerum
329 1173 408 1212 fide
443 1174 676 1212 imbuerunt
710 1172 956 1222 evangelica.
1009 1171 1150 1210 Prima
1176 1172 1387 1211 literarum
1413 1171 1612 1211 elementa

128 1247 171 1284 et
209 1256 235 1283 a
272 1244 412 1294 patre,
454 1242 524 1292 qui
565 1242 794 1280 etiamnunc
834 1241 876 1279 in
915 1241 1055 1292 patria
1094 1242 1182 1280 ludi
1222 1241 1408 1292 magistri
1447 1253 1610 1280 munere

130 1313 329 1364 fungitur,
356 1315 397 1351 et
421 1324 445 1350 a
461 1311 622 1350 duobus
641 1311 856 1350 ministerii
875 1311 1005 1349 divini
1023 1310 1279 1350 antistitibus
1298 1309 1437 1359 didici,
1463 1309 1610 1349 deinde

100 1384 101 1395 ³
127 1381 316 1422 Berolini
350 1381 459 1420 inter
490 1381 676 1420 alumnos
710 1380 910 1431 gymnasii
945 1380 1187 1420 Joachimici
1223 1392 1330 1418 anno
1361 1378 1514 1418 LXIX
1546 1391 1613 1418 ex-

130 1455 251 1492 eunte
278 1453 466 1502 receptus
494 1450 793 1490 celeberrimam
820 1450 933 1489 illam
961 1450 1140 1488 scholam
1166 1449 1422 1499 frequentavi
1449 1461 1523 1499 per
1540 1461 1611 1488 no—

127 1521 214 1560 vies
249 1520 314 1559 VI
354 1531 522 1559 menses.
586 1519 743 1568 Quibus
781 1519 958 1569 peractis
993 1519 1135 1558 morbo
1169 1518 1402 1569 periculoso
1438 1518 1610 1569 depulso

129 1590 378 1631 maturitatis
418 1586 694 1629 testimonium
730 1588 902 1638 adeptus
937 1588 981 1626 in
1013 1588 1323 1627 universitatem
1360 1587 1612 1626 Fridericam

130 1659 375 1701 Guilelmam
401 1658 560 1708 transii,
589 1658 702 1696 cuius
731 1658 840 1696 inter
866 1658 987 1707 cives,
1016 1669 1161 1696 nomen
1189 1657 1299 1707 apud
1321 1657 1613 1707 amplissimum

127 1728 470 1780 philosophorum
497 1727 679 1766 ordinem
707 1727 932 1777 professus,
966 1730 1140 1776 quatuor
1167 1738 1241 1776 per
1269 1738 1398 1764 annos
1426 1730 1611 1765 versatus

128 1809 225 1837 sum.
265 1797 316 1836 Id
343 1801 502 1847 tempus
531 1796 651 1834 rebus
681 1795 946 1846 philologieis
975 1807 1022 1834 ac
1047 1795 1348 1846 philosophicis
1376 1795 1613 1844 impendens

94 1908 97 1910 ,
128 1877 191 1906 1110
228 1865 434 1917 applicavi
475 1865 527 1903 ad
565 1864 750 1904 Curtium
782 1864 1040 1915 Droysenum
1073 1863 1338 1903 Huebnerum
1370 1864 1614 1914 Kiepertum

124 1935 176 1975 A.
205 1934 506 1975 Kirchhoffium
529 1934 825 1972 Mommsenum
842 1933 1193 1972 Muellenhoffium
1211 1933 1459 1972 Paulsenum
1478 1932 1612 1972 Stein-

124 2005 298 2045 thaliam
313 2003 545 2056 Vahlenum
559 2002 918 2042 Wattenbachium
931 2002 1260 2041 Wilamovicium
1274 2003 1475 2042 Zellerum
1493 2002 1612 2052 alios,

126 2074 275 2126 quibus
306 2086 357 2113 ex
392 2072 729 2125 praeceptoribus
765 2071 1074 2122 spectatissimis
1100 2070 1345 2111 Huebnerus
1373 2071 1484 2110 domi
1513 2083 1612 2121 quo-

124 2155 203 2194 que
228 2144 272 2182 in
301 2143 496 2183 societate
523 2141 779 2194 philologica
805 2144 892 2180 arte
921 2153 994 2180 sua
1011 2153 1072 2180 me
1092 2141 1302 2190 instruxit,
1330 2141 1609 2181 Kirchhoffius

42 2224 78 2274 '3
123 2212 418 2262 Vahlenusque
453 2212 557 2251 duos
591 2223 664 2263 per
696 2222 824 2250 annos
854 2209 1059 2250 seminarii
1088 2211 1192 2261 regii
1220 2210 1465 2262 philologici
1493 2211 1611 2250 soda-

4 2283 75 2342 js*
122 2283 204 2323 lem
230 2283 481 2322 ordinarium
508 2294 569 2322 me
597 2294 684 2321 esse
712 2281 942 2332 permisere.
982 2280 1063 2319 His
1092 2292 1194 2330 qnos
1222 2280 1343 2319 modo
1369 2281 1455 2319 dixi
1476 2280 1611 2320 tribus

123 2353 223 2392 viris
259 2352 310 2392 de
344 2364 406 2391 me
441 2351 711 2391 meritissimis
745 2351 919 2401 gratiam
950 2362 1107 2401 semper
1140 2349 1300 2389 habebo
1336 2361 1455 2400 quam
1485 2349 1611 2390 maxi-

122 2434 227 2462 mam
259 2433 307 2462 ac
339 2434 390 2461 ne
418 2425 644 2460 ceterorum
674 2420 847 2470 quidem,
885 2431 1055 2470 quorum
1082 2419 1271 2458 doctrina
1298 2419 1483 2459 eruditus
1510 2431 1611 2471 sum,

28 2535 30 2540 ,
124 2501 302 2541 unquam
330 2490 523 2531 memoria
549 2490 592 2528 in
619 2490 854 2541 gratissimo
883 2501 971 2528 meo
991 2489 1126 2528 animo
1147 2489 1347 2528 interibit.
1386 2489 1612 2529 Academia

31 2547 160 2611 ‘²47⁷a.
186 2559 428 2600 LXXVIII
461 2560 606 2600 relicta
640 2571 729 2599 cum
764 2559 807 2597 in
838 2559 1011 2610 privatis
1039 2560 1187 2599 studiis
1217 2572 1279 2600 me
1306 2559 1612 2609 continuissem‚

44 2621 102 2686 '
123 2629 355 2680 nuperrime
395 2630 629 2680 rigorosum
667 2639 744 2680 pro
786 2627 981 2667 facultate
1021 2628 1196 2668 docendi
1232 2641 1399 2668 examen
1434 2627 1611 2667 sustinui

125 2697 284 2749 iamque
312 2699 355 2738 in
382 2711 430 2738 eo
459 2701 535 2749 est,
571 2702 616 2737 ut
641 2701 782 2749 aptum
809 2709 870 2738 me
897 2709 984 2738 esse
1013 2698 1064 2739 ad
1092 2711 1257 2740 munera
1283 2699 1328 2739 in
1357 2697 1510 2738 scholis
1537 2708 1611 2750 pu·

2 2767 93 2820 »4
122 2764 242 2808 blicis
270 2767 532 2819 suscipienda
559 2767 742 2819 probem.

1739 12 1749 22 ‘⁷
1784 19 1910 48 Lau<

1843 247 1910 273 <5AE
