1916 3302
759 231 1048 276 ...39-

140 358 224 414 Qui
245 375 370 418 supra
393 358 581 403 homines
603 365 727 418 atque
754 360 795 403 in
821 359 984 404 divinos
1007 359 1184 404 honores
1205 358 1294 418 ipse
1320 358 1452 404 elatus
1474 364 1548 415 est,
1576 374 1671 404 eum

139 431 357 487 Augustus
385 430 760 485 cognominaretur,
783 432 813 486 ¹)
847 446 921 488 per
947 430 1057 488 quod
1091 430 1341 473 adiectivum
1372 446 1437 474 res
1467 430 1671 488 significa-

140 501 290 543 bantur
325 499 580 542 venerabiles
619 500 684 541 vel
717 499 865 557 plenae
904 500 1142 554 maiestatis,
1182 500 1326 557 quales
1368 506 1464 543 sunt
1494 515 1560 543 res
1590 500 1671 543 rel-

137 570 280 626 giosae
321 576 362 612 et
405 583 566 622 sacrae;
622 585 704 626 quo
744 576 932 627 spectant
971 569 1113 614 Ovidii
1150 570 1278 612 verba
1309 570 1438 625 (Fast.
1479 569 1501 612 I
1543 569 1668 625 608):

312 639 398 682 Hic
426 641 585 681 socium
614 653 774 682 smnmo
807 653 899 681 cum
928 640 1025 682 Iove
1059 639 1218 682 Caesar
1249 640 1382 684 habet.

314 708 475 751 Sancta.
509 714 657 751 vocant
689 714 872 765 athetsta
895 715 1056 766 patres,
1088 715 1271 766 anqusta
1300 715 1506 753 vocantur

317 779 492 835 Templa
523 779 789 821 sacerdotem
822 781 902 821 rite
931 780 1076 822 dicata
1106 794 1250 822 manu.

142 845 336 890 Conferri
368 854 550 904 possunt,
593 863 700 905 quae
742 848 853 890 idem
883 848 934 891 de
966 848 1160 902 Hercule,
1203 863 1380 906 quocum
1409 848 1450 890 in
1483 848 1671 891 eratione

140 917 301 960 funebri
344 917 535 960 Tiberius
578 918 818 974 Augustum
860 933 1102 975 comparans
1134 934 1157 960 a
1187 918 1326 960 Dione
1365 917 1456 974 (56,
1487 919 1564 971 36)
1595 917 1670 960 fin-

139 987 265 1043 gitur,
295 986 403 1028 inter
434 985 531 1028 deos
562 986 692 1030 relato
727 987 844 1029 dicit:
886 989 1028 1030 maior
1065 988 1204 1029 videri
1245 990 1376 1044 coepit
1418 993 1454 1030 et
1486 992 1670 1044 auqusta

128 1057 238 1111 fieri
261 1058 476 1112 yravitate
505 1057 734 1099 verendus:
779 1057 906 1112 igitur
935 1058 1038 1099 haee
1076 1071 1169 1098 cum
1201 1063 1308 1099 esset
1337 1057 1452 1099 verbi
1485 1056 1671 1113 Augusti

140 1125 263 1180 notio,
294 1125 559 1179 Octavianus,
593 1126 747 1183 quippe
770 1127 838 1183 qui
864 1127 957 1179 iam,
993 1126 1089 1168 dum
1113 1138 1243 1169 terras
1264 1126 1419 1180 incolit,
1449 1126 1527 1168 hoc
1549 1125 1670 1168 titulo

140 1202 399 1238 consecratus
429 1201 688 1252 augustaque
720 1203 827 1238 esset
856 1196 1074 1252 gravitate,
1109 1195 1232 1238 etiam
1264 1195 1366 1238 deus
1388 1202 1487 1240 erat.
1499 1196 1530 1250 2)
1574 1194 1670 1236 Huc

140 1270 328 1322 spectans
375 1263 573 1320 Vegetius
614 1265 688 1318 (de
728 1280 772 1308 re
808 1265 894 1310 mil.
938 1265 980 1307 II
1022 1266 1070 1320 5)
1102 1267 1367 1321 imperatori,
1397 1265 1543 1322 inquit,
1578 1279 1671 1307 eum

139 1334 328 1390 Auyusti
366 1348 516 1377 nomen
552 1337 720 1391 accepit,
763 1340 983 1392 tamquam
1019 1337 1239 1391 praesenti
1269 1340 1306 1377 et
1336 1336 1556 1391 corporali
1596 1335 1670 1377 deo

129 1404 279 1460 fidelis
318 1409 376 1446 est
414 1406 686 1460 praestanda
724 1406 898 1447 devotio.
959 1404 1106 1446 Dionis
1142 1418 1307 1461 quoque
1339 1404 1422 1459 (56,
1452 1405 1527 1456 40)
1569 1403 1670 1446 mihi

142 1473 375 1531 perpendas
405 1474 556 1528 locum,
599 1490 682 1531 quo
720 1474 832 1531 quod
863 1473 1031 1516 insidias
1059 1474 1283 1531 aliquando
1314 1480 1485 1530 paratae
1516 1473 1672 1516 fuerint

142 1542 351 1599 Augusto,
382 1543 551 1586 minime
573 1558 661 1586 esse
685 1543 782 1586 dicit
809 1544 973 1595 mirum,
1003 1558 1096 1585 cum
1122 1558 1173 1585 ne
1201 1543 1251 1585 di
1273 1542 1440 1600 quidem
1463 1557 1517 1585 ex
1538 1557 1671 1600 aequo

143 1611 358 1670 placerent
385 1613 612 1657 omnibus·
651 1613 717 1655 Ac
747 1613 938 1655 Tiberius
968 1612 1009 1654 in
1042 1612 1143 1655 urbe
1163 1612 1297 1655 Roma
1326 1627 1378 1654 ex
1410 1618 1672 1655 senatuscon-

143 1681 251 1724 sulto
295 1687 336 1724 et
378 1682 543 1739 publico
585 1682 752 1725 nomine
796 1682 970 1724 recitans
1012 1681 1290 1724 laudationem
1329 1681 1432 1734 (Dio
1479 1682 1550 1735 56,
1592 1681 1671 1736 41)

143 1750 222 1794 hoc
251 1751 376 1793 dixit:
433 1750 505 1794 καὶ
533 1745 582 1794 τό
614 1751 864 1795 τελευταῖον
892 1746 1008 1810 ἥρωα
1040 1744 1303 1804 chuade-[gaze
1343 1749 1418 1793 καὶ
1448 1744 1672 1794 ἀθάνατον

143 1812 412 1877 ἀπεφήνατε.
470 1821 692 1863 Viventcm
724 1822 852 1877 igitur
885 1827 927 1863 et
965 1827 1009 1862 ut
1038 1821 1268 1863 semideum
1300 1827 1341 1863 et
1383 1826 1426 1861 ut
1462 1820 1670 1863 immorta-

145 1890 227 1933 lem
262 1890 537 1933 honestabant
566 1891 743 1933 Romani
774 1893 1026 1946 Augustum.
1089 1890 1174 1942 Qui
1205 1904 1457 1947 quamquam
1489 1904 1585 1943 non,
1630 1895 1675 1931 ut

144 1959 392 2017 posteriores
424 1960 707 2017 imperatoreS,
750 1961 873 2003 deum
901 1975 944 2003 se
975 1976 999 2002 a
1029 1959 1186 2002 civibus
1218 1959 1418 2002 declarari
1449 1965 1520 2001 aut
1548 1959 1673 2002 simu-

144 2029 256 2072 lacra
283 2044 360 2071 sua
387 2029 429 2071 in
459 2030 623 2087 templis
653 2030 752 2088 poni
783 2030 911 2084 iussit,
954 2029 995 2071 id
1033 2029 1144 2087 quod
1175 2036 1294 2086 pater
1325 2029 1491 2083 fecerat,
1537 2043 1675 2086 neque

144 2097 353 2141 flaminem
377 2098 454 2140 sibi
485 2099 671 2157 sumpsit,
686 2099 720 2155 3)
753 2105 934 2142 attamen
959 2113 1042 2141 non
1073 2098 1226 2140 invitus
1247 2103 1389 2156 poetas
1413 2112 1458 2140 se
1484 2104 1530 2140 ut
1550 2097 1674 2140 deum

145 2167 369 2210 salutantes
399 2168 569 2222 audivit,
603 2168 717 2211 velut
747 2168 848 2210 deus
879 2169 1187 2226 nuncupatur&
1218 2184 1243 2210 a
1271 2167 1474 2223 Vergilio,
1507 2166 1674 2221 Ovidio,

146 2236 334 2281 Horatio.
396 2237 729 2280 Pulcherrimum
761 2237 892 2280 laudis
922 2238 1142 2294 Augustae
1172 2237 1438 2292 praeconium
1469 2236 1510 2278 in
1534 2236 1676 2280 Ovidii

147 2306 248 2350 Met.
278 2306 361 2350 fine
395 2307 442 2360 (l.
472 2307 579 2361 XV)
610 2308 830 2361 invenitur,
869 2323 951 2365 quo
983 2307 1074 2350 loco
1095 2308 1315 2364 Augustus
1345 2322 1470 2364 supra
1500 2312 1674 2364 patrem,

148 2375 219 2433 qui
247 2375 329 2418 iam
351 2376 484 2420 Divus
508 2383 550 2419 et
580 2376 691 2419 sidus
713 2383 787 2431 est,
820 2377 978 2419 tollitur
1005 2383 1131 2435 atque
1153 2383 1288 2420 cetera
1310 2376 1498 2419 Caesaris
1530 2376 1677 2419 merita

148 2461 224 2503 pro
254 2460 303 2488 eo
333 2446 450 2503 parvi
492 2446 773 2500 aestimantur,
817 2446 929 2504 quod
971 2453 1129 2490 tantum
1158 2447 1292 2489 filium
1323 2446 1576 2503 reipublicae
1607 2446 1677 2489 de-

149 2515 268 2568 derit,
306 2522 484 2572 quantus
523 2516 575 2557 sit
606 2517 839 2572 Augustus.
902 2516 1047 2573 Atque
1079 2516 1236 2558 etiamsi
1268 2516 1427 2559 Romae
1458 2516 1677 2572 Augustus

150 2582 311 2626 divinos
351 2585 530 2627 honores
568 2586 764 2643 reppulit,
798 2593 935 2629 tamen
964 2603 988 2629 a
1019 2586 1164 2629 ceteris
1196 2585 1338 2629 Italiae
1380 2585 1551 2628 urbibus
1583 2591 1624 2628 ct
1653 2601 1678 2627 a

290 2728 314 2768 ¹)
340 2728 408 2760 Dio
435 2727 528 2760 Cass.
559 2727 613 2769 53,
642 2728 703 2766 163
730 2726 826 2761 Suet,
852 2727 928 2760 Oct.
956 2729 985 2760 7.

287 2785 315 2829 ²)
341 2786 382 2818 of.
406 2786 532 2819 Dionis
557 2785 681 2817 verba:
707 2783 757 2822 ὦς
783 2787 856 2818 καὶ
881 2783 1045 2819 πλεῖόν
1070 2799 1111 2817 τι
1139 2784 1160 2827 ἢ
1194 2782 1284 2817 κατ’
1319 2781 1588 2828 ἆνθριόπους
1614 2781 1678 2819 ὤν,

289 2844 316 2884 3)
343 2843 438 2877 Suet.
465 2843 540 2876 Oet.
566 2843 630 2883 52;
656 2842 861 2886 Nipperdey
884 2842 928 2874 ad
953 2842 1036 2875 Tac.
1062 2852 1145 2874 ann.
1168 2841 1185 2872 Ι
1213 2842 1265 2873 10.

288 2902 314 2943 4)
340 2902 502 2944 exempla
526 2903 624 2952 petas
650 2910 694 2933 ex
719 2900 914 2944 Ruedigeri
939 2904 974 2933 et
998 2899 1143 2939 Finckei
1169 2898 1299 2932 libellis
1324 2907 1431 2944 supra
1457 2896 1568 2936 dictis,
