1936 3392
400 355 455 394 48

399 482 497 510 rean
526 470 638 510 inest
669 494 723 498 ——
756 470 850 510 647.
881 469 928 510 In
961 469 1148 524 longum]
1177 471 1227 512 In
1251 471 1376 526 longo
1409 497 1461 502 —-
1495 472 1589 514 650.
1614 487 1688 528 per
1710 473 1859 530 undas]

398 551 472 592 per
509 540 561 593 (p)
598 539 710 580 unde
754 564 803 568 —
851 539 908 579 In
943 553 1075 593 marg).
1112 540 1286 594 siynum
1325 555 1345 593 7
1387 543 1590 596 appinxit
1617 557 1686 598 pr.
1716 557 1772 585 m.
1804 569 1859 574 —

401 609 494 648 651.
526 608 638 662 nam]
670 610 754 649 iam
787 633 840 638 —
874 609 969 649 652.
1001 608 1125 663 tenet]
1152 613 1299 663 Q
1329 635 1382 640 ——
1414 611 1561 666 isdem]
1592 613 1758 667 iisdem,
1790 614 1863 655 sed

393 679 523 732 prius
547 679 563 718 i
589 682 829 719 transversa
848 693 996 733 penna
1019 679 1182 732 delevit,
1214 683 1264 720 ut
1287 681 1470 733 videtur,
1497 695 1565 736 pr.
1589 695 1645 723 m.
1678 707 1731 712 -
1764 683 1859 724 653.

398 748 518 802 rigat]
543 752 657 802 regat
690 773 742 777 -—-
775 747 859 802 ore]
872 748 991 801 ΨΘ
1022 773 1076 777 ——
1110 749 1204 789 654.
1237 749 1374 802 gno-llis
1406 750 1518 791 inest
1549 775 1602 780 —
1635 752 1730 792 656.
1749 764 1861 807 gem-

398 819 553 858 mantia
582 819 693 858 inast
725 843 776 847 —
810 817 945 872 litora]
977 818 1115 859 littora
1146 843 1198 848 ——
1233 819 1328 860 658.
1361 818 1577 874 Carthago]
1610 825 1772 876 cartago
1789 828 1858 852 '—

401 888 494 927 659.
527 887 714 941 Alpinas]
746 887 912 928 albanas
945 912 998 916 —
1031 888 1125 928 660.
1157 888 1360 943 Trebiam]
1386 889 1554 930 tribiam
1584 914 1638 920 —
1671 891 1767 932 661.
1792 890 1859 932 Li-

399 957 523 1010 byen]
563 957 691 1002 libian
736 982 790 986 —
835 958 929 998 662.
961 957 1086 1011 Huic]
1123 957 1220 999 Huc
1263 983 1316 987 —-
1363 959 1457 999 665.
1488 959 1624 1014 pastu]
1639 964 1775 1016 party
1805 985 1860 991 —-

399 1026 519 1068 Inter
547 1041 649 1067 voce.
683 1028 856 1068 crimina
886 1030 924 1068 et
954 1031 1085 1069 terrae
1116 1028 1192 1069 litt.
1219 1042 1310 1069 una
1334 1032 1454 1070 'erasa
1478 1029 1646 1071 videtur
1675 1055 1730 1060 -—
1761 1030 1863 1072 Post

397 1111 433 1137 v.
463 1099 553 1138 665
586 1097 779 1150 sequitur
811 1111 846 1137 v.
877 1099 967 1138 667
1009 1122 1062 1127 —
1108 1098 1202 1138 666.
1239 1098 1406 1152 poenas]
1443 1111 1595 1153 paenas
1631 1124 1687 1129 —-
1722 1099 1860 1155 tellus]

398 1167 506 1218 belia
536 1192 590 1196 —
624 1168 717 1207 667.
739 1166 988 1221 elephantas]
1011 1168 1206 1208 elefantas
1232 1193 1286 1197 -
1313 1168 1553 1223 saevosque]
1579 1181 1779 1224 sevosque
1804 1195 1859 1200 —

400 1237 493 1278 668.
521 1236 754 1291 cercopum]
788 1249 1025 1291 cecropum,
1056 1250 1079 1277 e
1108 1251 1158 1278 ew
1186 1239 1201 1278 i
1230 1238 1344 1278 inter
1371 1238 1640 1280 scribendum
1663 1253 1765 1281 corr.
1790 1253 1859 1294 pr.

397 1321 451 1347 m.
485 1332 538 1336 —-
573 1307 667 1347 669.
694 1306 853 1360 arenas]
876 1307 1051 1348 harenas
1083 1332 1136 1336 --
1170 1307 1264 1348 670.
1283 1307 1422 1362 ponet]
1441 1312 1570 1362 ponat
1595 1333 1650 1339 ——
1675 1309 1859 1364 colonos]

387 1376 555 1431 colonis
599 1402 640 1407 —
697 1377 791 1417 672.
822 1376 1094 1430 gemmisque]
1119 1378 1392 1433 Remi-&8930
1430 1403 1484 1407 —
1523 1379 1764 1420 674—675
1793 1379 1861 1421 vel
1933 1375 1936 1383 ’

399 1447 500 1487 alter
531 1445 666 1500 Orbis]
698 1446 766 1486 vel
789 1452 800 1495 ΙΙ
813 1447 937 1501 ‚beis
966 1447 1086 1501 Aiter
1116 1447 1244 1500 (inter
1267 1461 1348 1488 voc.
1374 1447 1440 1488 vel
1465 1451 1504 1488 et
1529 1447 1640 1490 orbis
1667 1449 1744 1490 litt.
1768 1462 1861 1491 una

397 1530 518 1575 erasa
548 1516 622 1570 est)
661 1541 715 1545 —
751 1517 846 1556 675.
878 1516 1056 1571 moenia]
1088 1518 1253 1558 maenia
1285 1542 1338 1546 —
1371 1518 1466 1558 676.
1490 1517 1632 1568 Qn’so
1661 1518 1773 1560 inest
1803 1543 1858 1549 -—

399 1587 492 1626 677.
524 1586 593 1626 Ad
622 1586 795 1626 Tanaim
826 1585 1045 1640 Scythicis]
1077 1587 1141 1627 Ac
1166 1590 1327 1628 tantum
1353 1587 1514 1628 sciticas
1545 1613 1599 1617 —-
1632 1587 1766 1643 orbes]
1790 1602 1860 1630 ur-

396 1655 468 1696 bes
513 1681 566 1684 —
611 1656 705 1696 678.
737 1655 1007 1710 Maeotisque]
1039 1655 1268 1710 Meotisque
1311 1682 1365 1686 ——
1410 1657 1505 1697 681.
1538 1657 1634 1712 qua]
1666 1670 1772 1712 quae
1803 1683 1857 1688 ——

399 1726 494 1766 682.
526 1725 783 1779 excepitque]
817 1738 898 1780 que
929 1739 1007 1766 om.
1041 1751 1094 1755 -—
1132 1727 1226 1767 683.
1258 1725 1443 1767 Condere
1472 1740 1592 1780 passa
1621 1739 1719 1769 suos
1747 1728 1859 1784 ignis

397 1795 634 1849 Venerique
665 1795 816 1850 iugari]
855 1795 1043 1837 Pondere
1072 1809 1193 1850 passa
1223 1809 1297 1837 suo
1328 1797 1439 1850 signi
1470 1797 1668 1851 onerique
1688 1798 1860 1851 juvavit

398 1890 452 1894 -—
486 1866 580 1906 684.
612 1865 702 1919 Ille]
734 1865 812 1906 Eia
844 1890 897 1895 —
928 1865 1041 1919 litus]
1074 1866 1211 1906 luctus
1243 1891 1296 1895 —
1329 1866 1424 1907 685.
1456 1866 1740 1922 monumenta]
1770 1880 1859 1908 mo-

397 1936 582 1976 nimenta
619 1960 672 1963 —
711 1936 775 1976 sui
810 1935 922 1976 ‘inest
958 1961 1012 1964 —
1051 1935 1217 1990 amoris]
1235 1936 1425 2000 lhonoris
1468 1961 1522 1965 ——
1567 1936 1663 1978 688.
1696 1935 1859 1979 Thebae

399 2006 523 2058 divis,
566 2009 606 2046 et
644 2005 754 2059 rege]
797 2005 945 2046 thebus
982 2006 1122 2046 divisit
1157 2018 1253 2060 rege
1297 2030 1350 2034 —
1396 2006 1490 2047 689.
1528 2005 1667 2060 Pella]
1689 2006 1769 2057 ffla
1803 2031 1857 2036 —

396 2074 578 2129 Troiani]
616 2076 766 2116 traiani
804 2100 857 2104 -
895 2075 1015 2116 Inter
1047 2089 1149 2116 voce.
1174 2076 1312 2133 Q
1342 2076 1440 2130 (gi-a)
1472 2079 1511 2117 et
1540 2075 1639 2118 belh·
1667 2076 1859 2131 spatium

397 2145 532 2186 unius
562 2145 638 2186 lz’tt.
669 2158 854 2186 vacuum
883 2146 1076 2186 relictum
1107 2149 1167 2186 est
1201 2171 1255 2174 —
1289 2147 1383 2186 690.
1415 2145 1660 2200 Epirosque]
1693 2158 1859 2200 epyros—

399 2228 480 2269 que
517 2240 571 2244 -—
610 2215 704 2256 691.
743 2215 896 2269 Illyris]
934 2215 1061 2256 Illiris
1099 2241 1152 2244 —
1189 2215 1358 2269 Threce]
1391 2216 1530 2256 thrace
1567 2240 1618 2245 ——
1659 2215 1754 2257 693.
1785 2228 1860 2270 per

399 2284 560 2339 census]
604 2297 853 2362 praecensus
897 2287 1098 2339 (pcensus)
1145 2310 1196 2314 —
1242 2285 1337 2326 694.
1365 2285 1621 2335 Q
1655 2285 1767 2327 inest
1802 2310 1857 2314 —

399 2356 492 2396 694.
526 2354 666 2409 quam]
694 2369 720 2409 q
758 2380 811 2384 -—
851 2356 945 2396 696.
977 2355 1066 2396 Hos
1097 2370 1146 2396 eoe
1175 2355 1268 2396 Hoc
1297 2369 1399 2396 corr.
1425 2368 1493 2409 pr.
1523 2369 1579 2396 m.
1621 2375 1675 2385 -·-
1711 2358 1858 2396 notan-

398 2424 490 2479 dus]
522 2425 734 2494 vocandi&
772 2450 825 2454 —
865 2425 959 2466 697.
991 2438 1064 2479 per
1093 2424 1272 2479 singula]
1305 2428 1345 2466 et
1285 2425 1537 2479 —ws—'mguJ—{z
1573 2449 1628 2454 —-
1662 2425 1755 2466 700.
1787 2424 1858 2466 ad-

398 2494 593 2548 sererent]
622 2480 859 2544 assererent
897 2520 950 2524 -—
989 2494 1139 2549 sidera]
1171 2495 1320 2547 sydera
1363 2519 1416 2524 —-
1463 2495 1556 2535 702.
1589 2493 1856 2549 quamquam]

399 2578 639 2619 quanquam
677 2590 730 2594 -
768 2564 848 2618 eat]
887 2568 972 2606 erat
1010 2590 1062 2593 ——
1105 2566 1197 2606 703.
1230 2564 1330 2619 exit]
1352 2567 1476 2634 Qt
1511 2589 1566 2593 —
1607 2564 1700 2604 704.
1730 2562 1858 2605 Nam-

399 2633 494 2689 que]
526 2634 703 2689 Nanque
735 2660 788 2663 —
820 2634 973 2688 haeret]
1005 2636 1120 2676 heret
1156 2661 1209 2664 —
1251 2635 1343 2676 706.
1374 2632 1595 2688 Nemeaeo]
1625 2644 1770 2675 nemee
1801 2658 1856 2663 —

401 2706 493 2746 708.
518 2693 678 2759 genua&
702 2705 984 2759 capricornus,
1015 2707 1046 2745 &
1070 2719 1274 2759 superser.
1301 2718 1369 2759 pr.
1392 2718 1447 2745 m.
1480 2728 1535 2733 —-
1569 2703 1662 2744 711.
1681 2701 1856 2757 Idcirco]

397 2775 555 2830 Iccirgo
587 2774 678 2830 (sic)
717 2799 770 2803 —-
806 2775 898 2815 714.
924 2774 1237 2829 Materiemque]
1539 2786 1562 2814 e
1592 2797 1647 2802 ———
1677 2771 1856 2827 foedere]

397 2845 560 2886 saedere
591 2870 644 2874 —
680 2845 772 2886 718.
803 2843 1001 2886 Romanis
1032 2844 1164 2899 urbis]
1196 2857 1388 2886 romanas
1418 2843 1542 2891 urbes
1574 2867 1628 2872 ——
1662 2843 1755 2884 719.
1775 2841 1857 2884 Ve-

396 2914 492 2970 nus]
527 2928 752 2970 genus—
795 2915 887 2955 720.
921 2914 1106 2969 Graecia]
1143 2915 1274 2969 gretia
1310 2939 1364 2944 —
1405 2914 1498 2954 721
1528 2910 1746 2967 fortisque]
1775 2911 1857 2953 for-
