1910 3250
1034 0 1663 41 ⁷5:ffiILei‘ffl‘W-'Tfssssffmzfflss's”5⁴⁸
1688 0 1724 16 τ

746 272 1022 313 ...29-

149 401 379 449 supersunt,
412 409 459 436 ea
494 396 545 435 ad
580 401 754 436 aetatem
789 396 908 435 unius
937 394 1094 434 Tiberii
1129 394 1338 445 aptissime
1365 393 1624 433 conveniunt.

151 467 271 517 Quod
302 479 380 518 quo
408 465 662 506 manifestius
690 466 867 516 reddam,
895 469 1127 514 antequam,
1154 463 1251 513 quid
1280 463 1451 502 sentiam
1477 463 1527 502 de
1547 463 1626 501 sin-

149 537 338 587 gulorum
378 535 575 574 librorum
615 535 746 585 annis,
783 535 975 586 aperiam,
1016 532 1184 574 honoris
1219 533 1472 572 Lachmanni
1506 545 1627 572 causa

149 605 270 645 etiam
297 605 546 654 aliquamdiu
573 604 809 644 testimonia
836 603 1019 654 proferre
1048 615 1225 654 pergam.

682 892 939 950 Caput
978 892 1096 939 IV.

212 990 282 1035 De
313 990 423 1034 aliis
453 991 738 1036 Tiberianae
768 991 940 1035 aetatis
971 991 1131 1043 rebus»,
1165 999 1284 1043 quae
1314 989 1366 1032 iu
1396 988 1560 1034 Astro-

630 1060 833 1106 nomicis
864 1059 1148 1114 tanguntur.

253 1157 342 1196 Iam
382 1157 519 1197 incido
562 1158 604 1196 in
639 1159 885 1197 mentionem
922 1157 1049 1196 cladis
1084 1156 1306 1206 Varianae,
1347 1156 1396 1194 de
1433 1168 1511 1205 qua
1539 1168 1627 1195 cum

151 1225 300 1265 infesta
347 1227 541 1276 quaedam
585 1231 829 1266 cometarum
871 1227 1123 1275 aliorumque
1159 1226 1314 1276 ignium
1346 1226 1627 1264 aethereorum

152 1295 288 1334 omina
324 1301 544 1344 enumerat,
579 1297 777 1335 Manilius
814 1297 908 1335 inde
944 1309 968 1335 a
995 1296 1028 1346 Ι,
1064 1298 1140 1335 894
1166 1295 1264 1334 haec
1291 1294 1506 1334 memoriae
1534 1307 1627 1344 pro-

150 1363 277 1404 didit:

335 1450 452 1495 „Quin
476 1455 514 1487 et
538 1453 638 1488 bella
664 1455 801 1488 canunt
824 1452 926 1498 ignes
953 1453 1168 1498 subitosque
1192 1450 1372 1486 tumultus

335 1509 386 1544 Et
411 1509 648 1546 clandestinis
675 1510 861 1557 surgentia
885 1510 1075 1546 fraudibus
1103 1520 1206 1545 arma

336 1566 521 1603 Externas
546 1567 655 1603 modo
681 1579 747 1614 per
770 1570 912 1614 gentes,
938 1587 983 1594 -
1007 1571 1047 1603 ut
1072 1568 1218 1604 foedere
1243 1569 1351 1613 rupto

337 1623 427 1659 Cum
453 1625 531 1660 fera
555 1625 789 1661 ductorem
815 1625 972 1672 rapuit
999 1624 1248 1660 Germania
1273 1624 1441 1660 Varum

334 1681 537 1727 Infecitque
561 1683 670 1718 trium
694 1683 878 1728 legionum
904 1683 1082 1728 sanguine
1110 1693 1273 1728 campos.

333 1740 516 1775 Arserunt
539 1742 620 1776 toto
646 1741 785 1786 passim
811 1741 1018 1776 minitantia
1043 1741 1178 1775 mundo

333 1796 506 1841 Lumina,
532 1800 570 1832 et
593 1798 675 1844 ipsa
700 1798 783 1833 tulit
806 1798 942 1834 bellum
967 1801 1101 1834 natura
1126 1810 1191 1844 per
1215 1799 1319 1844 ignes

339 1852 594 1901 Opposuitque
620 1867 706 1891 snas
730 1857 826 1892 vires
852 1856 1034 1902 finemque
1062 1857 1203 1891 minata
1229 1859 1303 1901 est;

335 1909 418 1946 Nec
441 1912 570 1947 mirere
595 1923 726 1958 graves
751 1925 942 1960 rerumque
967 1914 1226 1960 hominumque
1252 1914 1396 1950 ruinas:

334 1966 456 2015 Saepe
482 1970 580 2005 domi
607 1971 715 2017 culpa
740 1975 814 2014 est3
841 1972 1023 2007 nescimus
1050 1972 1199 2007 credere
1226 1972 1364 2008 caelo.“

151 2054 222 2095 Sic
273 2055 487 2095 lamentari
539 2057 723 2107 potuisse
778 2069 851 2108 per
905 2070 945 2096 se
1000 2058 1133 2108 ipsum
1180 2060 1297 2108 patet
1345 2070 1434 2096 eum
1483 2057 1626 2107 solum,

151 2125 220 2174 qui
264 2125 329 2164 vel
376 2128 670 2175 conquerentes
719 2127 992 2177 maximopere
1034 2127 1189 2166 cladem
1236 2127 1349 2165 illam
1390 2139 1519 2176 paene
1561 2138 1627 2165 ex-

150 2193 350 2232 itiabilem
378 2194 587 2234 Romanos
629 2196 763 2234 animo
799 2196 988 2235 molliore
1023 2196 1237 2234 audiverat
1269 2196 1334 2234 vel
1370 2196 1509 2246 potius
1539 2195 1626 2245 ipse

151 2261 237 2300 eius
282 2263 526 2302 calamitatis
568 2264 722 2302 arbiter
765 2264 907 2303 fuerat.
974 2263 1142 2302 Dilucet
1184 2265 1290 2303 enim
1331 2264 1515 2314 singulas
1555 2276 1627 2315 per

151 2329 292 2370 literas
327 2333 559 2373 recordatio
597 2333 704 2372 tanti
732 2332 903 2383 doloris,
945 2335 1097 2383 quanto
1126 2345 1214 2372 cum
1242 2345 1378 2372 omnes
1408 2333 1514 2372 cives
1542 2335 1628 2372 tum

150 2397 386 2450 Augustum
431 2400 616 2440 affectum
661 2414 747 2440 esse
793 2402 941 2451 ferunt,
988 2407 1034 2441 ut
1081 2403 1187 2441 diem
1233 2403 1359 2441 cladis
1407 2403 1626 2452 quotannis

152 2471 347 2508 maestum
374 2469 561 2509 habuerit
588 2482 634 2509 ac
662 2470 926 2521 lugubrem.¹)
981 2470 1139 2509 Nostro
1169 2471 1297 2521 igitur
1326 2471 1412 2509 iure
1443 2472 1563 2510 etiam
1592 2471 1626 2509 si

153 2524 288 2575 omina
327 2537 488 2588 infesta,
529 2539 674 2588 quibus
712 2539 912 2589 pernicies
951 2539 1024 2577 illa
1057 2540 1255 2578 declinari
1286 2543 1492 2591 potuerat,
1532 2540 1626 2579 defi-

152 2603 284 2644 ciente
320 2605 402 2644 alio
438 2612 602 2647 auctore
638 2609 759 2658 plane
788 2609 1037 2659 ignoramus,
1072 2621 1122 2648 ex
1152 2610 1328 2659 querelis
1357 2614 1503 2660 poetae
1533 2622 1626 2648 con-

152 2672 350 2713 cludimus
383 2675 534 2716 vixisse
569 2689 657 2716 eum
692 2680 813 2728 atque
851 2678 972 2718 etiam
1011 2679 1234 2730 scripsisse,
1277 2691 1366 2718 cum
1400 2679 1627 2729 ignominia

255 2816 284 2866 ¹)
309 2817 410 2855 Suet.
436 2817 518 2856 Oct.
543 2830 574 2857 c.
598 2822 654 2859 23.
