1910 3250
0 1065 31 1252 *2¹³1ssssch
0 895 33 1042 '³⁴3⁵‘ss
22 742 27 743 ,
18 678 24 695 ,,
3 441 9 457 ’ν

712 297 996 338 -63-

317 421 403 458 9152
437 419 602 456 faciem
628 419 750 455 caeli
772 427 854 455 non
876 418 1058 455 invidet
1083 418 1184 454 orbi

437 478 525 524 Ipse
550 477 640 512 deus
664 477 917 522 vultusque
945 486 1049 512 suos
1074 485 1336 521 corpusque
1360 473 1560 510 recludit

435 535 588 581 Semper
612 533 790 569 volvendo
815 544 941 579 seque
965 534 1087 580 ipsum
1110 532 1274 568 inculcat
1298 534 1336 568 et
1361 543 1382 568 o
1398 532 1415 567 f
1421 531 1527 575 fert,

435 593 523 639 Ipse
546 593 658 627 vocat
683 592 825 626 animos
850 594 998 627 nostros
1025 591 1074 626 ad
1100 591 1221 626 sidera
1245 590 1401 626 mundus

433 649 517 685 Nec
540 650 691 696 patitur,
717 649 779 695 qui
803 659 877 684 non
903 649 1040 692 condit,
1064 659 1132 684 sna
1155 649 1236 684 iura
1261 648 1391 684 latere.

66 745 70 748 Δ
113 752 149 792 Ε
181 753 388 803 postremo
424 749 504 787 isto
541 748 632 787 loco
668 747 886 797 praecipue
921 747 1099 786 conicies
1130 747 1335 786 conscium
1366 747 1444 786 sibi
1473 746 1599 786 fuisse

111 819 342 868 Manilium,
387 819 581 867 quantum
626 816 670 854 in
710 815 1006 866 perscrutanda
1046 816 1122 855 fati
1164 818 1312 855 natura
1352 816 1600 866 deorumque

115 888 288 929 Ovidius
317 888 483 936 eiusque
513 885 664 924 similes
693 898 717 923 a
745 887 870 924 semet
898 885 988 936 ipso
1019 890 1323 935 superarentur.
1354 907 1402 914 —-
1441 885 1599 934 Quodsi

111 957 164 999 ab
199 956 388 1008 epistolis
418 954 774 995 OvidiiPonticis
811 966 962 1004 eorum,
1001 966 1103 1004 quae
1139 967 1189 992 ex
1216 954 1517 994 Astronomicis
1546 955 1599 993 ci-

113 1027 211 1077 tavi,
251 1026 467 1066 verborum
510 1025 628 1075 origo
671 1023 850 1074 legitime
894 1022 1092 1062 trahenda
1133 1027 1209 1073 est,
1253 1023 1348 1062 illae
1388 1027 1522 1063 autem
1556 1024 1599 1061 in

112 1108 235 1136 unum
274 1095 514 1134 coniunctae
556 1093 671 1143 prius
715 1105 834 1142 quam
875 1104 982 1131 anno
1017 1092 1070 1130 U.
1106 1104 1138 1130 c.
1174 1094 1261 1142 770,
1305 1104 1384 1142 quo
1422 1093 1600 1144 scriptor

111 1167 294 1205 mortuus
329 1175 416 1203 esse
443 1163 595 1201 dicitur
631 1161 718 1212 (cfr.
748 1161 920 1200 Hieron.
950 1161 1001 1200 ad
1029 1174 1062 1200 a.
1091 1161 1283 1200 Abrahae
1312 1159 1444 1212 2033),
1478 1173 1599 1212 aegre

68 1228 70 1234 ⁸
111 1233 360 1274 circumferri
388 1235 622 1284 potuerant,
650 1243 777 1281 usque
806 1231 856 1270 ad
885 1231 962 1270 hoc
991 1233 1150 1281 tempus
1172 1230 1476 1270 Astronomicis
1496 1235 1599 1270 trac-

110 1303 248 1343 tandis
284 1303 455 1354 primam
488 1301 669 1340 auctoris
704 1313 864 1340 manum
899 1300 1065 1339 omnino
1085 1299 1271 1359 ,defuisse
1298 1312 1432 1339 nonne
1462 1311 1599 1339 omnes

113 1371 166 1412 ad
191 1384 315 1411 unum
341 1371 459 1410 facile
487 1369 679 1410 credent?
734 1369 805 1408 An
834 1370 1072 1421 reperietur,
1111 1369 1180 1418 qui
1209 1369 1330 1407 nobis
1356 1370 1602 1419 persuadeat

94 1440 296 1480 [iuvenem
322 1443 498 1490 poetam,
526 1439 575 1478 de
602 1451 681 1489 quo
704 1439 888 1489 quaestio
909 1442 983 1489 est,
1011 1437 1090 1477 iam
1110 1443 1195 1477 tum
1215 1434 1349 1477 locum
1371 1439 1598 1479 obtinuisse

112 1510 222 1551 inter
247 1521 331 1560 eOS,
360 1521 529 1560 quorum
558 1508 667 1558 quod
695 1509 851 1547 inedita
878 1520 974 1547 cura
1004 1511 1077 1557 est,
1107 1511 1152 1546 ut
1171 1508 1231 1546 ait
1252 1507 1426 1547 Ovidius
1455 1509 1516 1559 (in
1536 1521 1598 1559 ep.

113 1592 166 1619 ex
197 1579 321 1619 Pont.
357 1578 434 1629 IV,
477 1581 536 1628 16,
578 1578 658 1628 39),
700 1577 1036 1628 adpellandorum
1079 1578 1138 1616 nil
1179 1577 1277 1616 1111111
1319 1577 1419 1615 iuris
1458 1576 1599 1616 adest?

115 1647 235 1688 Certe
264 1648 349 1687 sive
369 1647 585 1687 Manilium
613 1647 655 1684 iu
675 1647 826 1685 exsulis
846 1647 967 1685 huius
989 1646 1244 1686 amicissimis
1266 1647 1495 1685 numerabis
1515 1647 1600 1685 sive

111 1717 356 1757 Merkelium
390 1720 551 1756 secutus
579 1715 854 1754 infestissimis
884 1716 1198 1754 insidiatoribus
1229 1716 1452 1766 adiungere
1480 1715 1600 1755 aude-

111 1786 190 1838 bis,
218 1786 332 1826 nulia
359 1786 437 1826 erit
464 1797 596 1834 causa,
625 1796 696 1823 cur
723 1785 760 1822 ei
790 1785 989 1836 epistolas
1008 1785 1220 1835 Ponticas,
1248 1786 1354 1824 unde
1379 1785 1601 1824 nonnullos

111 1855 267 1896 fructus
300 1854 540 1907 perceperit,
580 1857 700 1904 post
733 1858 905 1893 mortem
940 1854 1158 1894 Octaviani
1193 1853 1390 1905 plurimas
1426 1853 1600 1893 traditas

101 1936 200 1967 ‚esse
228 1936 363 1976 neges.
417 1924 644 1963 Assecutus
672 1923 801 1974 igitur
828 1923 903 1962 hac
934 1934 1095 1974 quoque
1126 1923 1204 1974 via,
1235 1934 1336 1973 quae
1365 1923 1416 1962 ab
1447 1922 1600 1962 Ovidio

0 2009 9 2027 ι’
39 2007 63 2041 [1
111 1997 242 2046 patet,
287 2006 386 2043 sum,
432 1994 540 2044 quod
587 2005 636 2032 ex
684 1993 808 2048 animi
849 1993 1051 2032 sententia
1094 1992 1316 2032 identidem
1357 1992 1436 2031 iam
1478 2003 1602 2043 supra

113 2063 270 2104 inveni:
298 2063 463 2102 Manilii
492 2075 651 2102 carmen
678 2062 818 2101 deberi
847 2062 974 2101 aetati
1004 2051 1263 2101 Tiberianae.

215 2150 365 2190 Potest
403 2154 536 2190 autem
576 2162 706 2189 annus
743 2149 795 2188 U.
831 2161 863 2188 c.
902 2151 978 2189 770
1013 2153 1059 2187 ut
1093 2149 1414 2188 Astronomicon
1450 2147 1601 2187 natalis

49 2212 292 2277 jfs‘vssdeiusdem
320 2219 460 2259 Ovidii
499 2231 625 2270 opera
658 2218 717 2258 ita
744 2218 893 2257 muniri
922 2230 968 2257 ac
995 2218 1171 2268 defendi,
1206 2222 1253 2256 ut
1280 2218 1602 2258 commenticium

39 2257 205 2334 &um
237 2292 283 2328 et
313 2288 470 2328 futilem
503 2300 590 2327 esse
626 2288 823 2327 neminem
859 2288 939 2326 iam
972 2287 1175 2326 dicturum
1208 2287 1417 2327 confidam.
1480 2287 1601 2336 Quod

0 2313 85 2420 ff,

0 2427 50 2471 ,53⁸⁷
59 2427 61 2431 Ι

114 2356 305 2402 effectum
349 2358 446 2398 mihi
483 2357 731 2397 redeundum
768 2360 830 2396 est
864 2356 916 2395 ad
950 2355 1115 2407 Fastos,
1158 2369 1330 2407 quorum
1364 2357 1599 2407 refingendo

114 2426 293 2478 corpori,
319 2427 452 2478 primo
480 2431 639 2466 tantum
656 2426 764 2465 libro
784 2426 989 2475 absoluto,
1017 2427 1162 2465 auctor
1181 2426 1342 2466 videtur
1361 2426 1600 2464 immortuus

115 2505 216 2535 esse.
266 2494 576 2536 Demonstravit
610 2496 716 2535 enim
751 2507 870 2546 quam
905 2495 1224 2535 luculentissime
1257 2496 1480 2535 Merkelius
1516 2508 1600 2536 car-

116 2563 226 2605 mim
258 2564 344 2616 illa,
385 2569 432 2604 ut
465 2565 516 2605 ad
553 2564 834 2606 Germanicum
869 2565 902 2603 si
938 2565 980 2603 in
1014 2564 1160 2604 Asiam
1193 2566 1374 2604 venisset
1407 2566 1600 2616 mitteret,

119 2629 312 2672 Ovidium
343 2636 563 2675 retractare
600 2634 784 2685 coepisse
820 2635 986 2673 ineunte
1020 2646 1113 2673 vere
1149 2635 1244 2673 anni
1274 2637 1360 2674 770.
1414 2634 1600 2674 Perbene

124 2704 260 2741 autem
286 2706 517 2754 congruunt
541 2704 591 2744 de
617 2716 716 2756 pace
747 2715 848 2753 quae
877 2705 919 2742 111
938 2702 1070 2755 primo
1090 2703 1309 2742 Fastorum
1328 2707 1492 2743 exstant
1511 2716 1600 2743 cum

121 2769 192 2820 iis,
221 2777 322 2820 quae
348 2763 552 2822 in'primo
579 2772 897 2813 Astronomicon
925 2773 1096 2824 legimus
1125 2784 1307 2823 quaeque
1326 2773 1395 2812 Fr.
1418 2773 1599 2812 Jacobus

121 2839 218 2880 olim
245 2840 290 2879 in
318 2851 456 2891 progr.
477 2839 658 2882 Posnan.
679 2855 716 2883 a.
738 2844 835 2883 1830
853 2855 891 2893 p.
913 2843 936 2881 9
957 2843 1015 2882 sic
1034 2842 1275 2882 illustravit:
1304 2841 1600 2893 „Somniabant
