1910 3250
979 192 1228 239 ...8.-

357 325 445 362 orta
474 318 564 371 sint,
597 317 776 370 idoneae,
809 323 849 360 et
877 333 927 360 ex
950 319 1116 372 ratione,
1144 334 1248 376 quae
1275 320 1380 363 inter
1401 326 1581 363 nostrum
1609 328 1844 381 ceterosque

359 387 598 440 Augustcae
618 387 758 428 aetatis
776 393 913 442 poetas
931 387 1155 440 intercedit,
1187 388 1370 429 nonnihil
1399 389 1550 430 fructus
1581 391 1731 447 percipi
1757 398 1843 448 pot-

358 454 452 495 erit:
499 453 713 509 praecipue
744 468 801 505 ea,
844 468 947 509 quae
977 454 1143 495 Manilio
1173 469 1263 496 cum
1293 455 1441 498 Ovidio
1471 463 1510 498 et
1539 456 1711 500 Caesare
1741 458 1844 501 Ger-

359 521 527 573 manico,
561 535 680 576 quem
709 521 876 561 dicimus
905 521 1117 574 Arateum,
1146 523 1373 563 communia
1400 530 1504 576 sunt,
1523 523 1552 578 1)
1576 539 1724 580 magno
1755 541 1843 582 pos-

359 595 452 630 sunt
492 603 578 630 esse
623 589 766 644 pretio.
837 588 919 631 Sed
964 590 1175 644 quoniam,
1229 605 1319 631 cum
1371 591 1470 631 duos
1522 592 1668 632 abhinc
1718 608 1844 635 annos

356 657 519 708 Birtius,
556 656 667 696 cuius
698 662 848 710 quanta
879 656 918 696 in
949 671 1014 698 mc
1044 657 1123 698 sint
1153 659 1294 699 merita
1324 659 1391 699 vix
1424 659 1538 700 valeo
1571 659 1716 712 dicere,
1748 661 1844 702 mihi

357 723 642 764 instituendam
673 724 948 779 proposuisset
988 724 1285 779 inquisitionem
1330 726 1368 766 in
1402 726 1554 767 Manilii
1582 727 1845 770 imitationem

357 791 600 834 Ovidianam
633 791 812 846 itemque
843 791 882 831 in
913 791 1210 844 similitudines,
1243 808 1342 848 quas
1370 792 1637 835 Germanicus
1668 795 1845 837 Arateus

355 858 547 900 exhibere
588 858 805 909 videretur,
853 858 950 899 locis
996 859 1219 900 imitatoriis
1265 860 1481 915 diligenter
1521 862 1754 918 conquisitis
1794 863 1844 904 ad

355 926 526 967 eandem
581 926 664 967 fere
717 932 840 981 atque
897 925 1067 968 Cramer
1125 927 1187 983 (p.
1243 928 1270 968 4
1322 934 1406 971 not.
1457 929 1496 983 2)
1549 929 1844 972 conclusionem

355 993 544 1048 perveni,
597 999 661 1045 ut,
721 994 753 1034 si
809 994 896 1048 quis
942 1000 1130 1049 quattuor
1178 995 1331 1050 priores
1376 997 1671 1038 astronomicon
1723 997 1846 1039 libros

354 1060 572 1102 contendat
610 1066 700 1116 post
738 1075 889 1101 annum
929 1076 968 1116 p.
999 1061 1097 1105 Chr.
1130 1077 1168 1105 n.
1200 1063 1225 1104 9
1262 1069 1302 1104 et
1331 1070 1426 1104 ante
1457 1064 1635 1119 Augusti
1674 1071 1845 1107 mortem

355 1128 600 1183 conscriptos
639 1142 738 1180 esse,
781 1128 813 1168 is
850 1143 931 1170 non
971 1129 1180 1170 refellatur
1218 1131 1275 1172 cis
1314 1131 1615 1185 imitationibus,
1657 1147 1757 1188 quas
1795 1147 1846 1174 ex

355 1195 595 1236 carminibus
637 1197 687 1236 ab
718 1195 866 1238 Ovidio
906 1197 1056 1238 Tomos
1097 1197 1276 1252 relegato
1316 1199 1354 1239 in
1393 1199 1534 1240 exsilio
1574 1200 1743 1241 conditis
1780 1200 1846 1242 dc-

354 1263 600 1321 prompsisse
631 1263 748 1304 alicui
778 1270 899 1319 poeta
929 1264 1125 1313 videatur,
1167 1265 1217 1306 de
1245 1266 1545 1319 imitationibus,
1577 1282 1677 1322 quas
1707 1283 1846 1309 omnes

355 1333 451 1383 fere,
485 1345 590 1386 quae
619 1330 782 1386 quidem
810 1331 1006 1386 gravioris
1028 1333 1222 1374 momenti
1249 1334 1340 1385 sint,
1373 1334 1451 1374 iam
1476 1335 1642 1390 protulit
1661 1334 1843 1388 Cramer,

354 1399 577 1440 accuratius
605 1399 681 1439 hoc
702 1398 789 1440 loco
815 1413 938 1454 agere
962 1399 1086 1443 nolui.
1148 1401 1205 1442 At
1231 1401 1508 1458 maximopere
1530 1403 1710 1455 miratus,
1738 1403 1846 1460 quod

355 1467 434 1519 ille,
476 1481 722 1522 quamquam
753 1466 804 1508 de
835 1467 930 1508 locis
959 1467 1188 1509 Manilianis
1217 1483 1268 1510 ex
1299 1469 1437 1512 Ovidii
1468 1470 1580 1512 libris
1609 1471 1743 1527 petitis
1770 1471 1846 1512 isto

356 1534 477 1576 modo
499 1534 704 1587 iudicavit,
735 1541 870 1576 tamen
897 1542 1057 1591 poetam
1080 1537 1244 1578 Tiberio
1269 1553 1388 1593 quam
1412 1538 1600 1593 Augusto
1622 1539 1846 1594 imperante

355 1617 517 1644 carmen
548 1603 820 1658 composuisse
843 1604 1099 1645 verisimilius
1126 1619 1213 1646 esse
1240 1605 1353 1658 dixit,
1386 1612 1426 1647 et
1454 1606 1509 1647 ita
1537 1606 1641 1647 hanc
1670 1621 1756 1648 rem
1777 1621 1846 1648 ex-

355 1670 584 1726 plicandam
621 1684 708 1711 esse
749 1676 871 1723 ratus,
918 1677 961 1712 ut
1000 1671 1051 1713 de
1090 1673 1268 1728 ipsorum
1307 1674 1601 1715 astronomicon
1643 1674 1846 1716 nonnullis

354 1738 465 1790 locis,
507 1738 574 1793 qui
605 1737 864 1778 Tiberianam
895 1745 1068 1780 aetatem
1108 1740 1286 1781 indicare
1327 1739 1578 1794 videbantur,
1618 1742 1664 1782 in'
1689 1741 1844 1783 Freieri

355 1805 624 1860 disputatione
654 1805 768 1846 illum
800 1807 1047 1862 acquievisse
1083 1822 1302 1860 censerem,
1343 1823 1410 1850 eos
1440 1809 1596 1850 Manilii
1637 1810 1743 1852 locos
1780 1810 1846 1851 hic

353 1879 601 1930 pertractare
640 1874 739 1914 mihi
784 1875 997 1930 proposui,
1049 1875 1158 1918 unde
1204 1882 1348 1932 poetae
1389 1877 1510 1918 aetati
1553 1877 1651 1918 lucis
1693 1877 1845 1933 aliquid

354 1941 527 1982 affusum
560 1941 606 1981 iri
629 1955 849 1997 sperarem.
1640 1955 1644 1958 ’

489 2020 629 2076 Atque
664 2021 839 2077 primum
881 2021 1045 2077 quidem
1085 2023 1136 2064 ad
1171 2023 1324 2065 leviora
1363 2023 1560 2079 quaedam
1592 2024 1746 2066 animos
1776 2024 1844 2066 ad-

353 2094 578 2130 vertamus:
611 2088 819 2130 videamus
850 2090 969 2142 enim,
1001 2091 1033 2131 si
1064 2091 1207 2146 placet,
1237 2091 1277 2131 in
1309 2091 1542 2133 enarrandis
1572 2092 1691 2134 rebus
1720 2091 1845 2147 gestis

354 2157 418 2198 vel
440 2158 481 2197 in
503 2157 865 2199 commemorandis
888 2158 1117 2200 hominibus
1144 2173 1264 2215 quem
1293 2159 1343 2200 ad
1371 2160 1587 2201 terminum
1614 2166 1733 2216 poeta
1754 2174 1845 2215 pro-

352 2224 575 2279 grediatur.

488 2303 582 2344 Non
615 2318 691 2359 ego
734 2305 897 2360 quidem
936 2307 1081 2348 arcessi
1115 2307 1272 2348 iubeam
1312 2307 1403 2348 libri
1434 2309 1491 2348 111
1522 2323 1559 2350 v,
1590 2307 1644 2348 23
1672 2313 1712 2348 et
1740 2307 1843 2348 inse-

353 2376 535 2426 quenteS,
567 2371 647 2424 ubi,
690 2378 734 2413 ut
773 2373 814 2413 in
847 2373 962 2415 unius
992 2374 1131 2430 populi
1154 2374 1265 2430 leges
1296 2375 1402 2416 orbis
1437 2383 1635 2417 terrarum
1666 2375 1841 2426 cesserit,

488 2506 512 2548 ¹)
538 2507 656 2539 Oculis
680 2518 762 2539 sane
797 2519 897 2549 quam
923 2510 1033 2541 unctis
1066 2520 1137 2541 rem
1171 2511 1241 2552 egit
1270 2511 1412 2552 Woltjcr
1437 2512 1458 2542 l.
1484 2511 1507 2542 l.
1532 2522 1563 2552 p.
1589 2513 1632 2544 52
1658 2521 1734 2543 cum
1761 2510 1843 2542 dicit

351 2567 494 2604 excepto
520 2574 588 2596 uno
613 2565 775 2596 Lucretio
801 2575 818 2596 e
844 2566 1072 2597 Romanorum
1103 2567 1237 2609 scriptis
1262 2578 1370 2609 pauca
1395 2567 1575 2600 admodum
1602 2579 1666 2600 neo
1689 2572 1782 2600 certa
1805 2568 1840 2598 in

350 2630 447 2653 suum
467 2631 566 2652 usum
590 2621 730 2652 vertisse
754 2621 865 2653 videri
881 2622 1075 2654 Manilium.
1123 2624 1252 2655 Contra
1273 2625 1307 2655 in
1334 2625 1513 2666 propatulo
1534 2629 1585 2657 est
1608 2635 1687 2657 eum
1711 2625 1840 2667 priores

349 2677 579 2709 Romanorum
604 2681 732 2719 poetas,
757 2678 966 2718 Lucretium,
994 2679 1198 2721 Vergilium,
1230 2679 1406 2720 Ovidium,
1442 2681 1626 2722 Catullum,
1652 2682 1840 2724 Tibullum,

351 2733 578 2774 Propertium,
604 2734 786 2766 Horatium
811 2735 936 2777 legisse
962 2739 995 2767 et
1018 2735 1084 2767 hac
1100 2737 1232 2769 ratione
1250 2747 1346 2768 suum
1371 2737 1478 2777 ipsius
1495 2748 1601 2780 genus
1625 2742 1658 2771 et
1674 2739 1839 2780 loquendi

351 2793 386 2821 et
409 2799 527 2822 versus
552 2791 728 2834 pangendi
754 2792 944 2824 excoluisse
970 2791 1030 2835 (cf.
1056 2793 1195 2825 Cramer
1219 2794 1240 2824 l.
1268 2794 1289 2824 l.
1314 2803 1346 2834 p.
1371 2794 1413 2826 55
1437 2793 1507 2836 sq.)
