1910 3250
967 177 1246 229 -14-

360 313 440 359 Hic
470 329 589 357 nemo
619 313 695 355 nisi
718 311 964 357 Octavianus
993 310 1191 353 nominari
1211 310 1343 367 potuit
1366 310 1591 366 Augustus,
1622 325 1743 368 quem
1772 308 1848 354 sub

360 384 611 439 Capricorno
653 387 790 423 natum
831 380 1037 422 Romanos
1081 378 1297 421 credidisse
1334 393 1387 420 ex
1425 379 1608 422 Suetonii
1640 379 1747 435 (Oet.
1776 380 1848 433 94)

359 451 518 492 disertis
547 449 681 491 verbis
714 454 964 504 compertum
996 447 1213 499 habemus3
1255 461 1330 488 nec
1360 461 1456 488 vero
1486 447 1562 488 hoc
1591 447 1668 488 suit
1693 446 1847 489 Tiberii

358 519 533 573 signum,
566 524 610 558 ut
639 517 736 558 certi
777 517 898 557 fontis
929 515 1166 556 auctoritate
1196 529 1335 556 carens
1366 514 1572 556 contendit
1599 513 1778 557 Jacobus
1807 529 1846 571 p.

357 585 410 627 57
441 586 481 626 in
511 590 605 626 nota
634 583 702 627 ad.
732 599 770 627 v,
804 583 830 626 l.
863 583 920 635 ΙΙ,
949 583 1044 624 290.
1062 581 1092 636 ¹)
1139 581 1260 632 Quod
1289 582 1322 623 si
1352 582 1414 623 cui
1439 597 1492 624 ex
1516 582 1594 624 hoe
1621 582 1708 638 ipso
1729 596 1850 624 versu

359 652 549 708 consequi
587 651 760 707 placebit
801 651 948 692 dicenti
988 664 1062 706 per
1098 650 1278 705 Augusti
1316 664 1456 692 vocem
1487 649 1698 692 Tiberium
1732 664 1849 706 posse

359 719 554 775 intellegi,
587 719 624 760 ei
655 718 864 760 oblocutus
887 717 1095 760 Tiberium
1126 717 1203 759 hoc
1233 732 1312 759 uno
1334 732 1435 774 puro
1457 716 1652 759 vocabulo
1679 732 1704 758 a
1727 716 1850 773 scrip·

359 788 511 829 toribus
542 785 811 841 significatum
842 801 927 827 esse
959 800 1065 841 nego
1098 785 1210 827 nullo
1239 785 1376 827 addito
1410 784 1602 841 epithet0,
1635 799 1729 840 quo,
1759 790 1851 826 uter

360 855 680 909 intellegeretur,
730 853 977 896 Octavianus
1027 868 1078 894 an
1118 852 1318 906 Tiberius,
1361 858 1588 908 appareret.
1600 852 1631 907 ²)
1699 850 1851 894 Caesar

358 930 495 965 autem
527 937 618 962 cum
647 921 691 962 in
720 921 746 964 l.
778 921 841 963 IV
869 938 907 966 v.
939 922 1019 963 766
1058 936 1177 964 nemo
1216 921 1291 962 nisi
1322 919 1569 965 Octavianus
1599 934 1687 963 esse
1712 920 1849 976 possit,

360 990 401 1031 id
433 989 542 1045 quod
583 989 688 1030 infra
728 989 784 1045 (p.
816 989 871 1031 24
899 989 979 1045 sq.)
1019 989 1184 1045 patebit,
1223 989 1366 1031 ceteris
1405 989 1514 1042 locis,
1554 987 1622 1030 ubi
1661 987 1731 1029 illa
1772 1002 1851 1030 vox

361 1057 593 1110 occurrerit,
626 1057 800 1099 eundem
831 1057 1126 1112 intellegemus.
1172 1057 1278 1099 Nam
1307 1057 1449 1113 plenus
1475 1070 1572 1099 sane
1598 1055 1850 1098 obscuritatis

363 1132 468 1168 esset
497 1131 628 1182 poeta,
660 1125 692 1166 si
723 1132 763 1167 et
793 1125 1063 1169 Octavianum
1094 1132 1134 1167 et
1159 1125 1370 1166 Tiberium
1399 1124 1511 1166 nullo
1541 1129 1751 1180 praeterea
1781 1138 1850 1165 no-

362 1195 470 1236 mine
509 1194 692 1250 apposito
731 1193 955 1249 appellaret
991 1192 1207 1235 Caesarem
1246 1193 1314 1234 vel
1353 1193 1601 1247 Augustum,
1641 1205 1774 1248 neque
1803 1206 1850 1234 eo

361 1262 506 1304 adduci
537 1275 713 1317 possum,
754 1261 797 1303 id
837 1267 882 1302 ut
920 1261 1137 1303 verisimile
1173 1275 1260 1303 esse
1298 1267 1449 1316 putem.
1510 1259 1664 1302 Contra
1690 1273 1852 1316 semper

359 1345 463 1372 unus
493 1329 792 1384 intellegendus
822 1329 899 1372 erit
919 1329 1180 1373 Octavianus.
1237 1329 1370 1370 Nemo
1395 1343 1491 1370 vero
1512 1328 1553 1370 in
1579 1327 1736 1370 Freieri
1762 1342 1851 1370 sen-

359 1398 527 1440 tentiam
558 1397 754 1450 transibit,
786 1397 856 1454 qui
886 1398 1138 1454 plerumque,
1170 1411 1262 1438 cum
1283 1395 1468 1439 Caesaris
1495 1410 1643 1439 nomen
1664 1395 1849 1448 occurrit,

359 1466 584 1517 Tiberium,
627 1465 666 1506 in
698 1479 817 1507 versu
854 1472 990 1508 autem
1022 1466 1102 1507 776
1133 1464 1422 1508 Germanicum
1457 1463 1670 1520 intellegit.
1727 1462 1852 1507 Adde

359 1533 480 1590 quod,
512 1533 545 1574 si
572 1533 758 1575 Tiberius
789 1539 984 1588 patronus
1013 1539 1156 1590 poetae
1187 1533 1342 1587 fuisset,
1371 1533 1442 1574 vix
1462 1547 1535 1574 cur
1561 1531 1663 1573 nihil
1692 1531 1779 1574 fere
1808 1529 1851 1572 in

360 1602 444 1644 eius
471 1601 634 1643 laudem
647 1602 679 1655 3)
719 1601 930 1655 attulisset,
971 1602 1314 1657 intellegeremus,
1355 1616 1447 1642 cum
1484 1615 1564 1643 non
1595 1599 1718 1642 dubie
1746 1613 1854 1641 com·

360 1669 543 1726 pluribus
573 1669 669 1710 locis
700 1669 838 1711 laudet
866 1669 1114 1725 Augustum,
1157 1669 1282 1722 cuius,
1325 1675 1369 1709 ut
1406 1668 1456 1710 de
1486 1667 1628 1710 ceteris
1658 1667 1724 1709 hic
1752 1665 1854 1708 nihil

361 1736 508 1789 dicam,
540 1736 579 1777 in
611 1737 698 1792 ipso
729 1737 817 1789 hoc,
848 1752 967 1793 quem
999 1737 1273 1790 tractavimus,
1305 1751 1423 1778 versu
1455 1736 1510 1790 (11
1536 1735 1638 1789 509)
1667 1748 1749 1777 non
1778 1734 1852 1776 mi-

360 1805 470 1846 nima
497 1805 584 1846 laus
613 1805 762 1848 subest.
795 1829 848 1835 —
879 1806 949 1847 Ab
978 1805 1040 1846 his
1070 1805 1194 1861 igitur
1222 1805 1332 1858 locis,
1364 1805 1516 1860 quippe
1545 1803 1614 1860 qui
1645 1809 1726 1846 tam
1755 1801 1854 1844 clari

362 1880 402 1915 et
431 1872 632 1929 perspicui
663 1873 754 1926 sint,
794 1880 839 1914 ut
880 1873 1012 1916 lucem
1043 1874 1099 1915 eis
1129 1873 1275 1915 afferre
1313 1886 1658 1929 supervacaneum
1686 1871 1750 1925 sit,
1780 1885 1853 1927 pu-

360 1941 442 1982 tavi
480 1941 814 1997 proficiscendum
857 1956 956 1995 esse,
1000 1948 1086 1983 tum
1131 1941 1294 1983 demum
1333 1940 1386 1982 ad
1427 1939 1679 1983 obscuriores
1717 1945 1853 1996 partes

361 2009 676 2052 ascendendum.

497 2075 556 2120 Ut
582 2083 718 2119 autem
744 2083 926 2120 revertar
954 2077 1005 2119 ad
1032 2092 1173 2120 versus
1202 2077 1322 2135 primi
1351 2077 1443 2119 libri
1473 2076 1691 2134 septimum
1717 2090 1764 2118 ao
1791 2089 1852 2118 se·

361 2151 543 2201 quentes,
575 2145 803 2187 mirandum
833 2160 931 2188 sane
960 2152 1077 2200 esset,
1118 2146 1150 2187 si
1182 2161 1427 2202 quamquam
1458 2158 1684 2201 cognomen
1707 2146 1854 2201 patris

353 2214 529 2268 patriae
555 2229 578 2254 a
602 2212 768 2256 Tiberio
798 2221 1027 2256 recusatum
1049 2228 1136 2256 esse
1166 2229 1188 2256 e
1218 2213 1403 2258 Suetonii
1430 2213 1534 2256 libro
1565 2213 1679 2269 (Tib.
1708 2228 1743 2257 c.
1775 2213 1851 2265 26)

361 2281 451 2322 luce
481 2281 626 2322 clarius
657 2288 729 2336 est,
767 2289 899 2324 tamen
931 2289 1044 2325 vates
1086 2283 1128 2324 in
1165 2282 1358 2339 principis
1394 2282 1636 2324 allocutione
1671 2282 1749 2324 hoc
1787 2295 1852 2323 co·

362 2348 554 2404 gnomine
583 2363 677 2390 usus
709 2357 825 2394 esset.
886 2350 1009 2402 Quod
1037 2351 1070 2392 si
1101 2351 1262 2393 levioris
1293 2350 1486 2393 momenti
1526 2364 1614 2393 esse
1642 2349 1851 2404 obiciatur,

499 2450 523 2492 ¹)
548 2452 589 2484 cf.
614 2452 741 2484 Freieri
766 2452 845 2486 diss.
870 2464 904 2496 p.
932 2453 984 2496 14,
1008 2455 1064 2495 28,
1090 2454 1152 2486 33:
1186 2456 1303 2487 eontra
1335 2462 1434 2495 quem
1460 2462 1575 2486 versus
1598 2452 1649 2485 lv
1671 2453 1852 2486 aas-566

362 2506 407 2539 ad
432 2506 566 2539 Tiberii
591 2511 717 2540 sortem
742 2507 993 2551 depingendam
1019 2510 1210 2553 aptissimos
1235 2519 1308 2543 esee
1331 2513 1444 2542 ratum
1468 2511 1558 2543 bene
1581 2509 1735 2553 disputat
1759 2510 1851 2543 Lan·

362 2573 425 2596 eon
449 2575 481 2606 p.
507 2564 561 2605 13,
584 2563 643 2604 qui
667 2564 703 2595 in
728 2563 782 2596 his
807 2565 959 2598 versibus
976 2565 1109 2599 Tiberii
1133 2567 1249 2599 thema
1272 2576 1340 2600 non
1364 2565 1528 2609 agnoscit,
1554 2566 1637 2609 quia
1655 2566 1759 2608 nihil,
1784 2577 1850 2610 quo

362 2620 501 2663 proprie
524 2619 586 2652 ille
608 2620 814 2663 designetur,
839 2622 887 2654 eie
910 2622 1006 2655 insit.

497 2677 526 2714 2)
551 2675 611 2708 sed
634 2686 696 2717 per
721 2678 907 2720 Augusti
930 2688 1048 2712 vocem
1073 2678 1281 2712 Octavianus
1306 2679 1519 2723 significatur
1541 2679 1584 2715 of.
1609 2689 1638 2713 e.
1662 2691 1695 2724 g.
1713 2678 1795 2713 Tae.
1818 2690 1850 2716 a·

364 2734 396 2776 6,
422 2734 462 2764 51
489 2735 523 2764 et
546 2733 664 2764 Horat.
688 2733 785 2766 mult.
810 2735 874 2768 100.

499 2789 526 2832 ὃ)
550 2792 686 2834 praeter
708 2801 739 2824 v.
763 2791 825 2835 IV,
851 2791 935 2834 766;
960 2792 1002 2826 ef.
1024 2803 1058 2836 p.
1083 2791 1183 2828 huius
1207 2792 1285 2827 dies.
1310 2793 1365 2828 25.
