1910 3250
965 201 1241 244 ..10-

358 334 487 384 poeta,
519 333 563 368 ut
583 326 662 367 iam
679 326 784 368 bella
806 350 858 357 -
882 325 1076 381 imprimis
1094 331 1227 367 autem
1246 324 1376 367 civilia
1391 324 1664 381 intellegenda
1678 330 1772 367 sunt
1798 348 1838 356 -

359 396 566 452 quiescant
595 401 716 450 atquc

713 462 976 502 adamanteis
1001 462 1213 502 discordia
1240 463 1378 502 vincta
1407 463 1560 503 catenis

584 529 782 570 Aeta-nos
809 529 955 570 habeat
973 530 1127 583 frenos
1156 531 1201 570 in
1233 543 1395 570 carcere
1419 530 1591 570 clausa!

360 597 424 638 Ac
461 611 510 637 nc
555 611 696 652 parum
743 597 959 651 diligenter
998 596 1128 648 huius,
1181 596 1231 637 de
1270 611 1350 652 qua
1393 610 1675 648 commemoro,
1721 594 1844 651 partis

358 670 599 705 structuram
642 659 884 719 p1·aetercas,'
923 663 995 705 sed
1034 663 1185 705 sollerti
1226 679 1321 705 cura
1357 664 1491 706 omnia
1530 662 1844 719 circumspicias:

359 731 438 772 iam
469 731 574 772 enim
605 731 759 772 videbis
799 731 854 772 ita
892 731 1001 787 loqui
1038 737 1211 787 poetam,
1253 738 1296 772 ut
1335 738 1495 788 praeter
1534 746 1600 772 eas
1630 745 1705 783 ree,
1747 744 1846 786 quas

360 799 582 855 descripsit,
614 799 727 851 nihil,
767 799 874 855 quod
906 799 1069 855 quidem
1099 799 1263 853 gravius
1291 805 1406 851 essct,
1438 805 1578 855 postea
1606 797 1794 840 cecidisse
1823 812 1847 837 a

360 866 588 920 legentibus
618 867 799 922 intellegi
829 867 939 910 velit.
1000 867 1110 908 Dicit
1146 866 1214 908 ille
1241 873 1330 923 post
1359 866 1620 922 Philippense
1649 865 1846 922 proelium

361 934 538 975 nondum
561 935 717 975 siluisse
748 950 951 976 armorum
973 934 1209 990 strepitum3
1239 949 1330 975 nam
1353 935 1558 976 restabant
1579 934 1700 975 Actia
1725 932 1847 984 bella3

360 1001 429 1042 scd
458 1017 508 1043 ne
546 1002 606 1042 his
648 1002 811 1058 quidem
852 1003 955 1043 bene
994 1002 1224 1057 compositis
1265 1008 1403 1042 renata
1443 1008 1530 1042 erat
1570 1016 1664 1056 an,
1705 1014 1847 1042 verum

360 1069 536 1109 restabat
565 1068 788 1112 Octaviano
811 1069 962 1110 bellum
983 1069 1083 1110 illud
1111 1084 1200 1109 cum
1226 1069 1418 1125 Pompeio
1439 1068 1676 1123 gerendum.
1709 1068 1848 1123 Atque

361 1136 436 1177 hoc
466 1137 628 1192 quidem
669 1138 744 1178 fuit
774 1144 1042 1193 postremum:
1085 1138 1161 1178 hoc
1198 1137 1292 1177 satis
1331 1137 1422 1177 fatis
1450 1136 1592 1187 fuerit3
1632 1135 1710 1176 iam
1741 1135 1848 1176 enim

361 1204 568 1259 quiescant
607 1205 733 1246 bella!
794 1205 953 1258 Nescio,
996 1220 1092 1246 num
1136 1219 1293 1246 mecum
1331 1204 1438 1246 idem
1466 1203 1628 1246 sentias,
1687 1202 1849 1249 Etenim

362 1286 438 1325 ego
478 1272 638 1327 proviso
678 1287 751 1314 noc
798 1273 884 1314 sine
925 1272 1061 1328 aliquo
1102 1279 1245 1327 poetae
1287 1271 1451 1313 consilio
1490 1286 1564 1327 per
1602 1271 1848 1326 anaphoram

362 1345 459 1393 puto
492 1340 550 1380 bis
581 1341 755 1396 positum
787 1355 874 1382 esse
904 1340 1004 1381 illud
1035 1341 1247 1382 restabant
1278 1340 1382 1392 (914
1403 1346 1442 1380 ct
1468 1339 1571 1392 919)
1596 1353 1669 1380 nec
1698 1341 1850 1380 temere

362 1407 568 1463 extemplo
597 1408 785 1464 subsequi
814 1408 1051 1464 particulam
1079 1410 1178 1459 iam,
1211 1423 1290 1464 qua
1316 1407 1367 1448 ad
1398 1407 1451 1460 id,
1483 1406 1592 1462 quod
1622 1405 1728 1447 bella
1757 1405 1851 1446 civi-

363 1474 415 1515 lia
452 1482 633 1516 secutum
675 1483 746 1528 est,
789 1482 946 1532 tempus
988 1475 1252 1529 trahimurzl)
1296 1476 1398 1516 hanc
1435 1488 1573 1530 pacem
1605 1479 1645 1515 et
1673 1473 1851 1515 indicare

365 1549 405 1582 et
434 1542 598 1584 laudare
629 1542 794 1584 Manilio
825 1544 863 1584 in
896 1543 1030 1584 animo
1061 1549 1132 1587 est.
1173 1542 1302 1598 Igitur
1330 1557 1430 1598 quos
1461 1541 1510 1583 ad
1541 1541 1641 1583 fines
1671 1541 1735 1582 hic
1761 1554 1852 1596 pro-

366 1608 546 1659 cessorit‚'
571 1611 765 1652 memoria
794 1611 999 1653 continere
1030 1611 1141 1654 velis.

500 1688 646 1744 Neque
685 1689 848 1730 omnino
890 1695 972 1730 toto
1011 1689 1140 1745 primo
1171 1688 1274 1729 libro
1305 1687 1526 1744 quidquam
1557 1685 1718 1727 videtur
1747 1700 1852 1727 com-

365 1756 592 1808 memorari,
633 1757 728 1812 quin
760 1756 852 1797 vivo
884 1756 1072 1811 Augusto
1110 1756 1189 1796 iam
1219 1755 1420 1798 acciderit.
1478 1754 1689 1795 Postrema
1717 1757 1852 1794 autem

365 1837 443 1876 res,
472 1823 583 1864 cuius
613 1824 653 1864 in
685 1824 930 1865 mentionem
963 1823 1102 1864 incidit
1129 1830 1259 1879 poeta,
1301 1830 1360 1864 est
1388 1821 1534 1874 clades,
1566 1835 1688 1878 quam
1721 1820 1854 1861 Varus

365 1906 398 1932 a.
429 1906 466 1947 p.
501 1890 596 1933 Chr.
631 1906 668 1934 n.
701 1893 775 1943 92)
806 1892 847 1932 in
867 1892 971 1933 saltu
994 1891 1335 1947 Teutoburgiensi
1354 1891 1519 1947 accepit.
1564 1888 1682 1940 Quae
1697 1888 1853 1932 «Iacobo

365 1959 496 2000 iudice
525 1959 579 1999 ita
610 1960 823 2013 inducitur,
854 1968 898 2001 ut
923 1961 1002 2002 iam
1031 1961 1183 2016 aliquid
1214 1961 1405 2016 temporis
1423 1958 1852 2008 effluxissc‘videatur,

365 2026 404 2066 in
435 2028 586 2068 recenti
625 2034 758 2069 tamen
800 2035 942 2084 poetae
982 2029 1175 2070 memoria
1219 2029 1340 2070 fuisse
1380 2028 1536 2080 debeat,
1577 2041 1668 2068 cum
1708 2026 1853 2067 infesta

366 2094 563 2149 quaedam
592 2096 676 2136 eius
707 2096 841 2137 omina
869 2096 1080 2151 significet,
1114 2097 1259 2152 quibus
1283 2096 1472 2137 declinari
1502 2095 1678 2152 potuerit
1703 2093 1850 2150 (praef.

366 2177 404 2217 p.
426 2162 562 2216 XVI).
595 2164 736 2220 Itaque
757 2164 859 2205 liber
882 2164 1035 2220 primus
1056 2171 1146 2220 post
1160 2180 1195 2208 a.
1213 2165 1238 2206 9
1263 2165 1381 2206 debet
1404 2164 1574 2220 scriptus
1598 2163 1685 2216 (aut
1705 2161 1852 2214 editus)

366 2244 474 2271 esse:
507 2237 657 2286 quanto
687 2245 783 2272 vero
813 2232 942 2287 spatio
972 2239 1062 2286 post
1091 2232 1263 2287 scriptus
1292 2233 1344 2273 sit
1373 2231 1659 2287 quaerentibus
1687 2229 1853 2285 aliquod

365 2297 507 2339 saltem
535 2298 811 2340 adiumentum
843 2315 881 2343 v,
910 2299 994 2342 898
1023 2299 1158 2341 afferri
1185 2299 1357 2351 videtur,
1389 2300 1428 2340 in
1460 2313 1540 2355 quo
1569 2304 1702 2340 exstat
1730 2297 1852 2353 parti-

366 2365 457 2406 cula
496 2368 626 2409 modo.
693 2366 827 2418 Quem
868 2367 920 2408 ad
970 2367 1101 2409 locum
1150 2368 1314 2408 adnotat
1351 2367 1555 2421 Scaliger:
1630 2367 1852 2421 manufesto

367 2435 528 2476 indicat
556 2449 646 2477 eam
672 2436 830 2478 cladem
859 2451 943 2478 non
972 2437 1098 2478 multo
1130 2440 1253 2477 antea
1293 2437 1518 2491 contiyisse,
1548 2437 1700 2477 recenti
1729 2437 1853 2478 etiam

366 2507 453 2544 tum
489 2505 576 2546 eius
611 2507 823 2546 memoria.
881 2505 1048 2546 Accidit
1086 2518 1180 2546 vero
1220 2506 1502 2560 quinquennio
1542 2508 1637 2546 ante
1672 2504 1854 2559 Auyusti

503 2619 531 2657 ¹)
558 2620 608 2650 De
640 2619 831 2660 particulae
862 2620 944 2650 iam
976 2618 1171 2661 significatu
1197 2618 1264 2651 vid.
1289 2618 1421 2650 Handii
1447 2618 1630 2650 Tursellin.
1661 2627 1688 2650 ε.
1717 2628 1749 2650 v.
1772 2617 1852 2649 iam.

366 2684 460 2705 num.
487 2675 504 2705 7
531 2679 564 2707 et
587 2677 631 2707 20
656 2675 742 2719 [vol.
765 2676 815 2706 111
839 2687 872 2718 p.
900 2677 962 2708 115
987 2679 1019 2707 et
1048 2675 1126 2715 125)
1154 2676 1232 2717 Lps.
1260 2676 1357 2706 1836.

501 2732 527 2771 2)
554 2732 605 2764 De
630 2731 692 2765 hoc
715 2742 804 2764 anno
828 2735 983 2764 constare
1013 2731 1098 2762 mihi
1131 2741 1327 2772 persuasum
1354 2734 1415 2772 est,
1448 2730 1489 2762 cf.
1512 2729 1770 2763 Jahresbericht
1793 2730 1853 2763 der

369 2787 488 2828 Gesch.
511 2790 566 2822 fiir
595 2790 678 2823 1878
702 2800 735 2832 p.
762 2790 825 2822 107
851 2789 884 2821 ff.
909 2793 943 2822 et
966 2790 1155 2823 Mommsen
1179 2799 1205 2821 r.
1231 2789 1271 2823 G.
1297 2789 1324 2820 V
1350 2789 1404 2823 43.
1426 2788 1529 2823 Anm.
