<?xml version="1.0" encoding="UTF-8"?>
<!DOCTYPE html PUBLIC "-//W3C//DTD XHTML 1.0 Transitional//EN"
    "http://www.w3.org/TR/xhtml1/DTD/xhtml1-transitional.dtd">
<html xmlns="http://www.w3.org/1999/xhtml" xml:lang="en" lang="en">
 <head>
  <title>
</title>
<meta http-equiv="Content-Type" content="text/html;charset=utf-8" />
  <meta name='ocr-system' content='tesseract 3.04.00' />
  <meta name='ocr-capabilities' content='ocr_page ocr_carea ocr_par ocr_line ocrx_word'/>
</head>
<body>
  <div class='ocr_page' id='page_1' title='image "./lucubrationesman00thomuoft_0440.png"; bbox 0 0 1910 3250; ppageno 0'>
   <div class='ocr_carea' id='block_1_1' title="bbox 0 0 433 464">
    <p class='ocr_par' dir='ltr' id='par_1_1' title="bbox 0 0 433 464">
     <span class='ocr_line' id='line_1_1' title="bbox 0 0 433 464; baseline 0 0"><span class='ocrx_word' id='word_1_1' title='bbox 0 0 433 464; x_wconf 95' lang='lat' dir='ltr'>  </span> 
     </span>
    </p>
   </div>
   <div class='ocr_carea' id='block_1_2' title="bbox 0 2781 77 3036">
    <p class='ocr_par' dir='ltr' id='par_1_2' title="bbox 0 2781 77 3036">
     <span class='ocr_line' id='line_1_2' title="bbox 0 2781 77 3036; baseline 0 214"><span class='ocrx_word' id='word_1_2' title='bbox 0 2781 77 3036; x_wconf 95' lang='lat' dir='ltr'> </span> 
     </span>
    </p>
   </div>
   <div class='ocr_carea' id='block_1_3' title="bbox 1375 0 1910 226">
    <p class='ocr_par' dir='ltr' id='par_1_3' title="bbox 1375 0 1910 226">
     <span class='ocr_line' id='line_1_3' title="bbox 1375 0 1910 226; baseline 0 3024"><span class='ocrx_word' id='word_1_3' title='bbox 1375 0 1910 226; x_wconf 95' lang='lat' dir='ltr'> </span> 
     </span>
    </p>
   </div>
   <div class='ocr_carea' id='block_1_4' title="bbox 949 286 1224 326">
    <p class='ocr_par' dir='ltr' id='par_1_4' title="bbox 949 286 1224 326">
     <span class='ocr_line' id='line_1_4' title="bbox 949 286 1224 326; baseline 0 -12"><span class='ocrx_word' id='word_1_4' title='bbox 949 286 1224 326; x_wconf 76' lang='lat'>-63-</span> 
     </span>
    </p>
   </div>
   <div class='ocr_carea' id='block_1_5' title="bbox 347 403 1800 1939">
    <p class='ocr_par' dir='ltr' id='par_1_5' title="bbox 347 403 1800 1939">
     <span class='ocr_line' id='line_1_5' title="bbox 366 403 1800 454; baseline 0.003 -11"><span class='ocrx_word' id='word_1_5' title='bbox 366 404 511 443; x_wconf 89' lang='lat' dir='ltr'>Nonne</span> <span class='ocrx_word' id='word_1_6' title='bbox 552 405 650 454; x_wconf 79' lang='lat' dir='ltr'>ipsis</span> <span class='ocrx_word' id='word_1_7' title='bbox 689 404 822 442; x_wconf 89' lang='lat' dir='ltr'>verbis</span> <span class='ocrx_word' id='word_1_8' title='bbox 863 403 1086 443; x_wconf 82' lang='lat' dir='ltr'>Germanici</span> <span class='ocrx_word' id='word_1_9' title='bbox 1125 405 1277 445; x_wconf 80' lang='lat' dir='ltr'><strong>Aratea</strong></span> <span class='ocrx_word' id='word_1_10' title='bbox 1315 406 1628 446; x_wconf 85' lang='lat' dir='ltr'>Astronomicon</span> <span class='ocrx_word' id='word_1_11' title='bbox 1661 411 1800 448; x_wconf 80' lang='lat' dir='ltr'>auctor</span> 
     </span>
     <span class='ocr_line' id='line_1_6' title="bbox 364 470 1799 523; baseline 0.003 -14"><span class='ocrx_word' id='word_1_12' title='bbox 364 474 528 521; x_wconf 86' lang='lat' dir='ltr'>tangere</span> <span class='ocrx_word' id='word_1_13' title='bbox 560 470 741 509; x_wconf 78' lang='lat' dir='ltr'>videtur?</span> <span class='ocrx_word' id='word_1_14' title='bbox 793 470 949 509; x_wconf 84' lang='lat' dir='ltr'>Deinde</span> <span class='ocrx_word' id='word_1_15' title='bbox 981 471 1138 522; x_wconf 83' lang='lat' dir='ltr'>addere,</span> <span class='ocrx_word' id='word_1_16' title='bbox 1169 473 1249 512; x_wconf 84' lang='lat' dir='ltr'>tale</span> <span class='ocrx_word' id='word_1_17' title='bbox 1284 485 1384 523; x_wconf 89' lang='lat' dir='ltr'>opus</span> <span class='ocrx_word' id='word_1_18' title='bbox 1416 475 1591 513; x_wconf 86' lang='lat' dir='ltr'>nondum</span> <span class='ocrx_word' id='word_1_19' title='bbox 1618 475 1799 515; x_wconf 79' lang='lat' dir='ltr'>omnihus</span> 
     </span>
     <span class='ocr_line' id='line_1_7' title="bbox 365 538 1799 591; baseline 0.004 -16"><span class='ocrx_word' id='word_1_20' title='bbox 365 538 447 575; x_wconf 91' lang='lat' dir='ltr'>suis</span> <span class='ocrx_word' id='word_1_21' title='bbox 482 538 650 576; x_wconf 86' lang='lat' dir='ltr'>numeris</span> <span class='ocrx_word' id='word_1_22' title='bbox 684 549 729 575; x_wconf 85' lang='lat' dir='ltr'>ac</span> <span class='ocrx_word' id='word_1_23' title='bbox 762 538 944 588; x_wconf 82' lang='lat' dir='ltr'>partibus</span> <span class='ocrx_word' id='word_1_24' title='bbox 971 539 1048 578; x_wconf 86' lang='lat' dir='ltr'>arti</span> <span class='ocrx_word' id='word_1_25' title='bbox 1075 540 1351 590; x_wconf 76' lang='lat' dir='ltr'>astrologicae,</span> <span class='ocrx_word' id='word_1_26' title='bbox 1386 553 1484 590; x_wconf 86' lang='lat' dir='ltr'>quae</span> <span class='ocrx_word' id='word_1_27' title='bbox 1513 542 1670 591; x_wconf 88' lang='lat' dir='ltr'>quidem</span> <span class='ocrx_word' id='word_1_28' title='bbox 1695 554 1799 582; x_wconf 84' lang='lat' dir='ltr'>nunc</span> 
     </span>
     <span class='ocr_line' id='line_1_8' title="bbox 365 605 1798 654; baseline 0.003 -11"><span class='ocrx_word' id='word_1_29' title='bbox 365 605 429 654; x_wconf 89' lang='lat' dir='ltr'>sit,</span> <span class='ocrx_word' id='word_1_30' title='bbox 457 605 684 644; x_wconf 77' lang='lat' dir='ltr'>satisfacere</span> <span class='ocrx_word' id='word_1_31' title='bbox 711 617 833 654; x_wconf 89' lang='lat' dir='ltr'>eaque</span> <span class='ocrx_word' id='word_1_32' title='bbox 860 605 909 644; x_wconf 88' lang='lat' dir='ltr'>de</span> <span class='ocrx_word' id='word_1_33' title='bbox 937 619 1055 645; x_wconf 88' lang='lat' dir='ltr'>causa</span> <span class='ocrx_word' id='word_1_34' title='bbox 1082 619 1186 645; x_wconf 89' lang='lat' dir='ltr'>novo</span> <span class='ocrx_word' id='word_1_35' title='bbox 1214 609 1383 646; x_wconf 84' lang='lat' dir='ltr'>carmine</span> <span class='ocrx_word' id='word_1_36' title='bbox 1404 609 1670 648; x_wconf 83' lang='lat' dir='ltr'>adiuvandum</span> <span class='ocrx_word' id='word_1_37' title='bbox 1687 609 1798 649; x_wconf 81' lang='lat' dir='ltr'>esse?</span> 
     </span>
     <span class='ocr_line' id='line_1_9' title="bbox 362 672 1798 726; baseline 0.004 -17"><span class='ocrx_word' id='word_1_38' title='bbox 362 672 430 709; x_wconf 91' lang='lat' dir='ltr'>An</span> <span class='ocrx_word' id='word_1_39' title='bbox 466 673 672 722; x_wconf 88' lang='lat' dir='ltr'>quisquam</span> <span class='ocrx_word' id='word_1_40' title='bbox 698 673 819 722; x_wconf 88' lang='lat' dir='ltr'>paulo</span> <span class='ocrx_word' id='word_1_41' title='bbox 847 677 937 711; x_wconf 82' lang='lat' dir='ltr'>ante</span> <span class='ocrx_word' id='word_1_42' title='bbox 965 673 1176 712; x_wconf 85' lang='lat' dir='ltr'>Manilium</span> <span class='ocrx_word' id='word_1_43' title='bbox 1203 675 1382 725; x_wconf 85' lang='lat' dir='ltr'>principe</span> <span class='ocrx_word' id='word_1_44' title='bbox 1410 675 1572 714; x_wconf 85' lang='lat' dir='ltr'>Tiberio</span> <span class='ocrx_word' id='word_1_45' title='bbox 1600 677 1642 714; x_wconf 89' lang='lat' dir='ltr'>in</span> <span class='ocrx_word' id='word_1_46' title='bbox 1669 676 1798 726; x_wconf 87' lang='lat' dir='ltr'>publi-</span> 
     </span>
     <span class='ocr_line' id='line_1_10' title="bbox 361 741 1799 792; baseline 0.002 -14"><span class='ocrx_word' id='word_1_47' title='bbox 361 752 447 778; x_wconf 89' lang='lat' dir='ltr'>cum</span> <span class='ocrx_word' id='word_1_48' title='bbox 471 741 637 791; x_wconf 89' lang='lat' dir='ltr'>prodiit,</span> <span class='ocrx_word' id='word_1_49' title='bbox 665 752 778 789; x_wconf 93' lang='lat' dir='ltr'>quem</span> <span class='ocrx_word' id='word_1_50' title='bbox 804 741 936 779; x_wconf 86' lang='lat' dir='ltr'>varios</span> <span class='ocrx_word' id='word_1_51' title='bbox 965 741 1166 780; x_wconf 85' lang='lat' dir='ltr'>stellarum</span> <span class='ocrx_word' id='word_1_52' title='bbox 1193 753 1328 779; x_wconf 85' lang='lat' dir='ltr'>cursus</span> <span class='ocrx_word' id='word_1_53' title='bbox 1357 754 1518 781; x_wconf 88' lang='lat' dir='ltr'>noscere</span> <span class='ocrx_word' id='word_1_54' title='bbox 1543 743 1634 792; x_wconf 90' lang='lat' dir='ltr'>plus</span> <span class='ocrx_word' id='word_1_55' title='bbox 1652 743 1799 782; x_wconf 86' lang='lat' dir='ltr'>iuverit</span> 
     </span>
     <span class='ocr_line' id='line_1_11' title="bbox 362 807 1796 861; baseline 0.002 -16"><span class='ocrx_word' id='word_1_56' title='bbox 362 819 477 856; x_wconf 85' lang='lat' dir='ltr'>quam</span> <span class='ocrx_word' id='word_1_57' title='bbox 504 807 802 847; x_wconf 78' lang='lat' dir='ltr'>Germanicum?</span> <span class='ocrx_word' id='word_1_58' title='bbox 841 807 955 846; x_wconf 86' lang='lat' dir='ltr'>-Cum</span> <span class='ocrx_word' id='word_1_59' title='bbox 988 809 1142 858; x_wconf 83' lang='lat' dir='ltr'>priores</span> <span class='ocrx_word' id='word_1_60' title='bbox 1170 814 1325 859; x_wconf 85' lang='lat' dir='ltr'>poetae,</span> <span class='ocrx_word' id='word_1_61' title='bbox 1362 810 1503 857; x_wconf 90' lang='lat' dir='ltr'>quibus</span> <span class='ocrx_word' id='word_1_62' title='bbox 1529 810 1647 848; x_wconf 83' lang='lat' dir='ltr'>Arati</span> <span class='ocrx_word' id='word_1_63' title='bbox 1675 822 1796 861; x_wconf 82' lang='lat' dir='ltr'>opera</span> 
     </span>
     <span class='ocr_line' id='line_1_12' title="bbox 357 874 1796 926; baseline 0.002 -13"><span class='ocrx_word' id='word_1_64' title='bbox 357 875 580 926; x_wconf 75' lang='lat' dir='ltr'>placebant,</span> <span class='ocrx_word' id='word_1_65' title='bbox 620 875 670 914; x_wconf 82' lang='lat' dir='ltr'>ad</span> <span class='ocrx_word' id='word_1_66' title='bbox 705 874 898 914; x_wconf 84' lang='lat' dir='ltr'>Graecum</span> <span class='ocrx_word' id='word_1_67' title='bbox 937 877 1097 914; x_wconf 85' lang='lat' dir='ltr'>verbum</span> <span class='ocrx_word' id='word_1_68' title='bbox 1131 875 1276 914; x_wconf 89' lang='lat' dir='ltr'>Latine</span> <span class='ocrx_word' id='word_1_69' title='bbox 1316 876 1524 915; x_wconf 79' lang='lat' dir='ltr'>reddentes</span> <span class='ocrx_word' id='word_1_70' title='bbox 1558 889 1693 916; x_wconf 91' lang='lat' dir='ltr'>eorum</span> <span class='ocrx_word' id='word_1_71' title='bbox 1725 888 1796 916; x_wconf 86' lang='lat' dir='ltr'>nee</span> 
     </span>
     <span class='ocr_line' id='line_1_13' title="bbox 356 942 1794 993; baseline 0.003 -14"><span class='ocrx_word' id='word_1_72' title='bbox 356 942 457 980; x_wconf 87' lang='lat' dir='ltr'>vitia</span> <span class='ocrx_word' id='word_1_73' title='bbox 488 943 538 980; x_wconf 89' lang='lat' dir='ltr'>ad</span> <span class='ocrx_word' id='word_1_74' title='bbox 573 943 807 982; x_wconf 82' lang='lat' dir='ltr'>excultioris</span> <span class='ocrx_word' id='word_1_75' title='bbox 841 943 939 980; x_wconf 85' lang='lat' dir='ltr'>artis</span> <span class='ocrx_word' id='word_1_76' title='bbox 972 947 1184 993; x_wconf 86' lang='lat' dir='ltr'>praecepta</span> <span class='ocrx_word' id='word_1_77' title='bbox 1217 944 1491 982; x_wconf 76' lang='lat' dir='ltr'>emendassent</span> <span class='ocrx_word' id='word_1_78' title='bbox 1523 956 1595 983; x_wconf 87' lang='lat' dir='ltr'>nec</span> <span class='ocrx_word' id='word_1_79' title='bbox 1626 945 1794 984; x_wconf 85' lang='lat' dir='ltr'>virtutes</span> 
     </span>
     <span class='ocr_line' id='line_1_14' title="bbox 356 1009 1794 1062; baseline 0.003 -16"><span class='ocrx_word' id='word_1_80' title='bbox 356 1009 572 1059; x_wconf 83' lang='lat' dir='ltr'>auxissent,</span> <span class='ocrx_word' id='word_1_81' title='bbox 601 1009 858 1049; x_wconf 86' lang='lat' dir='ltr'>Germanicus</span> <span class='ocrx_word' id='word_1_82' title='bbox 887 1009 1072 1060; x_wconf 71' lang='lat' dir='ltr'>quideme)</span> <span class='ocrx_word' id='word_1_83' title='bbox 1101 1010 1253 1048; x_wconf 87' lang='lat' dir='ltr'>fabulas</span> <span class='ocrx_word' id='word_1_84' title='bbox 1281 1011 1493 1049; x_wconf 87' lang='lat' dir='ltr'>nonnullas</span> <span class='ocrx_word' id='word_1_85' title='bbox 1519 1011 1647 1050; x_wconf 83' lang='lat' dir='ltr'>Arato</span> <span class='ocrx_word' id='word_1_86' title='bbox 1674 1012 1794 1062; x_wconf 79' lang='lat' dir='ltr'>plane</span> 
     </span>
     <span class='ocr_line' id='line_1_15' title="bbox 355 1076 1794 1128; baseline 0.003 -14"><span class='ocrx_word' id='word_1_87' title='bbox 355 1076 527 1115; x_wconf 84' lang='lat' dir='ltr'>intactas</span> <span class='ocrx_word' id='word_1_88' title='bbox 553 1077 722 1128; x_wconf 77' lang='lat' dir='ltr'>addidit,</span> <span class='ocrx_word' id='word_1_89' title='bbox 751 1090 849 1127; x_wconf 83' lang='lat' dir='ltr'>quae</span> <span class='ocrx_word' id='word_1_90' title='bbox 877 1078 983 1126; x_wconf 87' lang='lat' dir='ltr'>apud</span> <span class='ocrx_word' id='word_1_91' title='bbox 1010 1078 1114 1116; x_wconf 91' lang='lat' dir='ltr'>hunc</span> <span class='ocrx_word' id='word_1_92' title='bbox 1141 1091 1221 1117; x_wconf 90' lang='lat' dir='ltr'>non</span> <span class='ocrx_word' id='word_1_93' title='bbox 1248 1084 1351 1117; x_wconf 86' lang='lat' dir='ltr'>recte</span> <span class='ocrx_word' id='word_1_94' title='bbox 1373 1079 1572 1128; x_wconf 83' lang='lat' dir='ltr'>disposita</span> <span class='ocrx_word' id='word_1_95' title='bbox 1590 1079 1794 1118; x_wconf 86' lang='lat' dir='ltr'>intellexe-</span> 
     </span>
     <span class='ocr_line' id='line_1_16' title="bbox 354 1145 1791 1197; baseline 0.001 -15"><span class='ocrx_word' id='word_1_96' title='bbox 354 1148 417 1182; x_wconf 84' lang='lat' dir='ltr'>rat</span> <span class='ocrx_word' id='word_1_97' title='bbox 450 1145 492 1182; x_wconf 93' lang='lat' dir='ltr'>in</span> <span class='ocrx_word' id='word_1_98' title='bbox 523 1145 722 1184; x_wconf 89' lang='lat' dir='ltr'>meliorem</span> <span class='ocrx_word' id='word_1_99' title='bbox 757 1145 935 1184; x_wconf 89' lang='lat' dir='ltr'>ordinem</span> <span class='ocrx_word' id='word_1_100' title='bbox 967 1146 1133 1196; x_wconf 77' lang='lat' dir='ltr'>redegit,</span> <span class='ocrx_word' id='word_1_101' title='bbox 1164 1147 1280 1197; x_wconf 84' lang='lat' dir='ltr'>plura</span> <span class='ocrx_word' id='word_1_102' title='bbox 1315 1158 1413 1195; x_wconf 87' lang='lat' dir='ltr'>quae</span> <span class='ocrx_word' id='word_1_103' title='bbox 1447 1146 1547 1184; x_wconf 84' lang='lat' dir='ltr'>falsa</span> <span class='ocrx_word' id='word_1_104' title='bbox 1579 1146 1630 1184; x_wconf 84' lang='lat' dir='ltr'>ab</span> <span class='ocrx_word' id='word_1_105' title='bbox 1662 1145 1791 1185; x_wconf 81' lang='lat' dir='ltr'>Arato</span> 
     </span>
     <span class='ocr_line' id='line_1_17' title="bbox 352 1212 1791 1263; baseline 0.001 -13"><span class='ocrx_word' id='word_1_106' title='bbox 352 1212 515 1261; x_wconf 84' lang='lat' dir='ltr'>prodita</span> <span class='ocrx_word' id='word_1_107' title='bbox 548 1224 632 1251; x_wconf 88' lang='lat' dir='ltr'>esse</span> <span class='ocrx_word' id='word_1_108' title='bbox 667 1224 714 1251; x_wconf 85' lang='lat' dir='ltr'>ex</span> <span class='ocrx_word' id='word_1_109' title='bbox 748 1212 986 1262; x_wconf 85' lang='lat' dir='ltr'>posterioris</span> <span class='ocrx_word' id='word_1_110' title='bbox 1014 1214 1156 1252; x_wconf 86' lang='lat' dir='ltr'>aetatis</span> <span class='ocrx_word' id='word_1_111' title='bbox 1182 1214 1478 1263; x_wconf 76' lang='lat' dir='ltr'>astrologorum</span> <span class='ocrx_word' id='word_1_112' title='bbox 1503 1213 1618 1251; x_wconf 86' lang='lat' dir='ltr'>libris</span> <span class='ocrx_word' id='word_1_113' title='bbox 1645 1224 1791 1263; x_wconf 81' lang='lat' dir='ltr'>cogno-</span> 
     </span>
     <span class='ocr_line' id='line_1_18' title="bbox 351 1279 1790 1331; baseline 0.001 -14"><span class='ocrx_word' id='word_1_114' title='bbox 351 1281 475 1329; x_wconf 84' lang='lat' dir='ltr'>verat,</span> <span class='ocrx_word' id='word_1_115' title='bbox 510 1280 694 1319; x_wconf 85' lang='lat' dir='ltr'>correxit.</span> <span class='ocrx_word' id='word_1_116' title='bbox 747 1279 866 1317; x_wconf 90' lang='lat' dir='ltr'>Hunc</span> <span class='ocrx_word' id='word_1_117' title='bbox 901 1279 1024 1329; x_wconf 87' lang='lat' dir='ltr'>igitur</span> <span class='ocrx_word' id='word_1_118' title='bbox 1058 1281 1183 1320; x_wconf 90' lang='lat' dir='ltr'>solum</span> <span class='ocrx_word' id='word_1_119' title='bbox 1210 1281 1382 1331; x_wconf 83' lang='lat' dir='ltr'>Manilii,</span> <span class='ocrx_word' id='word_1_120' title='bbox 1415 1293 1502 1320; x_wconf 89' lang='lat' dir='ltr'>eum</span> <span class='ocrx_word' id='word_1_121' title='bbox 1528 1280 1692 1319; x_wconf 78' lang='lat' dir='ltr'>carmini</span> <span class='ocrx_word' id='word_1_122' title='bbox 1718 1291 1790 1319; x_wconf 84' lang='lat' dir='ltr'>suo</span> 
     </span>
     <span class='ocr_line' id='line_1_19' title="bbox 350 1347 1792 1398; baseline 0.001 -14"><span class='ocrx_word' id='word_1_123' title='bbox 350 1347 595 1396; x_wconf 82' lang='lat' dir='ltr'>prooemium</span> <span class='ocrx_word' id='word_1_124' title='bbox 628 1347 912 1397; x_wconf 73' lang='lat' dir='ltr'>praemitteret,</span> <span class='ocrx_word' id='word_1_125' title='bbox 943 1348 1074 1387; x_wconf 87' lang='lat' dir='ltr'>animo</span> <span class='ocrx_word' id='word_1_126' title='bbox 1111 1350 1362 1389; x_wconf 82' lang='lat' dir='ltr'>obversatum</span> <span class='ocrx_word' id='word_1_127' title='bbox 1389 1361 1472 1387; x_wconf 88' lang='lat' dir='ltr'>esse</span> <span class='ocrx_word' id='word_1_128' title='bbox 1499 1347 1657 1398; x_wconf 84' lang='lat' dir='ltr'>opinor,</span> <span class='ocrx_word' id='word_1_129' title='bbox 1686 1347 1792 1387; x_wconf 87' lang='lat' dir='ltr'>hune</span> 
     </span>
     <span class='ocr_line' id='line_1_20' title="bbox 350 1414 1791 1467; baseline 0.001 -14"><span class='ocrx_word' id='word_1_130' title='bbox 350 1415 477 1453; x_wconf 85' lang='lat' dir='ltr'>solum</span> <span class='ocrx_word' id='word_1_131' title='bbox 504 1415 616 1453; x_wconf 88' lang='lat' dir='ltr'>cordi</span> <span class='ocrx_word' id='word_1_132' title='bbox 638 1414 760 1452; x_wconf 87' lang='lat' dir='ltr'>fuisse</span> <span class='ocrx_word' id='word_1_133' title='bbox 780 1414 828 1464; x_wconf 85' lang='lat' dir='ltr'>ei,</span> <span class='ocrx_word' id='word_1_134' title='bbox 858 1415 987 1462; x_wconf 92' lang='lat' dir='ltr'>quiin</span> <span class='ocrx_word' id='word_1_135' title='bbox 1005 1416 1298 1454; x_wconf 85' lang='lat' dir='ltr'>Astronomicis</span> <span class='ocrx_word' id='word_1_136' title='bbox 1327 1417 1375 1466; x_wconf 94' lang='lat' dir='ltr'>(I,</span> <span class='ocrx_word' id='word_1_137' title='bbox 1405 1415 1492 1467; x_wconf 82' lang='lat'>117)</span> <span class='ocrx_word' id='word_1_138' title='bbox 1521 1427 1791 1466; x_wconf 84' lang='lat' dir='ltr'>„magnacum</span> 
     </span>
     <span class='ocr_line' id='line_1_21' title="bbox 347 1470 1789 1534; baseline 0.002 -15"><span class='ocrx_word' id='word_1_139' title='bbox 347 1482 483 1531; x_wconf 84' lang='lat' dir='ltr'>parvis</span> <span class='ocrx_word' id='word_1_140' title='bbox 519 1482 639 1521; x_wconf 90' lang='lat' dir='ltr'>simili</span> <span class='ocrx_word' id='word_1_141' title='bbox 670 1493 899 1532; x_wconf 85' lang='lat' dir='ltr'>percurrere</span> <span class='ocrx_word' id='word_1_142' title='bbox 935 1483 1055 1520; x_wconf 79' lang='lat' dir='ltr'>cura¹‘</span> <span class='ocrx_word' id='word_1_143' title='bbox 1091 1483 1279 1534; x_wconf 72' lang='lat' dir='ltr'>studeret,</span> <span class='ocrx_word' id='word_1_144' title='bbox 1317 1495 1442 1533; x_wconf 89' lang='lat' dir='ltr'>neque</span> <span class='ocrx_word' id='word_1_145' title='bbox 1475 1470 1606 1523; x_wconf 83' lang='lat' dir='ltr'>tamen</span> <span class='ocrx_word' id='word_1_146' title='bbox 1637 1483 1789 1522; x_wconf 86' lang='lat' dir='ltr'>cunctis</span> 
     </span>
     <span class='ocr_line' id='line_1_22' title="bbox 348 1548 1790 1602; baseline 0.001 -15"><span class='ocrx_word' id='word_1_147' title='bbox 348 1549 432 1588; x_wconf 86' lang='lat' dir='ltr'>eius</span> <span class='ocrx_word' id='word_1_148' title='bbox 466 1551 617 1599; x_wconf 86' lang='lat' dir='ltr'>optatis</span> <span class='ocrx_word' id='word_1_149' title='bbox 651 1549 914 1600; x_wconf 89' lang='lat' dir='ltr'>respondisse.</span> <span class='ocrx_word' id='word_1_150' title='bbox 967 1548 1108 1598; x_wconf 88' lang='lat' dir='ltr'>Neque</span> <span class='ocrx_word' id='word_1_151' title='bbox 1141 1551 1244 1590; x_wconf 88' lang='lat' dir='ltr'>enim</span> <span class='ocrx_word' id='word_1_152' title='bbox 1279 1551 1447 1602; x_wconf 85' lang='lat' dir='ltr'>amplius</span> <span class='ocrx_word' id='word_1_153' title='bbox 1479 1550 1680 1600; x_wconf 87' lang='lat' dir='ltr'>requirere</span> <span class='ocrx_word' id='word_1_154' title='bbox 1707 1562 1790 1589; x_wconf 90' lang='lat' dir='ltr'>non</span> 
     </span>
     <span class='ocr_line' id='line_1_23' title="bbox 347 1618 1788 1669; baseline 0.001 -14"><span class='ocrx_word' id='word_1_155' title='bbox 347 1620 527 1667; x_wconf 86' lang='lat' dir='ltr'>potuere,</span> <span class='ocrx_word' id='word_1_156' title='bbox 555 1618 779 1666; x_wconf 89' lang='lat' dir='ltr'>quicunque</span> <span class='ocrx_word' id='word_1_157' title='bbox 806 1620 904 1654; x_wconf 77' lang='lat' dir='ltr'>nutu</span> <span class='ocrx_word' id='word_1_158' title='bbox 932 1621 972 1655; x_wconf 90' lang='lat' dir='ltr'>et</span> <span class='ocrx_word' id='word_1_159' title='bbox 995 1618 1164 1656; x_wconf 85' lang='lat' dir='ltr'>arbitrio</span> <span class='ocrx_word' id='word_1_160' title='bbox 1186 1619 1338 1658; x_wconf 83' lang='lat' dir='ltr'>Tiberii</span> <span class='ocrx_word' id='word_1_161' title='bbox 1357 1619 1571 1669; x_wconf 86' lang='lat' dir='ltr'>gubernari</span> <span class='ocrx_word' id='word_1_162' title='bbox 1587 1618 1788 1665; x_wconf 83' lang='lat' dir='ltr'>volebant,</span> 
     </span>
     <span class='ocr_line' id='line_1_24' title="bbox 347 1684 1788 1736; baseline 0 -14"><span class='ocrx_word' id='word_1_163' title='bbox 347 1685 580 1734; x_wconf 85' lang='lat' dir='ltr'>praesertim</span> <span class='ocrx_word' id='word_1_164' title='bbox 614 1697 700 1724; x_wconf 88' lang='lat' dir='ltr'>cum</span> <span class='ocrx_word' id='word_1_165' title='bbox 731 1685 796 1722; x_wconf 90' lang='lat' dir='ltr'>hic</span> <span class='ocrx_word' id='word_1_166' title='bbox 829 1684 1014 1734; x_wconf 88' lang='lat' dir='ltr'>princeps</span> <span class='ocrx_word' id='word_1_167' title='bbox 1042 1689 1082 1724; x_wconf 91' lang='lat' dir='ltr'>et</span> <span class='ocrx_word' id='word_1_168' title='bbox 1108 1686 1193 1736; x_wconf 89' lang='lat' dir='ltr'>ipse</span> <span class='ocrx_word' id='word_1_169' title='bbox 1220 1698 1301 1724; x_wconf 93' lang='lat' dir='ltr'>non</span> <span class='ocrx_word' id='word_1_170' title='bbox 1327 1690 1502 1725; x_wconf 87' lang='lat' dir='ltr'>veterum</span> <span class='ocrx_word' id='word_1_171' title='bbox 1528 1685 1692 1725; x_wconf 87' lang='lat' dir='ltr'>deorum</span> <span class='ocrx_word' id='word_1_172' title='bbox 1717 1697 1788 1724; x_wconf 88' lang='lat' dir='ltr'>nu-</span> 
     </span>
     <span class='ocr_line' id='line_1_25' title="bbox 347 1751 1787 1804; baseline 0.002 -16"><span class='ocrx_word' id='word_1_173' title='bbox 347 1751 450 1789; x_wconf 88' lang='lat' dir='ltr'>mine</span> <span class='ocrx_word' id='word_1_174' title='bbox 490 1753 558 1791; x_wconf 90' lang='lat' dir='ltr'>sed</span> <span class='ocrx_word' id='word_1_175' title='bbox 597 1753 680 1791; x_wconf 81' lang='lat' dir='ltr'>fato</span> <span class='ocrx_word' id='word_1_176' title='bbox 720 1751 916 1790; x_wconf 84' lang='lat' dir='ltr'>sideribus</span> <span class='ocrx_word' id='word_1_177' title='bbox 958 1752 1008 1790; x_wconf 82' lang='lat' dir='ltr'>ab</span> <span class='ocrx_word' id='word_1_178' title='bbox 1042 1752 1123 1792; x_wconf 88' lang='lat' dir='ltr'>illis</span> <span class='ocrx_word' id='word_1_179' title='bbox 1157 1753 1279 1792; x_wconf 90' lang='lat' dir='ltr'>insito</span> <span class='ocrx_word' id='word_1_180' title='bbox 1315 1754 1446 1792; x_wconf 88' lang='lat' dir='ltr'>omnia</span> <span class='ocrx_word' id='word_1_181' title='bbox 1477 1753 1564 1804; x_wconf 86' lang='lat' dir='ltr'>regi</span> <span class='ocrx_word' id='word_1_182' title='bbox 1599 1753 1787 1792; x_wconf 85' lang='lat' dir='ltr'>erederet.</span> 
     </span>
     <span class='ocr_line' id='line_1_26' title="bbox 348 1817 1786 1871; baseline 0.001 -15"><span class='ocrx_word' id='word_1_183' title='bbox 348 1817 440 1857; x_wconf 89' lang='lat' dir='ltr'>Hoc</span> <span class='ocrx_word' id='word_1_184' title='bbox 479 1819 602 1858; x_wconf 87' lang='lat' dir='ltr'>fatum</span> <span class='ocrx_word' id='word_1_185' title='bbox 641 1833 665 1858; x_wconf 88' lang='lat' dir='ltr'>a</span> <span class='ocrx_word' id='word_1_186' title='bbox 703 1819 835 1870; x_wconf 87' lang='lat' dir='ltr'>poetis</span> <span class='ocrx_word' id='word_1_187' title='bbox 875 1819 1048 1858; x_wconf 87' lang='lat' dir='ltr'>carmina</span> <span class='ocrx_word' id='word_1_188' title='bbox 1086 1820 1134 1858; x_wconf 89' lang='lat' dir='ltr'>de</span> <span class='ocrx_word' id='word_1_189' title='bbox 1175 1833 1215 1859; x_wconf 86' lang='lat' dir='ltr'>se</span> <span class='ocrx_word' id='word_1_190' title='bbox 1256 1833 1342 1859; x_wconf 89' lang='lat' dir='ltr'>cum</span> <span class='ocrx_word' id='word_1_191' title='bbox 1375 1833 1539 1871; x_wconf 88' lang='lat' dir='ltr'>poscere</span> <span class='ocrx_word' id='word_1_192' title='bbox 1571 1820 1786 1869; x_wconf 80' lang='lat' dir='ltr'>videretur,</span> 
     </span>
     <span class='ocr_line' id='line_1_27' title="bbox 349 1885 1535 1939; baseline 0.005 -17"><span class='ocrx_word' id='word_1_193' title='bbox 349 1885 461 1925; x_wconf 79' lang='lat' dir='ltr'>iuxta</span> <span class='ocrx_word' id='word_1_194' title='bbox 489 1885 765 1926; x_wconf 85' lang='lat' dir='ltr'>Germanicum</span> <span class='ocrx_word' id='word_1_195' title='bbox 790 1885 984 1925; x_wconf 83' lang='lat' dir='ltr'>Manilius</span> <span class='ocrx_word' id='word_1_196' title='bbox 1011 1887 1206 1938; x_wconf 84' lang='lat' dir='ltr'>constitit,</span> <span class='ocrx_word' id='word_1_197' title='bbox 1235 1900 1348 1938; x_wconf 90' lang='lat' dir='ltr'>quem</span> <span class='ocrx_word' id='word_1_198' title='bbox 1375 1889 1423 1939; x_wconf 82' lang='lat' dir='ltr'>(I,</span> <span class='ocrx_word' id='word_1_199' title='bbox 1452 1887 1535 1938; x_wconf 87' lang='lat'>16):</span> 
     </span>
    </p>
   </div>
   <div class='ocr_carea' id='block_1_6' title="bbox 569 1961 1636 2166">
    <p class='ocr_par' dir='ltr' id='par_1_6' title="bbox 569 1961 1636 2166">
     <span class='ocr_line' id='line_1_28' title="bbox 1060 1961 1504 2008; baseline 0.005 -13"><span class='ocrx_word' id='word_1_200' title='bbox 1060 1987 1081 2004; x_wconf 94' lang='lat'>‚,</span> <span class='ocrx_word' id='word_1_201' title='bbox 1106 1987 1115 1995; x_wconf 91' lang='lat'><strong><em>.</em></strong></span> <span class='ocrx_word' id='word_1_202' title='bbox 1139 1987 1148 1996; x_wconf 89' lang='lat'>.</span> <span class='ocrx_word' id='word_1_203' title='bbox 1171 1987 1181 1996; x_wconf 87' lang='lat'><strong>.</strong></span> <span class='ocrx_word' id='word_1_204' title='bbox 1205 1961 1399 2007; x_wconf 84' lang='lat' dir='ltr'>impensius</span> <span class='ocrx_word' id='word_1_205' title='bbox 1422 1962 1504 2008; x_wconf 74' lang='lat' dir='ltr'>ipsa</span> 
     </span>
     <span class='ocr_line' id='line_1_29' title="bbox 569 2016 1481 2063; baseline 0.001 -11"><span class='ocrx_word' id='word_1_206' title='bbox 569 2016 670 2052; x_wconf 86' lang='lat' dir='ltr'>Scire</span> <span class='ocrx_word' id='word_1_207' title='bbox 693 2016 792 2052; x_wconf 89' lang='lat' dir='ltr'>iuvat</span> <span class='ocrx_word' id='word_1_208' title='bbox 814 2017 934 2062; x_wconf 85' lang='lat' dir='ltr'>magni</span> <span class='ocrx_word' id='word_1_209' title='bbox 957 2017 1100 2063; x_wconf 79' lang='lat' dir='ltr'>penitus</span> <span class='ocrx_word' id='word_1_210' title='bbox 1122 2018 1336 2062; x_wconf 84' lang='lat' dir='ltr'>praecordia</span> <span class='ocrx_word' id='word_1_211' title='bbox 1359 2017 1481 2053; x_wconf 89' lang='lat' dir='ltr'>mundi</span> 
     </span>
     <span class='ocr_line' id='line_1_30' title="bbox 569 2071 1534 2119; baseline 0.002 -12"><span class='ocrx_word' id='word_1_212' title='bbox 569 2071 741 2118; x_wconf 81' lang='lat' dir='ltr'>Quaeque</span> <span class='ocrx_word' id='word_1_213' title='bbox 763 2076 869 2119; x_wconf 84' lang='lat' dir='ltr'>regat</span> <span class='ocrx_word' id='word_1_214' title='bbox 892 2075 1108 2119; x_wconf 82' lang='lat' dir='ltr'>generetque</span> <span class='ocrx_word' id='word_1_215' title='bbox 1133 2074 1206 2108; x_wconf 81' lang='lat' dir='ltr'>suis</span> <span class='ocrx_word' id='word_1_216' title='bbox 1230 2074 1399 2108; x_wconf 82' lang='lat' dir='ltr'>animalia</span> <span class='ocrx_word' id='word_1_217' title='bbox 1423 2073 1534 2118; x_wconf 82' lang='lat' dir='ltr'>signis</span> 
     </span>
     <span class='ocr_line' id='line_1_31' title="bbox 569 2128 1636 2166; baseline 0.002 -2"><span class='ocrx_word' id='word_1_218' title='bbox 569 2128 722 2164; x_wconf 84' lang='lat' dir='ltr'>Cernere</span> <span class='ocrx_word' id='word_1_219' title='bbox 745 2132 784 2164; x_wconf 87' lang='lat' dir='ltr'>et</span> <span class='ocrx_word' id='word_1_220' title='bbox 806 2130 843 2165; x_wconf 90' lang='lat' dir='ltr'>in</span> <span class='ocrx_word' id='word_1_221' title='bbox 866 2141 1048 2165; x_wconf 88' lang='lat' dir='ltr'>numerum</span> <span class='ocrx_word' id='word_1_222' title='bbox 1071 2129 1220 2165; x_wconf 91' lang='lat' dir='ltr'>Phoebo</span> <span class='ocrx_word' id='word_1_223' title='bbox 1245 2129 1450 2166; x_wconf 82' lang='lat' dir='ltr'>modulante</span> <span class='ocrx_word' id='word_1_224' title='bbox 1475 2129 1636 2166; x_wconf 81' lang='lat' dir='ltr'>referre.“</span> 
     </span>
    </p>
   </div>
   <div class='ocr_carea' id='block_1_7' title="bbox 343 2202 1591 2321">
    <p class='ocr_par' dir='ltr' id='par_1_7' title="bbox 343 2202 1591 2321">
     <span class='ocr_line' id='line_1_32' title="bbox 343 2202 1580 2253; baseline 0.002 -13"><span class='ocrx_word' id='word_1_225' title='bbox 343 2202 404 2240; x_wconf 87' lang='lat' dir='ltr'>Ae</span> <span class='ocrx_word' id='word_1_226' title='bbox 431 2202 755 2251; x_wconf 85' lang='lat' dir='ltr'>quemadmodum</span> <span class='ocrx_word' id='word_1_227' title='bbox 781 2202 849 2240; x_wconf 91' lang='lat' dir='ltr'>ille</span> <span class='ocrx_word' id='word_1_228' title='bbox 877 2203 1043 2252; x_wconf 85' lang='lat' dir='ltr'>(Phaen.</span> <span class='ocrx_word' id='word_1_229' title='bbox 1074 2203 1140 2253; x_wconf 84' lang='lat'>16)</span> <span class='ocrx_word' id='word_1_230' title='bbox 1168 2202 1332 2241; x_wconf 84' lang='lat' dir='ltr'>Tiberio</span> <span class='ocrx_word' id='word_1_231' title='bbox 1361 2203 1580 2252; x_wconf 81' lang='lat' dir='ltr'>supplicat:</span> 
     </span>
     <span class='ocr_line' id='line_1_33' title="bbox 572 2274 1591 2321; baseline 0.002 -12"><span class='ocrx_word' id='word_1_232' title='bbox 572 2274 672 2318; x_wconf 84' lang='lat' dir='ltr'>„Pax</span> <span class='ocrx_word' id='word_1_233' title='bbox 695 2277 759 2309; x_wconf 79' lang='lat' dir='ltr'>tua</span> <span class='ocrx_word' id='word_1_234' title='bbox 781 2277 890 2320; x_wconf 90' lang='lat' dir='ltr'>tuque</span> <span class='ocrx_word' id='word_1_235' title='bbox 916 2275 1016 2311; x_wconf 86' lang='lat' dir='ltr'>adsis</span> <span class='ocrx_word' id='word_1_236' title='bbox 1038 2277 1126 2311; x_wconf 83' lang='lat' dir='ltr'>nato</span> <span class='ocrx_word' id='word_1_237' title='bbox 1151 2286 1352 2321; x_wconf 89' lang='lat' dir='ltr'>numenque</span> <span class='ocrx_word' id='word_1_238' title='bbox 1376 2275 1591 2312; x_wconf 76' lang='lat' dir='ltr'>seeundesi“</span> 
     </span>
    </p>
   </div>
   <div class='ocr_carea' id='block_1_8' title="bbox 342 2347 1676 2466">
    <p class='ocr_par' dir='ltr' id='par_1_8' title="bbox 342 2347 1676 2466">
     <span class='ocr_line' id='line_1_34' title="bbox 342 2347 1676 2398; baseline 0.003 -12"><span class='ocrx_word' id='word_1_239' title='bbox 342 2349 400 2386; x_wconf 82' lang='lat' dir='ltr'>ita</span> <span class='ocrx_word' id='word_1_240' title='bbox 426 2348 490 2387; x_wconf 93' lang='lat' dir='ltr'>hic</span> <span class='ocrx_word' id='word_1_241' title='bbox 515 2349 624 2397; x_wconf 88' lang='lat' dir='ltr'>deae,</span> <span class='ocrx_word' id='word_1_242' title='bbox 654 2358 731 2396; x_wconf 84' lang='lat' dir='ltr'>qua</span> <span class='ocrx_word' id='word_1_243' title='bbox 757 2348 867 2386; x_wconf 87' lang='lat' dir='ltr'>nulla</span> <span class='ocrx_word' id='word_1_244' title='bbox 892 2348 1068 2398; x_wconf 87' lang='lat' dir='ltr'>Augusti</span> <span class='ocrx_word' id='word_1_245' title='bbox 1094 2349 1229 2387; x_wconf 85' lang='lat' dir='ltr'>heredi</span> <span class='ocrx_word' id='word_1_246' title='bbox 1255 2348 1460 2398; x_wconf 89' lang='lat' dir='ltr'>potentior</span> <span class='ocrx_word' id='word_1_247' title='bbox 1486 2347 1574 2388; x_wconf 81' lang='lat' dir='ltr'>visa</span> <span class='ocrx_word' id='word_1_248' title='bbox 1598 2352 1676 2390; x_wconf 83' lang='lat' dir='ltr'>est:</span> 
     </span>
     <span class='ocr_line' id='line_1_35' title="bbox 712 2420 1401 2466; baseline 0.001 -10"><span class='ocrx_word' id='word_1_249' title='bbox 712 2421 872 2465; x_wconf 84' lang='lat' dir='ltr'>„Faveat</span> <span class='ocrx_word' id='word_1_250' title='bbox 894 2431 1035 2466; x_wconf 83' lang='lat' dir='ltr'>magno,</span> <span class='ocrx_word' id='word_1_251' title='bbox 1059 2420 1230 2464; x_wconf 84' lang='lat' dir='ltr'>Fortuna,</span> <span class='ocrx_word' id='word_1_252' title='bbox 1252 2420 1401 2457; x_wconf 82' lang='lat' dir='ltr'>labori“.</span> 
     </span>
    </p>
   </div>
   <div class='ocr_carea' id='block_1_9' title="bbox 337 2493 1779 2680">
    <p class='ocr_par' dir='ltr' id='par_1_9' title="bbox 337 2493 1779 2680">
     <span class='ocr_line' id='line_1_36' title="bbox 440 2493 1779 2544; baseline 0.001 -12"><span class='ocrx_word' id='word_1_253' title='bbox 440 2494 531 2533; x_wconf 84' lang='lat' dir='ltr'>Tali</span> <span class='ocrx_word' id='word_1_254' title='bbox 565 2494 756 2544; x_wconf 84' lang='lat' dir='ltr'>intellego</span> <span class='ocrx_word' id='word_1_255' title='bbox 790 2494 949 2533; x_wconf 89' lang='lat' dir='ltr'>vinculo</span> <span class='ocrx_word' id='word_1_256' title='bbox 984 2494 1257 2533; x_wconf 85' lang='lat' dir='ltr'>Germanicum</span> <span class='ocrx_word' id='word_1_257' title='bbox 1289 2497 1329 2532; x_wconf 87' lang='lat' dir='ltr'>et</span> <span class='ocrx_word' id='word_1_258' title='bbox 1354 2493 1565 2532; x_wconf 85' lang='lat' dir='ltr'>Manilium</span> <span class='ocrx_word' id='word_1_259' title='bbox 1598 2493 1704 2533; x_wconf 86' lang='lat' dir='ltr'>inter</span> <span class='ocrx_word' id='word_1_260' title='bbox 1737 2505 1779 2533; x_wconf 84' lang='lat' dir='ltr'>se</span> 
     </span>
     <span class='ocr_line' id='line_1_37' title="bbox 338 2561 1778 2612; baseline 0 -12"><span class='ocrx_word' id='word_1_261' title='bbox 338 2561 543 2600; x_wconf 82' lang='lat' dir='ltr'>devinctos</span> <span class='ocrx_word' id='word_1_262' title='bbox 582 2562 716 2612; x_wconf 89' lang='lat' dir='ltr'>fuisse,</span> <span class='ocrx_word' id='word_1_263' title='bbox 758 2562 876 2610; x_wconf 89' lang='lat' dir='ltr'>quod,</span> <span class='ocrx_word' id='word_1_264' title='bbox 914 2564 1027 2602; x_wconf 85' lang='lat' dir='ltr'>tanta</span> <span class='ocrx_word' id='word_1_265' title='bbox 1066 2563 1108 2600; x_wconf 88' lang='lat' dir='ltr'>in</span> <span class='ocrx_word' id='word_1_266' title='bbox 1140 2562 1355 2612; x_wconf 86' lang='lat' dir='ltr'>prooemiis</span> <span class='ocrx_word' id='word_1_267' title='bbox 1390 2566 1429 2600; x_wconf 87' lang='lat' dir='ltr'>et</span> <span class='ocrx_word' id='word_1_268' title='bbox 1461 2563 1703 2601; x_wconf 83' lang='lat' dir='ltr'>Arateorum</span> <span class='ocrx_word' id='word_1_269' title='bbox 1737 2566 1778 2600; x_wconf 89' lang='lat' dir='ltr'>et</span> 
     </span>
     <span class='ocr_line' id='line_1_38' title="bbox 337 2629 1776 2680; baseline 0.001 -12"><span class='ocrx_word' id='word_1_270' title='bbox 337 2629 652 2669; x_wconf 88' lang='lat' dir='ltr'>Astronomicon</span> <span class='ocrx_word' id='word_1_271' title='bbox 679 2629 938 2668; x_wconf 85' lang='lat' dir='ltr'>similitudine</span> <span class='ocrx_word' id='word_1_272' title='bbox 966 2633 1006 2669; x_wconf 88' lang='lat' dir='ltr'>et</span> <span class='ocrx_word' id='word_1_273' title='bbox 1031 2630 1333 2680; x_wconf 84' lang='lat' dir='ltr'>propinquitate</span> <span class='ocrx_word' id='word_1_274' title='bbox 1355 2630 1483 2668; x_wconf 86' lang='lat' dir='ltr'>faeere</span> <span class='ocrx_word' id='word_1_275' title='bbox 1503 2641 1583 2668; x_wconf 88' lang='lat' dir='ltr'>non</span> <span class='ocrx_word' id='word_1_276' title='bbox 1603 2640 1776 2680; x_wconf 86' lang='lat' dir='ltr'>possum,</span> 
     </span>
    </p>
   </div>
   <div class='ocr_carea' id='block_1_10' title="bbox 423 2770 1434 2817">
    <p class='ocr_par' dir='ltr' id='par_1_10' title="bbox 423 2770 1434 2817">
     <span class='ocr_line' id='line_1_39' title="bbox 423 2770 1434 2817; baseline -0.002 -9"><span class='ocrx_word' id='word_1_277' title='bbox 423 2770 452 2816; x_wconf 67' lang='grc' dir='ltr'>θ)</span> <span class='ocrx_word' id='word_1_278' title='bbox 476 2771 549 2808; x_wconf 83' lang='lat' dir='ltr'>Cfr.</span> <span class='ocrx_word' id='word_1_279' title='bbox 571 2773 607 2808; x_wconf 83' lang='lat' dir='ltr'>J.</span> <span class='ocrx_word' id='word_1_280' title='bbox 631 2771 735 2817; x_wconf 84' lang='lat' dir='ltr'>Frey,</span> <span class='ocrx_word' id='word_1_281' title='bbox 760 2771 804 2807; x_wconf 89' lang='lat' dir='ltr'>de</span> <span class='ocrx_word' id='word_1_282' title='bbox 829 2770 950 2808; x_wconf 76' lang='lat' dir='ltr'>Germ.</span> <span class='ocrx_word' id='word_1_283' title='bbox 973 2771 1040 2808; x_wconf 84' lang='lat' dir='ltr'>Ar.</span> <span class='ocrx_word' id='word_1_284' title='bbox 1063 2771 1208 2816; x_wconf 87' lang='lat' dir='ltr'>interpr.</span> <span class='ocrx_word' id='word_1_285' title='bbox 1232 2782 1268 2816; x_wconf 88' lang='lat' dir='ltr'>p.</span> <span class='ocrx_word' id='word_1_286' title='bbox 1293 2770 1434 2807; x_wconf 87' lang='lat' dir='ltr'>XXIV.</span> 
     </span>
    </p>
   </div>
   <div class='ocr_carea' id='block_1_11' title="bbox 1619 3176 1842 3250">
    <p class='ocr_par' dir='ltr' id='par_1_11' title="bbox 1619 3176 1842 3250">
     <span class='ocr_line' id='line_1_40' title="bbox 1619 3176 1842 3250; baseline 0 0"><span class='ocrx_word' id='word_1_287' title='bbox 1619 3176 1842 3250; x_wconf 95' lang='lat' dir='ltr'> </span> 
     </span>
    </p>
   </div>
  </div>
 </body>
</html>
