1936 3392
338 350 363 389 2

459 464 592 514 Quem
627 477 712 506 non
750 467 811 506 est
845 465 1187 518 interrogativum
1225 464 1295 505 sed
1331 463 1549 504 relativum
1579 464 1789 517 pertinens

338 535 390 575 ad
420 547 573 575 nomen
604 534 717 588 quod
746 538 808 574 est
837 535 1092 586 „mundus“
1124 535 1173 586 (v.
1201 535 1280 585 23).
1342 532 1496 574 Sensus
1527 536 1604 573 est:
1642 532 1790 573 Isicuit

338 604 460 645 terris
486 605 525 657 (i.
545 616 576 645 e.
602 603 856 654 hominibus)
888 617 985 644 eum
1010 604 1076 655 (sc.
1102 602 1320 654 mundum)
1345 602 1529 642 interius
1553 615 1790 655 eoqnosce‘re

334 674 528 727 primum
557 686 733 714 munere
762 673 994 714 caelestum.
1057 671 1188 713 Omne
1224 672 1448 712 sententiae
1483 670 1647 724 pondus
1681 671 1791 711 inest

337 743 488 784 verbis:
534 743 713 783 Munere
749 743 989 794 caelestum,
1028 741 1182 795 quibus
1218 741 1326 781 infra
1356 741 1406 793 (V.
1432 741 1502 793 40)
1534 740 1634 780 haec
1664 752 1790 793 oppo-

335 816 510 854 nuntur:

476 882 534 923 Εἰ
562 885 723 922 natura
751 881 863 923 dedit
892 881 1002 922 vires
1030 894 1153 934 seque
1182 880 1279 934 ipsa
1307 879 1486 920 reclusit.

455 963 602 1004 Terras
637 975 712 1017 pro
748 962 993 1004 hominibus
1031 975 1055 1002 a
1090 962 1222 1015 poetis
1259 962 1450 1014 usurpari
1467 957 1555 1000 'vix
1585 963 1648 1001 est
1677 959 1790 1014 quod

334 1045 535 1074 moneam.
602 1031 656 1073 Et
692 1031 785 1073 vide
828 1045 953 1086 quam
991 1034 1108 1072 acute
1144 1032 1197 1071 sit
1234 1030 1408 1071 dictum:
1452 1029 1600 1070 Licuit
1637 1029 1789 1070 terris

334 1116 571 1156 coynoseere
607 1102 851 1142 mundum
883 1102 920 1153 (i.
946 1113 978 1142 e.
1011 1101 1188 1152 caelum,
1223 1103 1270 1141 ut
1305 1100 1532 1141 sexcenties
1562 1099 1672 1154 apud
1701 1098 1789 1140 Ma-

334 1173 508 1225 nilium).

450 1299 493 1340 L.
518 1299 556 1352 Ι,
586 1313 623 1340 v.
652 1298 907 1350 797—799,
938 1298 982 1337 in
1011 1297 1184 1338 heroum
1206 1297 1461 1350 fortiumque
1484 1297 1687 1348 virorum,
1718 1297 1790 1351 qui

334 1371 379 1410 in
410 1369 570 1410 caelum
601 1369 754 1422 recepti
783 1370 898 1420 sunt,
929 1367 1256 1408 enumeratione:

473 1451 532 1492 Et
567 1450 666 1492 Cato
695 1450 895 1504 fortunae
925 1449 1068 1501 victor,
1099 1447 1332 1501 matrisque
1361 1446 1440 1487 sub
1470 1447 1605 1488 armis

473 1521 598 1562 Miles
628 1519 824 1574 Ayrippa
853 1532 972 1570 suae,
1014 1518 1054 1558 V
1049 1518 1266 1571 eneiisque
1295 1517 1348 1558 ab
1378 1516 1540 1571 oriyine
1563 1516 1704 1571 proles

473 1590 591 1631 Iulia
620 1588 830 1631 deseendit
858 1588 985 1640 caelo,
1016 1588 1258 1640 caelumque
1287 1586 1470 1640 replevit.

449 1672 490 1712 A
518 1674 630 1712 recto
662 1671 858 1711 orationis
890 1673 1029 1710 tenore
1061 1669 1294 1709 desciscunt
1322 1667 1408 1707 illa:
1452 1665 1703 1720 Venerisque
1734 1691 1787 1695 —

333 1741 515 1796 replevit.
576 1739 867 1782 Perturbatam
898 1739 1247 1780 constructionem
1277 1738 1468 1778 restitues
1497 1735 1689 1790 legendo:

473 1822 598 1863 Miles
617 1821 811 1876 Ayiippa
835 1834 948 1872 suae,
981 1823 1023 1860 et
1054 1819 1225 1860 Veneris
1249 1832 1373 1872 quae
1397 1817 1450 1859 ab
1468 1817 1631 1871 oriyine
1649 1817 1790 1871 proles

473 1892 592 1933 Iulia
621 1891 831 1933 descendit
861 1891 988 1942 eaelo,
1020 1890 1262 1942 caelumque
1291 1887 1474 1942 replevit.

335 1974 391 2015 cf.
422 1988 468 2014 vs
489 1974 745 2015 784—785:

474 2055 539 2096 Et
569 2055 666 2096 Iove
696 2054 785 2108 qui
813 2053 972 2094 meruit
1002 2053 1181 2103 eaelum,
1212 2051 1476 2104 Romamque
1512 2049 1755 2091 Camillus

476 2125 690 2166 Servando
714 2123 873 2178 posuit.

333 2207 443 2248 Vide
473 2208 598 2248 etiam
626 2205 734 2246 infra
763 2205 815 2246 ad
844 2204 913 2245 lib.
933 2203 984 2256 V,
1015 2217 1052 2243 V.
1080 2205 1144 2243 24.

450 2275 512 2317 De
554 2276 724 2317 elisione
766 2275 912 2328 longae
954 2273 1137 2326 syllabae
1174 2272 1283 2326 apud
1319 2271 1534 2312 Manilium
1577 2270 1790 2312 adeundus

334 2350 396 2388 est
431 2346 607 2387 Adolfus
644 2344 812 2386 Cramer
852 2345 898 2384 in
936 2343 1247 2384 accuratissima
1283 2341 1567 2382 dissertatione
1603 2341 1652 2382 de
1687 2341 1786 2382 Ma—

333 2417 437 2458 nilii
460 2416 537 2470 qui
561 2415 721 2456 dieitur
745 2413 985 2465 elocutione,
1017 2426 1053 2466 p.
1078 2414 1191 2453 13—
1206 2412 1256 2451 17
1280 2412 1343 2462 (=
1368 2410 1577 2452 Dissertat.
1596 2410 1789 2465 philolog.

333 2487 594 2540 Argentorat.
627 2485 780 2536 select,
810 2483 888 2524 vol.
909 2482 1009 2534 VII,
1038 2495 1075 2536 p.
1103 2482 1319 2533 69—73),
1351 2481 1634 2534 Argentorati,
1666 2481 1789 2521 1882.

449 2613 493 2654 L
519 2613 557 2666 Ι,
587 2626 624 2652 v.
645 2612 898 2663 882—885,
927 2611 971 2651 in
997 2610 1269 2664 descriptione
1292 2608 1547 2663 pestilentiae
1573 2621 1654 2661 qua
1677 2606 1790 2648 labo-

334 2685 443 2724 ravit
473 2682 682 2737 quondam
711 2682 868 2722 Attica:

480 2763 629 2814 Qualis
659 2763 909 2804 Erechtheos
933 2760 1068 2815 pestis
1090 2760 1301 2814 populata
1330 2760 1494 2800 colonos

473 2833 644 2875 Extulit
672 2832 876 2886 antiquas
900 2845 980 2885 per
1008 2830 1168 2885 funera
1190 2829 1314 2884 pacis
1344 2829 1544 2881 Athenas,

471 2903 591 2944 Alter
618 2902 670 2943 in
699 2901 875 2943 alterius
905 2900 1046 2942 labens
1076 2913 1174 2941 eum
1203 2899 1297 2953 fata
1326 2898 1516 2940 ruebant.
