1936 3392
801 236 828 276 3

97 384 279 428 fuerunt.
344 381 411 424 Sic
443 380 532 437 ipse
565 379 750 436 Scaliger
783 378 1048 431 „Manilius”
1071 379 1212 435 inquit
1234 394 1349 431 „non
1366 383 1536 436 propter

96 466 226 507 artem
267 459 386 504 nobis
429 474 547 502 carus
591 474 677 501 esse
717 458 839 501 debet
855 492 868 511 ‚
903 459 975 501 sed
1009 459 1108 514 quia
1139 458 1186 501 111
1219 473 1268 501 00
1301 459 1537 502 rudimenta

96 541 211 585 illius
241 540 399 598 priscae
431 538 679 595 astrologiae
710 538 930 581 manifesta
962 541 1140 590 exstant,
1175 538 1377 580 hactenus
1412 539 1537 581 etiam

96 636 121 664 a
168 619 300 663 doctis
347 616 585 675 ignorata.'’
613 617 641 674 ¹)
706 617 761 660 Et
794 617 974 660 deinde:
1001 618 1032 672 2)
1105 617 1256 669 „Certe
1299 618 1388 660 eius
1432 617 1537 660 liber

93 699 252 758 primus
282 699 343 741 ita
374 697 492 740 utilis
525 696 856 740 adolescentibus
889 697 1055 740 futurus
1085 700 1170 748 est,
1190 701 1238 739 ut
1254 696 1307 739 ad
1324 696 1536 753 sphaerica

93 778 297 822 elementa
329 777 414 820 illis
445 777 554 819 viam
587 777 751 819 munire
784 774 974 819 debeat.''
1009 775 1158 831 Neque
1180 781 1320 818 tamen
1341 791 1405 818 res
1428 776 1534 819 solas

94 856 267 910 laudat,
310 872 407 900 nam
449 856 549 899 alibi
587 856 776 913 scripsite
844 856 938 908 „De
971 855 1148 898 Manilio
1177 859 1318 898 autem
1349 856 1536 899 nondum

93 937 252 988 statui,
286 936 416 992 magis
449 935 734 992 optandumne
767 935 895 978 fuerit
910 967 923 987 ‚
956 934 1078 978 illum
1112 934 1279 991 publice
1312 935 1355 978 iu
1387 934 1539 977 scholis

93 1015 180 1072 legi
194 1047 208 1069 ‚
255 1031 309 1058 an
356 1014 580 1058 dolendum
597 1046 611 1068 ,
661 1014 774 1070 quod
822 1014 1024 1057 hactenus
1071 1014 1288 1071 neglectus
1330 1015 1506 1057 iacuerit
1522 1046 1536 1068 ,

93 1099 216 1154 poeta
255 1095 614 1152 ingeniosissimus
631 1126 645 1146 ‚
689 1094 966 1136 nitidissimus
999 1094 1198 1151 scriptor,
1234 1094 1309 1149 qui
1342 1093 1535 1136 obscuras

93 1189 158 1218 res
199 1179 285 1218 tam
327 1174 542 1218 luculento
584 1189 772 1216 sermone
792 1206 804 1225 ,
851 1174 1066 1216 materiam
1097 1174 1418 1216 morosissimam
1450 1178 1536 1216 tam

93 1253 278 1299 iucundo
310 1254 543 1296 charactere
575 1268 772 1296 exornare
805 1254 1004 1310 potuerit,
1039 1252 1193 1295 Ovidio
1226 1253 1433 1295 suavitate
1450 1268 1537 1310 par,

93 1333 307 1376 maiestate
333 1332 561 1390 superior.'’
594 1331 714 1376 Hanc
731 1331 1072 1390 dithyrambicam
1090 1331 1255 1374 laudem
1274 1332 1538 1389 reprehensio

34 1440 40 1444 -
91 1427 190 1456 sane
235 1427 322 1456 11011
369 1412 527 1471 iniusta
574 1413 764 1468 sequitur
781 1445 792 1464 ‚
853 1412 966 1468 quod
1016 1412 1168 1454 nimius
1217 1412 1274 1454 sit
1321 1416 1443 1468 poeta
1492 1412 1536 1454 in

92 1486 310 1535 verborum
357 1491 575 1534 iteratione
591 1524 604 1543 ‚
652 1491 725 1533 sed
757 1495 897 1534 tamen
931 1491 1038 1542 „hoc
1072 1506 1156 1533 uno
1191 1494 1363 1547 excepto
1385 1523 1394 1541 ,
1429 1490 1538 1533 nihil

91 1569 145 1612 ad
183 1569 479 1626 perfectionem
522 1569 701 1612 absoluti
741 1571 876 1627 operis
909 1570 951 1612 in
985 1570 1064 1613 hoc
1097 1575 1264 1612 auctore
1297 1569 1530 1625 requiras.’'

94 1647 278 1705 Scaliger
325 1653 367 1691 et
416 1649 466 1691 de
508 1649 798 1692 emendatione
832 1654 874 1691 et
907 1649 957 1691 de
990 1650 1336 1706 interpretatione
1368 1649 1536 1691 Manilii

91 1727 248 1784 optime
294 1727 467 1771 meritus
515 1732 578 1770 est
594 1761 607 1780 ‚
658 1743 909 1784 quamquam
954 1728 1092 1771 minus
1124 1743 1250 1784 quam
1283 1729 1371 1786 ipse
1405 1729 1456 1771 de
1492 1742 1536 1770 se

89 1805 218 1850 iactat
266 1806 297 1863 ³)
314 1839 328 1860 ,
401 1807 473 1850 sed
543 1808 747 1850 eiusmodi
813 1808 1079 1865 praeconium
1139 1808 1191 1850 ad
1250 1808 1535 1865 repellendum

91 1901 216 1942 quam
247 1886 301 1930 ad
334 1886 603 1930 alliciendum
636 1888 773 1944 aptius
805 1891 882 1931 est.

133 2056 159 2098 ¹)
205 2059 243 2090 In
266 2058 443 2098 prolegom.
489 2058 546 2088 Usi
570 2066 677 2088 sumus
701 2058 752 2089 ed.
775 2066 850 2089 ann.
876 2057 1014 2089 MDCLV
1039 2067 1059 2089 a
1083 2058 1237 2090 Boeclero
1263 2062 1388 2090 curata.

135 2117 163 2159 ²)
209 2121 247 2151 In
270 2121 446 2165 prolegom.
471 2120 512 2151 ad
535 2121 606 2151 not.

133 2178 159 2220 ³)
206 2180 296 2212 Haec
325 2181 465 2212 iactatio
491 2181 523 2211 in
547 2181 639 2212 notis
663 2181 791 2212 tantum
818 2182 967 2220 apparet.
1000 2180 1047 2211 Ad
1073 2182 1087 2211 I
1111 2191 1157 2212 vs.
1186 2183 1264 2213 104:
1314 2183 1531 2221 „Eripuitque

88 2242 158 2274 Iovi
183 2242 319 2278 fulmen,
355 2242 506 2280 viresque
529 2242 701 2273 tonantis”
727 2243 811 2273 hanc
835 2242 946 2273 uotam
971 2242 1124 2281 scripsit:
1151 2243 1203 2281 qui
1230 2243 1363 2281 legebat
1387 2246 1531 2280 tonanti,

88 2303 198 2339 valde,
231 2304 269 2334 ut
303 2303 339 2334 in
372 2304 536 2342 plerisque
571 2304 734 2340 omnibus,
768 2304 1044 2335 hallucinabatur.
1092 2304 1154 2335 Sed
1186 2305 1290 2335 asinis
1314 2306 1532 2344 respondere,

87 2365 250 2396 asinorum
274 2365 343 2402 est,
367 2374 431 2395 11011
455 2365 652 2396 hominun1.”
699 2365 748 2396 Ad
772 2366 802 2402 I,
827 2366 892 2396 245
919 2375 998 2403 „nos
1020 2367 1055 2396 in
1072 2368 1170 2397 noc-te
1188 2376 1312 2403 sumus,
1338 2376 1531 2405 somnosque

87 2422 123 2456 111
146 2426 290 2457 membra
312 2426 490 2457 locamus”:
517 2427 680 2465 „puerile‚
706 2426 770 2463 ait,
796 2427 830 2457 et
848 2427 1054 2464 nugatorium
1072 2429 1106 2458 ct
1123 2429 1286 2459 asinorum
1304 2429 1416 2467 potius
1434 2438 1528 2466 quam

87 2487 293 2522 hominum”;
319 2487 388 2526 ipse
411 2487 520 2525 legere
543 2488 636 2519 iubet
659 2491 788 2519 sonmo!
832 2488 895 2519 Sed
919 2489 999 2519 haec
1024 2490 1087 2520 iam
1112 2490 1292 2520 sufficiunt.
1334 2491 1371 2520 In
1385 2490 1531 2530 prolego-

86 2548 191 2580 menis
225 2547 328 2579 mnlto
364 2548 417 2579 est
450 2548 646 2580 modestior:
684 2550 811 2587 „adhuc
846 2559 910 2580 non
945 2559 1049 2588 pauca
1073 2551 1303 2588 relinquimus,
1329 2560 1411 2588 quae
1436 2561 1527 2590 opem

88 2609 323 2641 emendatioris
347 2610 469 2641 codicis
493 2611 671 2649 expectant
696 2611 791 2650 (Usus
816 2613 868 2642 est
890 2612 1013 2642 codicis
1030 2612 1174 2642 Palatini
1194 2613 1229 2642 et
1246 2613 1330 2643 alius
1347 2613 1530 2644 Germanici

87 2669 232 2702 lectione
255 2671 291 2701 et
313 2671 585 2702 annotationibus
608 2671 724 2703 Jacobi
750 2673 836 2703 Susii
862 2682 900 2703 ex
924 2674 1034 2704 codice
1051 2674 1243 2704 monasterii
1263 2674 1530 2713 Gemblacensis).

88 2729 160 2763 Non
191 2732 306 2763 dubito
337 2733 446 2763 tamen
471 2733 506 2764 et
529 2739 713 2773 superesse,
750 2744 831 2772 quae
856 2745 874 2766 a
898 2736 1032 2766 meliore
1057 2736 1188 2773 ingenio
1214 2736 1350 2766 restitui
1375 2739 1529 2774 possunt,

89 2793 125 2824 et
141 2794 180 2823 ut
202 2793 276 2829 fiat,
304 2795 484 2832 optamus.’‘
531 2795 725 2826 Monendum
751 2797 802 2826 est
826 2805 890 2827 non
915 2806 1034 2835 paucas
1059 2797 1324 2833 emendationes,
1351 2806 1430 2834 quas
1455 2798 1527 2828 Sca-

87 2853 172 2891 liger
195 2853 229 2884 in
252 2853 356 2892 prima
380 2854 528 2887 editione
552 2858 737 2896 receperat,
775 2856 894 2887 deinde
919 2866 956 2887 ex
983 2858 1095 2888 codice
1119 2858 1342 2889 Gemblaeensi
1370 2859 1528 2896 probatas

88 2914 122 2946 et
147 2914 353 2946 confirmatas
379 2925 462 2946 csse.
