1936 3392
759 821 867 865 Lib.
899 820 992 868 III.

247 931 284 972 2.
322 932 583 972 metuentem
626 927 843 984 invadere]
888 932 1151 970 metuentem
1189 930 1433 983 (metuente)
1470 929 1626 971 vadere

127 1027 183 1033 —
222 1002 261 1043 4.
299 1000 456 1055 Conor,
500 1004 542 1043 et
579 1000 729 1056 dignos
765 1002 809 1042 in
849 999 1050 1055 carmina]
1091 999 1232 1042 Conor
1269 1004 1311 1042 et
1347 1000 1546 1056 indignos
1579 1002 1626 1042 in

127 1073 312 1115 carmine
344 1098 399 1103 —
437 1072 480 1114 V.
511 1074 535 1114 7
558 1076 660 1128 post
689 1086 725 1114 v.
749 1073 812 1114 37
838 1071 963 1114 habet
986 1072 1074 1113 ita:
1107 1071 1206 1113 Non
1231 1071 1284 1113 ad
1309 1076 1481 1114 curatos
1505 1085 1626 1128 reges

127 1145 319 1200 troiaque
357 1144 552 1186 cadentes
606 1170 648 1174 -
699 1145 735 1186 9.
769 1143 983 1198 Colchida]
1023 1143 1219 1185 Colchica
1263 1169 1317 1174 —-
1366 1145 1432 1186 11.
1465 1143 1624 1199 truces]

126 1217 260 1258 trucis
293 1241 348 1246 -
383 1217 448 1257 14.
474 1214 709 1271 Messanae]
735 1229 928 1258 messane
962 1241 1015 1246 —
1053 1216 1118 1256 15.
1145 1215 1340 1270 fulmine]
1366 1215 1546 1257 flumina
1569 1241 1623 1246 -—

129 1287 196 1329 16.
226 1287 408 1342 Moenia]
441 1286 607 1329 Maenia
640 1313 693 1317 —
727 1286 894 1342 urbem]
929 1286 1074 1329 orbe‘m
1107 1312 1162 1317 —
1198 1287 1265 1328 18.
1291 1287 1445 1343 sidera]
1474 1288 1627 1342 sydera

129 1359 198 1401 20.
228 1358 396 1415 magna]
428 1372 583 1414 magno
617 1383 672 1389 -—
706 1360 773 1400 22.
805 1358 965 1415 Magni]
997 1372 1152 1414 magno
1186 1384 1241 1388 ——
1275 1360 1343 1401 23.
1377 1358 1515 1409 Quam
1540 1361 1627 1402 sint

128 1434 238 1486 aeta,
274 1430 441 1486 loquar]
482 1429 620 1480 Quam
657 1432 694 1473 si
731 1434 841 1472 tacta
877 1430 1033 1486 loquor
1076 1455 1131 1460 -—
1178 1432 1245 1472 24.
1285 1434 1348 1472 tot
1382 1430 1506 1487 bella]
1540 1435 1602 1473 tot
1615 1429 1626 1490 ΙΙ

127 1501 255 1556 bella,
279 1505 381 1557 post
396 1490 488 1544 voc.
516 1506 579 1543 tot
603 1516 777 1544 erasum
802 1506 864 1544 est
890 1516 926 1557 q.
962 1527 1018 1532 —-—
1052 1503 1119 1543 27.
1145 1501 1497 1558 Fecundumque]
1523 1502 1627 1545 Fae-

128 1573 404 1628 cundumque
447 1599 503 1604 —-
550 1575 616 1616 33.
657 1573 973 1630 Signorumque
1015 1573 1145 1629 vices]
1191 1573 1387 1624 Quorum
1431 1587 1627 1630 quaeque

128 1645 281 1700 (queq.)
312 1646 426 1688 vices
466 1671 519 1675 —
561 1647 628 1687 34.
662 1645 793 1701 quid?
826 1645 982 1701 dicere]
1018 1645 1133 1701 quod
1165 1645 1251 1701 (qd)
1285 1645 1424 1688 dicere
1464 1671 1519 1676 --
1558 1648 1625 1688 35.

128 1714 338 1771 Carmine,
376 1716 493 1772 quid]
534 1717 638 1772 quid
668 1717 783 1760 inest
820 1743 876 1748 —
912 1717 1110 1773 pedibus,
1150 1716 1267 1772 quid]
1300 1717 1479 1773 pedibus
1512 1718 1627 1773 quod

127 1787 213 1843 (qd)
258 1813 314 1818 —
359 1789 426 1831 36.
466 1789 638 1845 coeptis]
678 1790 807 1845 ceptis
846 1789 887 1845 (p
925 1804 976 1831 επ
1011 1790 1163 1842 εωηκὲ)
1208 1814 1263 1819 -
1311 1790 1378 1831 38.
1417 1789 1625 1845 animum]

128 1859 293 1902 animos
325 1885 380 1890 —
413 1861 481 1903 40.
512 1860 760 1916 referentur]
793 1861 1036 1903 referuntur
1067 1887 1122 1891 —
1156 1861 1260 1903 Post
1290 1876 1326 1903 v.
1354 1863 1418 1903 42
1446 1876 1526 1904 ser.
1554 1877 1624 1918 pr.

126 1944 182 1972 m.
191 1947 207 1972 .·
239 1944 424 1973 maon
453 1945 676 1974 maurum
714 1958 768 1963 —-
809 1933 878 1974 47.
910 1932 1134 1988 latentum]
1167 1932 1385 1987 latentem,
1414 1947 1624 1989 supet-ser.

120 2006 191 2058 pr.
221 2016 278 2044 m.
310 2003 379 2045 vel
411 2017 486 2046 um
525 2029 580 2034 —-
619 2006 687 2045 48.
722 2003 880 2060 Quum]
915 2004 1023 2046 Cum
1061 2031 1116 2035 —-
1155 2004 1338 2060 moenia]
1371 2006 1538 2047 maenia
1572 2031 1625 2036 —

130 2074 196 2116 50.
221 2074 424 2131 membra]
450 2075 626 2118 menbra
660 2101 714 2106 —
747 2077 814 2118 52.
833 2075 1150 2132 flammamque]
1177 2076 1390 2119 flammam
1413 2075 1626 2132 (masque)

129 2170 184 2176 —
218 2147 284 2188 54.
311 2148 537 2203 pugnantis
560 2147 675 2189 inest
703 2173 756 2178 -
786 2149 852 2189 55.
880 2147 1064 2204 foedere]
1090 2148 1257 2190 saedere
1285 2173 1337 2178 —-
1369 2149 1436 2189 56.
1463 2163 1488 2190 a
1512 2162 1627 2191 sum-

127 2216 211 2273 ma]
249 2231 274 2260 a
303 2231 469 2260 summo
514 2244 570 2250 —-
589 2220 683 2287 n57.
722 2219 774 2261 ab
813 2220 907 2275 ipso
945 2234 996 2262 em
1031 2234 1082 2275 ap
1120 2220 1214 2275 ipso
1245 2234 1350 2262 corr.
1377 2234 1447 2275 pr.
1479 2235 1535 2262 m.
1570 2246 1625 2251 —

129 2288 196 2330 60.
227 2289 431 2346 volarent]
462 2291 614 2333 volar&
629 2325 639 2345 ,
675 2305 706 2332 n
743 2305 953 2347 supersor.
980 2306 1050 2348 pr.
1082 2306 1139 2333 m.
1186 2317 1241 2322 —
1289 2292 1355 2333 62.
1389 2291 1625 2347 Phoebum]

43 2359 48 2364 '
127 2360 313 2416 phebum
345 2387 400 2392 —
435 2363 502 2405 63.
534 2363 780 2419 vincuntur]
813 2365 1038 2406 vincentur
1071 2390 1122 2394 —
1160 2365 1227 2406 66.
1260 2366 1323 2406 uti
1352 2363 1442 2419 fati]
1474 2365 1538 2406 uti
1568 2364 1627 2406 fa-

129 2435 221 2474 tum
246 2458 301 2463 ——
333 2434 399 2475 67.
425 2433 536 2477 Nam
563 2435 862 2492 quodcunque]
889 2435 1000 2478 Nam
1028 2436 1328 2491 quodcumque
1356 2462 1411 2466 —
1440 2436 1506 2478 68.
1535 2437 1627 2491 qui-

130 2503 314 2560 cunque]
347 2519 626 2563 quaecunque
659 2509 916 2563 (quecunq.),
946 2508 1020 2550 sed
1048 2523 1068 2562 e
1095 2508 1147 2550 in
1171 2509 1187 2549 i
1213 2510 1287 2562 (an
1312 2509 1328 2549 i
1351 2508 1404 2550 in
1430 2508 1496 2564 QP)
1521 2522 1622 2549 mu-

111 2576 240 2618 -tavit
261 2591 331 2632 pr.
362 2592 418 2619 m.
463 2604 519 2608 —
565 2579 632 2621 69.
665 2579 836 2635 sortem]
875 2583 986 2622 sorte
1030 2605 1082 2610 —
1125 2581 1190 2622 70.
1223 2579 1396 2635 locarat]
1428 2583 1628 2621 vocarant

132 2670 187 2676 —
227 2647 293 2690 71.
324 2648 556 2706 Disposuit]
588 2650 672 2693 Res
702 2653 846 2707 posuit
883 2677 937 2682 —
980 2652 1046 2693 72.
1078 2665 1154 2707 per
1184 2651 1337 2707 sidera]
1370 2665 1446 2706 per
1476 2651 1628 2705 sydera

135 2741 186 2747 ——
222 2718 288 2760 77.
320 2721 598 2777 traherentur]
630 2722 865 2765 traheretur
897 2749 951 2753 —
988 2724 1054 2765 78
1080 2722 1150 2764 Ex
1174 2722 1342 2778 iisdem]
1368 2722 1439 2764 Ex
1463 2723 1628 2764 hisdem

134 2812 189 2818 —
227 2789 294 2832 80.
325 2792 467 2847 Atque
504 2793 612 2835 alius
647 2794 720 2836 alii
751 2794 856 2850 sors]
889 2795 1032 2850 Atque
1063 2795 1172 2836 alius
1204 2794 1290 2849 (alii
1320 2795 1416 2849 om)
1449 2807 1538 2836 sors
1570 2819 1626 2824 —
1669 2774 1679 2825 ἶ

134 2859 237 2902 Post
271 2875 353 2904 voc.
392 2877 582 2920 quaeque
619 2866 815 2921 spatium
847 2866 1039 2921 quinque
1069 2866 1159 2921 fere
1191 2866 1270 2908 litt.
1302 2880 1490 2908 vacuum
1520 2866 1623 2907 reli-

132 2934 250 2974 etum
286 2936 347 2975 est
387 2959 437 2965 -
479 2937 546 2978 81.
585 2941 754 2992 caperet
784 2952 835 2979 ex
866 2938 1097 2993 eapereo(?)
1129 2951 1234 2979 corr.
1260 2951 1331 2994 pr.
1363 2952 1419 2979 m.
1459 2962 1514 2967 —
1552 2950 1629 2992 per

1318 3021 1340 3056 3
