1942 3308
1019 209 1297 266 ...62ss

551 346 596 391 In
642 347 758 391 tertio
803 362 965 404 quoque
1003 347 1106 389 libro
1147 353 1279 388 exstat
1318 361 1460 389 versus
1497 345 1608 400 finis,
1652 344 1721 404 qui
1761 344 1903 390 miram

418 417 620 473 quandam
650 415 953 456 similitudinem
986 414 1197 456 Fastorum
1231 414 1397 456 habeat:

415 485 524 527 Man.
557 485 614 524 111
654 483 708 524 22
768 482 866 524 Non
893 485 1003 537 reyis
1032 482 1182 537 Mayni
1212 484 1348 537 spatio
1377 484 1534 524 maiore
1564 483 1764 526 canenda.

415 553 524 593 Fast.
551 549 725 592 V1585-
748 550 890 590 Tertia
921 564 1047 591 causa
1080 549 1183 590 mihi
1212 551 1348 604 spatio
1376 551 1534 591 maiore
1564 551 1751 593 canenda
1781 555 1849 592 est.

550 617 683 658 Minus
715 617 866 658 similes
895 624 989 658 sunt

442 685 552 727 Man.
590 684 649 724 IV
680 684 760 727 773
1065 684 1315 739 Hesperiam
1345 699 1422 726 sua
1452 685 1563 727 libra
1591 690 1695 728 tenet

414 760 453 794 et
486 753 595 794 Fast.
627 753 645 792 I
675 752 757 793 498
786 765 890 793 nave
919 756 1027 793 secat
1047 752 1207 804 fluctus
1235 752 1564 808 Hesperiamque
1591 757 1707 794 tenet.

548 821 593 859 In
624 819 685 859 his
713 819 823 871 loeis,
862 835 961 874 quos
1001 834 1099 875 prae
1140 820 1199 872 iis,
1244 835 1415 875 quorum
1456 835 1508 862 ox
1538 820 1737 877 prioribus
1765 818 1901 862 Ovidii

415 887 525 927 libris
557 887 747 927 Manilius
779 887 927 942 potitus
949 894 1020 938 est,
1052 887 1311 942 paucissimos
1333 902 1419 930 esse
1441 887 1646 938 concedes,
1670 887 1700 928 si
1733 886 1900 927 imitatio

414 953 669 1009 agnoscenda
699 961 778 1006 est,
819 961 1071 996 retractatam
1103 954 1316 996 Fastorum
1359 955 1574 996 editionem
1605 953 1770 996 Manilio
1809 960 1902 995 ante

411 1021 546 1062 oculos
568 1021 688 1061 fuisso
712 1036 790 1061 non
818 1021 1067 1073 concludam,
1099 1022 1168 1062 sed
1193 1022 1358 1063 sortasse
1386 1022 1527 1063 Festos
1552 1021 1728 1062 nondum
1758 1020 1898 1072 editos,

411 1103 511 1144 quos
555 1089 632 1128 iam
665 1088 820 1130 Romae
862 1089 1076 1144 scripserat
1107 1089 1248 1140 (Trist.
1279 1090 1317 1130 ΙΙ
1349 1090 1432 1132 549
1463 1089 1544 1146 sq.)
1577 1088 1760 1140 Ovidius,
1793 1087 1900 1128 evol-

411 1191 502 1221 dicta
536 1200 689 1221 censeam
723 1190 783 1220 illa
816 1191 922 1222 verba
959 1190 1030 1222 hie
1060 1191 1334 1233 hymenaeus
1367 1196 1479 1230 eram
1518 1201 1644 1233 nempe
1675 1192 1805 1224 Phineo
1831 1193 1900 1224 An-

411 1246 571 1278 dromeda
589 1245 726 1276 iaminm
747 1255 870 1286 sponsa
888 1246 962 1287 fuit,
989 1257 1054 1287 quo
1075 1247 1232 1278 utebatur
1250 1251 1388 1288 patruo:
1416 1252 1530 1279 manet
1553 1248 1655 1289 igitur
1679 1257 1755 1280 eam
1781 1247 1898 1290 hyme-

410 1313 532 1339 naeus3
566 1302 624 1333 sed
649 1302 763 1332 subito
789 1303 963 1334 oraculum
995 1302 1081 1333 illud
1103 1303 1427 1344 perniciosissimum
1453 1303 1565 1335 editur
1589 1307 1693 1346 atque
1719 1304 1898 1346 hymenaei

410 1360 482 1390 vioe
515 1358 613 1389 morti
648 1358 846 1399 proponitur
882 1358 1110 1389 Andromeda.
1159 1359 1278 1400 Itaque
1315 1368 1355 1389 eo
1388 1359 1522 1400 gravius
1556 1363 1606 1390 est
1637 1360 1774 1399 malum,
1809 1359 1897 1401 quod

409 1415 552 1455 innupta
583 1413 736 1453 peritura
761 1417 813 1444 est
847 1414 890 1451 (ν.
925 1415 988 1445 553
1015 1418 1049 1445 et
1085 1423 1219 1445 cruce
1251 1413 1460 1455 virginea
1492 1419 1574 1452 etc.;
1606 1416 1673 1446 5⁴9
1705 1416 1899 1456 virginis

408 1471 564 1506 funus).
612 1470 726 1509 Atque
759 1468 846 1499 illud
880 1478 1016 1510 quoque
1040 1469 1122 1499 mihi
1147 1470 1302 1500 attendas
1335 1469 1497 1509 puellam,
1527 1470 1725 1511 priusquam
1750 1470 1899 1513 scopulis

407 1525 575 1566 affigatur,
602 1525 833 1565 pulcherrima¹
857 1529 950 1557 veste
977 1526 1135 1557 exornari
1162 1525 1216 1563 (cf.
1241 1535 1272 1557 v.
1298 1525 1375 1566 557,
1400 1525 1490 1566 558),
1517 1526 1614 1566 quali
1639 1526 1790 1558 decorari
1811 1527 1898 1559 sole-

412 1582 493 1612 bant
516 1582 664 1622 virgines
683 1585 763 1612 ante
787 1581 923 1622 nuptias
948 1581 1000 1617 (of.
1026 1583 1267 1622 νυμφοστολεῖν
1291 1580 1449 1613 Strabon.
1475 1581 1522 1612 VI
1541 1583 1573 1623 8,
1597 1591 1629 1623 p.
1652 1583 1718 1616 259
1743 1583 1784 1624 e).
1809 1582 1901 1614 Hine

410 1643 523 1669 autem
551 1641 612 1678 est,
638 1638 671 1668 ni
699 1637 808 1676 fallor,
835 1637 926 1678 quod
946 1637 1163 1671 Abantiadae
1187 1637 1280 1676 (Met.
1298 1638 1344 1668 lv
1361 1638 1449 1677 679),
1476 1637 1535 1668 ubi
1555 1638 1696 1678 primum
1721 1649 1796 1670 eam
1822 1648 1900 1670 con·

410 1694 561 1734 spieatus
587 1698 646 1731 est,
680 1703 747 1723 non
781 1693 865 1732 istis,
902 1693 1024 1734 quibus
1056 1693 1200 1724 vinctam
1227 1693 1346 1732 cernit,
1382 1693 1512 1724 catenis
1537 1693 1640 1735 digna
1665 1693 1808 1735 videtur,
1839 1694 1899 1726 eed

410 1750 573 1790 quibus
616 1750 738 1781 inter
780 1759 825 1780 se
871 1749 1032 1791 cupidi
1078 1749 1326 1791 iungentur
1371 1754 1582 1781 amantes.
1641 1749 1732 1790 Quid
1767 1750 1898 1792 igitur?

409 1806 474 1836 Pro
492 1800 680 1847 hymeneeo
700 1805 838 1846 puellae
857 1805 1071 1844 innubae,
1098 1805 1130 1835 id
1158 1805 1246 1846 quod
1274 1816 1338 1837 non
1363 1805 1469 1837 semel
1494 1811 1596 1847 poeta
1620 1816 1740 1848 urgere
1765 1806 1900 1838 videtur

408 1862 508 1902 velle,
541 1871 627 1892 mors
653 1862 839 1902 parabatur
863 1861 1092 1893 atrocissima:
1127 1865 1276 1892 attamen
1310 1863 1411 1892 aliter
1435 1872 1487 1893 res
1513 1863 1630 1893 evenit
1654 1866 1758 1903 atque
1781 1873 1897 1895 omnes

411 1922 702 1958 exspectaverant.
750 1917 838 1949 Ecce
873 1918 962 1948 enim
996 1927 1114 1949 revera
1145 1918 1313 1959 praecutit
1344 1917 1462 1949 taedas
1490 1918 1722 1959 Hymenaeus,
1756 1928 1830 1950 cum
1857 1933 1899 1941 -

409 1978 536 2005 sortem
561 1983 643 2004 sane
669 1983 748 2004 vere
773 1973 938 2015 tragicam
964 1990 1002 1996 —
1032 1974 1150 2005 bellua
1174 1974 1350 2006 interfecta
1373 1974 1571 2016 catenisque
1594 1974 1742 2006 resoluta
1766 1973 1898 2016 virgine

410 2030 554 2060 Perseus
579 2039 683 2070 gener
707 2031 876 2061 salutetur
902 2041 942 2061 ac
964 2029 1131 2061 thalamos
1156 2030 1259 2061 intret
1282 2029 1326 2071 (v.
1341 2030 1430 2071 576).
1478 2030 1634 2071 Namque
1659 2033 1698 2061 ut
1721 2029 1756 2061 in
1782 2030 1900 2061 matri·

406 2086 558 2117 monium
578 2086 718 2117 daretur
738 2086 845 2128 virgo,
871 2091 1055 2127 antequam
1081 2087 1266 2128 perieulum
1291 2086 1431 2125 subiret,
1457 2087 1520 2118 sibi
1548 2091 1666 2127 pactus
1691 2090 1773 2125 erat,
1801 2086 1842 2118 cf.
1867 2097 1898 2117 v.

408 2143 484 2178 579,
509 2143 574 2173 615
591 2152 661 2183 sq.;
689 2142 753 2174 ΟΥ.
778 2142 859 2173 Met.
885 2142 932 2172 IV
959 2143 1035 2174 703.
1066 2142 1093 2174 V
1118 2143 1170 2174 ⁶28.
1220 2142 1389 2174 Postremo
1413 2142 1440 2173 si
1467 2152 1508 2174 ne
1537 2141 1680 2184 Vergilii
1705 2141 1842 2183 quidem
1867 2145 1900 2173 et

410 2198 527 2230 Ovidii
541 2197 730 2229 simillimos
748 2199 838 2230 locos
856 2198 1057 2239 neglexeris,
1075 2207 1292 2239 nequaquam
1310 2197 1536 2229 necessarium
1557 2207 1640 2238 esse,
1667 2197 1756 2240 quod
1780 2198 1898 2240 Unger

409 2255 595 2286 fabricatus
621 2258 680 2294 est,
709 2254 809 2286 facile
832 2255 1023 2295 apparebit.
1070 2255 1219 2286 Alteram
1246 2263 1360 2286 versus
1378 2255 1442 2285 546
1469 2259 1600 2294 partem
1626 2258 1659 2286 et
1683 2254 1899 2296 insequentia

410 2311 514 2342 verba
540 2310 753 2351 apertissime
771 2314 941 2351 corrupta,
968 2309 1130 2351 quoniam
1149 2310 1222 2352 ipse
1245 2309 1459 2351 probabilem
1476 2310 1644 2342 medelam
1663 2319 1730 2342 non
1749 2311 1895 2351 repperi,

406 2366 653 2398 eruditioribus
678 2365 834 2407 relinquo
866 2366 1079 2408 corrigenda.
1129 2365 1196 2398 Sed
1221 2365 1263 2396 de
1289 2365 1366 2397 libri
1395 2365 1422 2396 V
1447 2376 1479 2400 v.
1505 2367 1570 2398 579
1604 2365 1671 2397 fine
1694 2365 1798 2398 liceat
1821 2376 1898 2408 pro-

406 2421 493 2453 ferre
525 2421 764 2463 suspicionem.
820 2421 995 2453 Traditum
1035 2422 1126 2453 enim
1164 2425 1214 2453 est
1256 2424 1503 2462 pactusque
1541 2421 1769 2457 maritum:
1808 2427 1899 2454 errat

408 2477 533 2509 Weber
564 2477 633 2508 1.1.
665 2488 697 2519 p.
723 2478 799 2518 643,
833 2487 907 2509 eum
935 2477 1019 2508 dicit
1044 2477 1111 2518 „in
1144 2477 1254 2508 aliis
1288 2477 1406 2509 codd.
1437 2481 1684 2519 pactusque
1715 2477 1897 2520 hymen·

405 2535 565 2565 aeum“.
590 2533 691 2564 Hanc
716 2543 788 2565 esse
810 2538 863 2565 sat
887 2535 1063 2574 antiquam
1082 2533 1310 2565 coniecturam
1329 2533 1411 2564 mihi
1425 2534 1559 2574 scripsit
1577 2534 1729 2567 Beehert.
1759 2535 1894 2576 Duplex

405 2594 529 2631 eutem,
554 2589 590 2620 ni
610 2589 693 2631 quid
711 2599 763 2620 me
784 2589 912 2631 effugit,
930 2589 1042 2620 adhue
1057 2589 1174 2621 oblata
1191 2593 1241 2621 est
1258 2589 1507 2630 interpretatio.
1526 2589 1690 2632 Scaliger,
1717 2591 1776 2632 qui
1795 2601 1894 2622 suum

405 2645 602 2688 explicandi
618 2645 751 2677 modum
766 2645 934 2686 exemplis
949 2655 1018 2677 non
1037 2645 1280 2686 comprobavit,
1300 2645 1445 2687 figurate
1461 2651 1596 2688 poetam
1615 2657 1646 2678 m
1657 2656 1702 2678 ar
1713 2647 1774 2678 itu
1788 2658 1818 2678 m
1838 2657 1896 2688 po·

405 2702 512 2739 „uisse
529 2706 620 2734 retus
638 2706 686 2733 est
704 2712 764 2744 pro
782 2702 1002 2743 coningio.
1027 2701 1096 2732 Hie
1109 2711 1150 2733 ea
1166 2701 1306 2734 fortasse
1318 2706 1429 2734 mente
1446 2713 1518 2734 rem
1533 2702 1839 2744 comprehenderit,
1857 2707 1897 2736 ut

405 2758 450 2790 ad
475 2757 676 2790 maritum
703 2761 840 2800 putaret
861 2758 1089 2800 supplendum
1115 2767 1186 2790 esse
1209 2758 1337 2799 foedus,
1364 2769 1464 2800 quam
1490 2759 1671 2792 lectionem
1696 2760 1894 2792 invenimus

404 2814 442 2851 in
461 2815 524 2850 Ov.
550 2815 612 2859 Ep.
637 2824 678 2847 ex
703 2815 741 2848 P.
758 2815 810 2847 111
838 2817 865 2859 1,
891 2815 943 2848 73.
990 2815 1116 2848 Weber
1140 2814 1233 2858 (1.1.)
1259 2818 1293 2848 et
1317 2815 1460 2848 Iacobus
1485 2815 1532 2860 (in
1550 2815 1664 2850 indice
1680 2827 1714 2860 p.
1742 2817 1820 2858 212)
1844 2817 1894 2849 in·
