1930 3320
955 256 1162 295 —52-

322 348 490 395 faciunt,
521 358 611 385 cum
647 343 833 382 homines
864 342 915 380 ad
951 346 1059 381 recte
1093 342 1296 393 agendum
1335 343 1622 393 adhortantur,
1659 359 1782 398 quam

321 412 489 461 vulgus,
529 420 618 446 cum
666 406 719 444 ad
765 417 863 455 opes
909 409 949 443 et
995 406 1220 456 potentiam
1257 419 1476 458 rerumque
1520 412 1782 449 externarum

320 476 497 513 fructum
528 470 694 509 enititur
717 469 827 519 :jam
859 468 967 507 enim
994 469 1242 508 credendum
1272 474 1344 516 est,
1369 475 1414 509 ut
1437 476 1555 510 extra
1584 472 1781 521 animum,

320 538 376 575 ita
408 536 515 573 intra
535 533 715 572 animum
737 532 940 570 dominari
971 535 1095 580 astra,
1120 536 1334 584 totumque
1365 533 1574 573 hominem
1604 535 1782 576 hominis

320 598 488 638 arbitrio
513 596 773 635 subductum.
793 595 894 634 Boni
914 595 1039 645 igitur
1054 596 1205 634 erimus
1221 600 1292 635 aut
1313 597 1424 647 mali,
1443 597 1618 648 benigne
1638 600 1780 639 adver-

319 675 386 701 sus
403 660 590 700 homines
610 663 680 698 aut
697 659 863 697 sceleste
884 671 1067 709 agemus,
1087 663 1209 710 prout
1226 660 1490 699 destinabunt
1511 665 1642 711 astra;
1663 662 1784 702 inter-

318 725 560 776 rogantique
598 723 646 762 de
681 723 791 760 furto
822 725 893 760 aut
920 722 1045 770 caede,
1074 726 1114 760 et
1142 722 1373 774 increpanti
1398 736 1547 774 pravos
1573 737 1706 765 mores
1734 739 1781 766 ac

317 788 471 828 nefarie
498 787 619 834 facta,
643 790 841 837 tanquam
868 785 916 824 de
951 798 993 824 re
1032 785 1164 824 aliena
1197 798 1316 837 aequo
1350 787 1487 825 animo
1517 789 1778 839 respondebi-

317 865 422 899 mus,
444 850 662 901 horoscopi
693 850 733 887 id
765 861 866 888 esse.
890 850 1064 900 Jamque
1094 861 1177 887 non
1210 848 1406 887 laudandi
1434 849 1487 888 ob
1518 851 1706 898 virtutes,
1727 852 1780 891 ob

315 915 414 954 vitia
434 927 516 953 non
542 913 749 964 culpandi,
773 924 854 950 non
880 912 984 950 bene
1012 924 1087 963 pro
1114 911 1247 959 bonis,
1270 924 1400 963 neque
1426 925 1499 963 pro
1527 913 1647 952 malis
1674 914 1781 954 male

315 978 578 1024 merebimur,
600 977 774 1026 ideoque
802 988 885 1014 non
910 975 997 1026 jam
1029 975 1222 1023 hominis,
1246 975 1316 1014 sed
1346 975 1420 1014 fati
1451 980 1490 1014 et
1517 977 1632 1027 quasi
1665 981 1782 1017 extra

312 1041 524 1080 hominem
554 1041 631 1079 erit
662 1039 862 1091 sapientia
895 1052 903 1078 :
939 1042 979 1077 et
1010 1039 1067 1077 ita
1097 1039 1377 1086 decernemus,
1406 1042 1602 1091 tanquam
1638 1041 1781 1080 Catoni

313 1104 503 1143 acciderit
530 1103 691 1142 fortiter
718 1115 852 1153 agere,
876 1107 1074 1153 tanquam
1106 1102 1263 1141 Socrati
1290 1102 1480 1141 acciderit
1507 1104 1610 1142 bene
1629 1105 1779 1155 vivere,

313 1168 466 1219 optime
488 1167 606 1216 mori,
624 1178 706 1205 non
724 1166 842 1204 aliter
860 1178 983 1215 quam
1000 1165 1152 1204 rustico
1173 1165 1341 1204 uberem
1363 1171 1541 1217 segetem
1559 1167 1778 1217 demetere,

313 1230 560 1282 negotiatori
588 1230 833 1268 immensam
863 1229 1080 1280 pecuniam
1112 1241 1374 1280 comparare3
1410 1242 1482 1269 nec
1521 1230 1611 1270 illos
1652 1231 1784 1282 pluris

313 1306 437 1346 quam
458 1293 534 1332 hos
555 1292 862 1331 aestimabimus.

364 1358 464 1395 Cum
494 1360 631 1395 tamen
663 1355 908 1404 intelligeret
937 1354 1128 1393 Manilius
1158 1359 1359 1405 quantum
1388 1367 1435 1393 ea
1462 1355 1662 1403 doctrina,
1697 1369 1779 1396 non

312 1420 533 1459 stoicorum
562 1418 752 1466 inventis,
781 1417 850 1456 sed
879 1417 1087 1456 communi
1123 1417 1281 1467 generis
1310 1418 1481 1457 humani
1518 1419 1702 1470 opinioni
1730 1419 1780 1459 de

311 1483 420 1523 bono
441 1487 481 1522 et
502 1483 617 1521 malis
635 1485 898 1533 repugnaret,
920 1493 969 1520 ea
996 1480 1145 1531 adjecit
1165 1481 1218 1519 ad
1239 1481 1534 1520 restituendum
1557 1495 1675 1521 suum
1701 1483 1780 1522 vir-

311 1548 388 1587 tuti
406 1547 604 1586 honorem
631 1557 640 1585 :

495 1656 570 1691 Nec
587 1657 714 1690 tamen
733 1655 814 1690 hacc
830 1654 927 1690 ratio
947 1654 1090 1689 facinus
1110 1654 1310 1689 defendere
1330 1654 1464 1700 pergit,

492 1708 720 1742 Virtutemve
741 1706 816 1740 suis
837 1706 1009 1741 fraudare
1030 1705 1067 1740 in
1089 1705 1245 1751 praemia
1265 1705 1385 1741 donis.

494 1760 588 1794 Nam
609 1769 730 1804 neque
751 1757 961 1793 mortiferas
980 1758 1176 1803 quisquam
1198 1757 1316 1803 magis
1338 1756 1459 1792 oderit
1476 1757 1626 1802 herbas,

495 1811 602 1853 Quod
621 1821 697 1845 non
717 1809 872 1844 arbitrio
892 1809 1056 1852 veniunt,
1081 1809 1145 1844 sed
1168 1809 1310 1844 semine
1330 1812 1431 1843 certo
1455 1820 1462 1844 :

493 1862 621 1897 Gratia
641 1872 709 1896 nec
724 1861 840 1896 levior
855 1861 1039 1896 tribuetur
1059 1861 1228 1896 dulcibus
1249 1860 1357 1901 escis,

494 1913 601 1956 Quod
621 1915 755 1948 natura
775 1913 878 1948 dedit
899 1913 1038 1958 fruges,
1059 1923 1135 1948 non
1155 1913 1230 1947 ulla
1248 1912 1429 1947 voluntas.

495 1965 556 2000 Sic
574 1965 772 2000 hominum
792 1964 934 1999 meritis
953 1966 1058 1999 tanto
1079 1964 1126 1998 sit
1146 1963 1265 2009 gloria
1291 1963 1422 2008 maJ'or,

495 2018 599 2059 Quod
623 2016 713 2051 caelo
735 2016 925 2061 gaudente
945 2016 1043 2050 venit
1061 2026 1070 2050 t
1087 2025 1287 2060 rursusque
1307 2016 1484 2049 nocentes

494 2068 692 2104 Oderimus
712 2067 848 2113 magis,
869 2067 907 2102 in
927 2067 1076 2113 culpam
1096 2077 1300 2113 poenasque
1321 2069 1480 2102 creatos.

492 2121 566 2156 Nec
584 2121 713 2162 refert,
733 2120 855 2154 scelus
878 2119 978 2153 unde
999 2119 1099 2154 cadit
1121 2130 1129 2153 z
1153 2118 1272 2153 scelus
1296 2129 1373 2153 esse
1392 2117 1602 2152 fatendum.

494 2173 569 2208 Hoc
590 2183 737 2218 quoque
757 2171 872 2206 fatale
893 2174 960 2215 est,
984 2171 1036 2206 sic
1055 2170 1181 2216 ipsum
1201 2170 1414 2215 expendere
1435 2170 1551 2204 fatum
1573 2171 1600 2203 ¹.

306 2300 352 2338 In
378 2298 442 2337 his
465 2302 603 2337 autem
630 2299 777 2337 iterum
803 2297 1032 2349 profitetur,
1059 2301 1102 2335 ut
1125 2300 1274 2335 natura
1302 2297 1455 2346 fruges,
1484 2296 1541 2334 ita
1567 2296 1669 2335 caelo
1695 2297 1778 2335 vir-

305 2366 436 2401 tutem
466 2361 610 2409 tribui,
639 2374 770 2412 neque
803 2373 893 2399 eam
927 2361 1058 2411 magis
1090 2372 1163 2411 per
1191 2359 1365 2398 liberum
1396 2359 1618 2398 voluntatis
1650 2371 1776 2399 cona-

305 2429 395 2464 tum
422 2437 546 2476 quam
570 2436 720 2463 messes
749 2423 954 2474 occupari.
982 2423 1119 2462 Scelus
1146 2427 1282 2461 autem
1309 2422 1591 2461 detestandum
1622 2435 1670 2462 eo
1691 2427 1775 2462 tan-

306 2493 395 2528 tum
416 2488 581 2527 nomine
600 2488 711 2534 facit,
736 2487 846 2538 quod
872 2487 1015 2525 eadem
1039 2487 1139 2533 fata,
1162 2499 1252 2538 quae
1277 2486 1430 2525 scelera
1458 2486 1618 2525 admitti
1638 2486 1775 2526 volue-

307 2556 418 2600 runt,
446 2551 566 2590 simul
592 2554 815 2590 sanxerunt
841 2554 885 2589 ut
915 2550 1214 2600 castigarentur
1247 2549 1401 2589 scelera
1433 2553 1472 2589 et
1505 2549 1598 2589 odio
1627 2554 1773 2589 essent.

308 2616 426 2663 Quod
462 2628 545 2655 non
577 2615 800 2654 stoicorum
835 2613 1062 2665 disciplinae
1096 2614 1285 2664 congruit
1325 2625 1333 2653 :
1376 2613 1445 2652 sed
1484 2613 1614 2653 multo
1647 2614 1778 2665 magis

351 2772 380 2803 1.
401 2771 550 2808 Astron„
573 2771 627 2808 lv,
649 2771 791 2803 108-118.
