1936 3392
1498 392 1503 398 ·
1577 371 1602 411 5

97 495 284 554 pendere
321 509 372 537 ex
408 494 476 535 vel
513 493 566 535 ab
603 507 674 535 cre
710 492 917 546 alicuius,
958 493 1111 534 nostris
1150 495 1310 534 autem:
1361 492 1474 547 „etre
1511 504 1602 533 sus-

102 567 246 624 pendu
276 579 365 609 aux
393 566 528 608 levres
559 564 612 607 de
644 564 916 620 quelqu’un.“

221 685 266 728 L
297 685 382 741 ΠΙ,
413 699 452 726 v.
482 685 748 727 120-122:

252 757 447 810 Quintus
477 755 678 812 coniu9i0
705 756 870 812 yradus
901 758 963 798 est
987 769 1070 811 per
1099 755 1228 810 siyna
1258 754 1440 808 dicatu-3,

246 828 308 872 Et
335 829 471 872 socios
503 831 615 871 tenet
645 831 684 870 et
714 826 905 881 comites,
938 826 1009 869 hic
1038 827 1223 882 hospitis
1252 840 1348 868 una

247 901 459 957 Iunyitur
489 903 528 942 et
556 899 718 942 similis
749 899 1017 954 coniunyens
1048 898 1200 954 foedus
1230 898 1404 941 amicos.

223 985 294 1028 Ad
322 998 361 1026 v.
385 985 466 1026 121
500 984 605 1026 haec
631 983 803 1025 adnotat
827 982 980 1025 Jacob:
1022 982 1236 1037 „Comites
1263 982 1476 1036 (comitem
1495 982 1546 1023 V.
1563 983 1603 1035 2)

105 1057 305 1114 hospitis,
339 1069 418 1099 om.
450 1056 537 1110 hic,
572 1055 686 1111 quod
719 1068 796 1111 ego
823 1055 1077 1110 interposui,
1110 1067 1267 1096 omnes.
1312 1054 1403 1096 Alii
1427 1054 1604 1096 fortasse

105 1130 182 1172 hoc
216 1129 404 1171 malint“
473 1127 526 1170 In
567 1140 652 1183 quo
689 1127 755 1170 bis
791 1127 999 1183 peccavit,
1035 1127 1220 1182 primum
1262 1126 1376 1182 quod
1412 1126 1606 1182 neglexit

106 1201 196 1243 cod.
225 1199 437 1243 Gemblac.
468 1200 695 1242 lectionem
727 1213 752 1241 a
777 1198 990 1254 Scaligero
1022 1198 1178 1240 diserte
1209 1201 1504 1240 memoratam:
1544 1198 1606 1240 Εἰ

103 1272 240 1316 socios
272 1275 383 1315 tenet
413 1275 452 1314 et
481 1272 735 1314 comitantes
765 1270 950 1327 hospitis
981 1284 1096 1322 una;
1132 1270 1288 1312 deinde
1319 1270 1434 1326 quod
1460 1269 1604 1312 admo-

105 1344 208 1386 dum
233 1344 394 1386 insulse
419 1343 488 1386 hic
511 1343 580 1385 vel
605 1344 681 1386 hoc
705 1343 878 1384 infersit„
927 1342 1152 1384 Praeterea
1178 1342 1389 1398 Iunyitur
1409 1375 1416 1383 .
1439 1375 1446 1383 .
1469 1375 1476 1383 .
1497 1356 1599 1385 con-

103 1415 292 1472 iungens
335 1416 506 1458 tolerari
548 1415 708 1470 nequit.
776 1413 882 1467 Nos,
924 1413 1025 1456 libri
1064 1413 1383 1456 Gemblaoensis
1424 1414 1605 1470 vestigia

105 1489 257 1543 secuti,
288 1487 531 1530 scribimus:

247 1571 308 1613 Et
337 1571 471 1613 socios
503 1574 617 1612 tenet
645 1573 687 1612 et
714 1569 906 1623 comites,
939 1572 1092 1625 atque
1122 1570 1306 1626 hospitis
1337 1583 1432 1612 una

246 1642 352 1684 Dat
379 1642 501 1683 iura
531 1645 571 1683 et
599 1641 761 1683 similis
791 1641 1060 1697 coniunyens
1090 1642 1242 1696 foedus
1272 1642 1448 1684 amicos.

102 1724 303 1781 Hospitis
333 1724 438 1767 iwra
468 1725 494 1767 i.
523 1738 556 1767 e.
588 1725 764 1780 hospitii
794 1725 975 1767 vincula„

223 1795 281 1839 Cf.
312 1796 338 1838 1.
370 1796 431 1852 Π,
461 1810 499 1838 V.
528 1796 793 1839 679—680:

245 1868 363 1911 Haec
393 1869 450 1911 ad
479 1868 700 1911 amicitias
730 1868 956 1911 imitantes
986 1868 1044 1911 in
1055 1883 1115 1911 ra
1141 1870 1413 1926 yradnmque

247 1940 541 1996 Sanquinis
571 1944 700 1996 atque
730 1940 896 1983 animis
927 1941 1152 1984 haerentia
1176 1945 1352 1997 pectora
1382 1942 1560 1985 ducunt.

222 2059 266 2102 L.
292 2059 374 2115 IV,
404 2074 442 2102 v.
472 2061 728 2103 108—111.
780 2059 1012 2103 Confirmat
1041 2065 1166 2117 poeta
1196 2062 1281 2104 fato
1315 2062 1461 2104 omnia
1491 2063 1601 2119 regi:

245 2143 334 2187 Nec
366 2147 511 2187 tamen
541 2145 642 2188 haec
672 2145 784 2187 ratio
814 2145 994 2201 facinus
1024 2145 1248 2201 defendere
1273 2146 1430 2202 peryit,

256 2216 519 2259 Virtutemve
549 2217 646 2259 sais
676 2217 886 2272 fraudare
916 2217 968 2259 in
993 2218 1198 2274 praemia
1227 2218 1378 2270 donis,-

245 2288 363 2330 Nam
393 2302 530 2344 neque
561 2289 812 2345 mortiferas
844 2289 1078 2346 quisquam
1109 2291 1250 2346 mayis
1276 2291 1412 2333 oderit
1438 2291 1601 2345 herbas,

252 2359 376 2411 Quod
403 2374 494 2403 non
525 2361 708 2404 arbitrio
740 2361 941 2416 veniunt,
973 2363 1048 2405 sed
1076 2363 1240 2405 semine
1271 2367 1405 2415 certo,-

101 2431 191 2474 Etc.

220 2503 272 2545 V.
301 2504 384 2546 110
415 2504 625 2560 ‚,maqis“
653 2506 766 2548 male
796 2519 872 2562 pro
903 2506 1125 2560 ,‚minus“
1153 2508 1256 2562 poni
1282 2508 1373 2563 ipsa
1398 2508 1603 2550 orationis

101 2577 232 2618 series
251 2576 354 2618 satis
374 2576 645 2620 demonstrat.
689 2577 810 2619 Nihil
822 2581 967 2620 tamen
979 2579 1232 2621 mutandum
1246 2592 1416 2635 censeo,
1444 2580 1602 2636 quippe
1623 2580 1627 2585 '

101 2647 237 2703 ipsius
274 2649 459 2691 auctoris
497 2661 613 2691 error
648 2653 727 2704 est,
763 2663 851 2692 non
882 2651 1077 2706 scribae,·
1100 2651 1347 2694 simillimus
1378 2652 1443 2694 issi
1476 2664 1602 2707 quem

101 2719 216 2775 apud
245 2719 419 2762 Florum
451 2719 547 2776 (ΠΙ,
581 2722 633 2763 17
667 2743 713 2755 =
744 2721 806 2778 Π,
839 2723 879 2777 5)
914 2723 1198 2779 repperimus:
1242 2724 1344 2766 Nec
1373 2723 1467 2766 ideo
1498 2723 1597 2765 mi-

99 2803 201 2833 nus
224 2791 332 2835 socii
349 2792 572 2848 promissa
596 2793 740 2836 Drusi
763 2808 791 2836 a
809 2795 974 2851 populo
998 2795 1199 2838 Romano
1224 2810 1438 2852 reposcere
1463 2795 1602 2837 armis

101 2862 331 2906 desierunt.
394 2863 452 2906 Cf.
485 2877 536 2907 ea
567 2879 677 2921 quae
709 2866 762 2908 de
793 2866 1095 2922 negationibus
1127 2881 1152 2909 a
1182 2867 1460 2924 scriptoribus
1490 2866 1602 2909 Lati-

101 2934 170 2976 nis
211 2947 433 2991 perperam
474 2936 544 2979 vel
581 2937 738 2980 additis
774 2938 843 2980 vel
882 2939 1050 2981 omissis
1088 2939 1403 2994 disputavimus
1442 2939 1601 2993 (Revue

100 3005 151 3048 de
176 3005 480 3051 l'Instruction
503 3008 715 3065 publiqne
746 3024 800 3052 en
829 3010 1048 3066 Belyique,
1083 3014 1108 3052 t.
1136 3010 1352 3066 XXVIII,
1382 3025 1419 3066 p.
1444 3012 1465 3052 1
1483 3012 1599 3066 sqq.).
