1930 3320
744 281 1025 320 „45-

132 403 488 460 frequentissima
534 402 630 444 sint.
707 403 802 451 Qua
849 405 892 446 in
939 405 1309 461 praepositionum
1354 403 1638 446 collocatione

134 488 266 530 saepe
297 474 357 526 fit,
388 477 435 515 ut
465 473 731 530 praepositio
764 474 962 516 seiuncta
993 474 1049 515 sit
1079 478 1153 516 aut
1183 474 1237 516 ab
1270 473 1483 539 adiectivo
1511 487 1637 530 prae-

133 542 316 585 cedente
363 546 436 584 aut
489 542 544 584 ab
593 543 863 584 substantivo
915 543 1172 599 insequente
1223 543 1492 599 interpositis
1542 543 1638 584 aliis

133 611 356 654 vocabulis
387 616 435 654 ut

223 681 242 716 I
265 680 312 715 45
333 680 490 725 niqra-s·
513 690 651 724 super
674 680 791 714 evolat
815 679 950 715 urbes
968 679 1047 723 (ubi
1064 681 1189 714 tamen
1206 679 1341 714 rectius
1359 679 1641 724 superevolat

133 737 331 782 scribitur).
380 738 445 773 121
468 749 550 773 sua
575 741 673 773 totu-s
698 737 780 772 sub
806 738 892 773 ima
902 738 1000 782 yine
1030 737 1198 772 mundus.
1249 738 1316 772 162
1343 748 1487 782 puras
1512 737 1640 772 humor

132 796 280 831 secessit
313 796 358 830 in
393 794 551 830 undas.
599 795 668 830 275
703 795 929 840 fulyentes
967 796 1063 830 caelo
1100 805 1180 829 cum
1217 794 1342 841 suryis
1379 795 1435 829 ad
1459 796 1637 830 Arctos.

130 853 243 889 Plura
267 853 435 898 exempla
460 852 602 887 adferre
627 863 939 897 supervacaneum
963 854 1028 887 est.

245 922 470 966 Interdum
508 926 638 978 poeta
677 923 1122 979 praepositiones
1161 921 1464 978 bisyllabas
1508 920 1637 978 (nun—

131 1008 258 1050 quam
280 991 624 1048 monosyllabas)
646 997 771 1048 post
802 992 1212 1034 substantivum
1243 993 1325 1034 vel
1355 1006 1638 1048 pronomen

131 1063 393 1105 collocat:

219 1131 238 1166 I
260 1130 329 1165 236
351 1130 447 1165 hanc
471 1130 615 1165 circum.
665 1130 733 1164 305
758 1129 825 1165 has
849 1130 953 1165 inter.
1003 1130 1072 1164 433
1105 1141 1214 1175 quam
1241 1134 1404 1175 propter.
1452 1130 1520 1165 582
1544 1131 1639 1164 hunc

127 1189 239 1224 ultra.
298 1189 366 1224 586
401 1198 492 1232 quos
527 1199 646 1233 super.
706 1188 735 1222 V
775 1188 842 1222 144
880 1199 1096 1233 mensasque
1137 1198 1257 1232 super.
1318 1188 1381 1222 281
1421 1187 1505 1232 quis
1548 1187 1637 1222 sine.

127 1245 196 1281 319
219 1246 282 1281 illo
306 1255 439 1280 coram.
486 1245 556 1280 335
579 1256 692 1280 curas
717 1246 822 1280 inter.
871 1246 938 1281 525
962 1246 1084 1290 ylebas
1109 1245 1214 1281 inter.

242 1315 584 1372 Praepositio
616 1315 756 1357 inter
788 1316 1064 1357 collocata
1095 1320 1178 1358 est
1209 1316 1354 1357 inter
1384 1314 1479 1356 duo
1511 1314 1636 1356 sub-

131 1385 387 1427 stantiva
436 1385 520 1426 vel
573 1384 672 1426 duo
723 1385 1043 1440 pronomina
1102 1385 1161 1426 ab
1223 1399 1284 1426 ea
1343 1383 1638 1440 pendentia

129 1454 238 1496 locis
269 1453 358 1496 his:

220 1525 238 1559 I
272 1524 341 1559 308
380 1524 475 1559 hunc
514 1523 608 1559 inter
649 1524 871 1569 mediumque
913 1524 1042 1560 orbem.
1106 1525 1175 1560 812
1218 1524 1387 1560 Venerem
1427 1523 1524 1558 inter
1563 1523 1639 1567 agyit

128 1583 353 1627 Lunamque.
401 1582 437 1617 H
451 1582 519 1617 429
535 1583 682 1617 hiemem
706 1583 801 1618 inter
826 1586 859 1618 et
882 1586 1032 1618 aestum.
1080 1583 1149 1617 920
1174 1591 1327 1617 occasus
1349 1581 1445 1616 inter
1469 1583 1501 1615 et
1525 1584 1638 1615 ortus.

128 1641 182 1676 111
204 1640 274 1676 404
296 1641 364 1676 has
387 1640 483 1676 inter
507 1652 672 1686 quasque
697 1642 859 1687 accipiet.
907 1641 956 1676 IV
981 1641 1048 1676 745
1087 1640 1269 1676 Cancrum
1294 1641 1389 1675 inter
1414 1639 1640 1685 yelidumque

131 1698 300 1743 Capram.
638 1735 640 1737 v

243 1756 400 1799 Inter
431 1756 834 1798 substantivum
866 1757 1200 1813 praecedens
1232 1760 1281 1797 et
1313 1755 1638 1797 adiectivum

129 1838 258 1880 sequ
270 1838 362 1866 ens
412 1828 544 1880 poeta
585 1824 934 1880 praepositiones
980 1838 1111 1880 saepe
1166 1823 1418 1872 collocavit;
1465 1837 1549 1879 qua
1594 1823 1638 1864 in

133 1893 419 1935 collocatione
451 1892 567 1934 idem
600 1907 915 1949 saepenumero
948 1893 1129 1946 accidit,
1162 1892 1276 1948 quod
1309 1907 1437 1949 supra
1467 1893 1637 1934 monui-

127 1975 245 2015 mus,
285 1965 333 2003 ut
371 1962 638 2018 praepositio
681 1962 935 2018 seiungatur
977 1966 1052 2004 aut
1088 1977 1114 2004 a
1156 1961 1427 2003 substantivo
1471 1966 1545 2003 aut
1582 1961 1636 2003 ab

127 2030 343 2073 adiectivo
370 2031 466 2072 aliis
488 2031 713 2073 vocabulis
734 2031 990 2074 interiectis.
1042 2031 1260 2087 Exempla
1282 2032 1484 2087 congessi
1505 2032 1635 2074 haec:

217 2099 236 2134 I
262 2098 308 2134 43
345 2098 480 2134 oriente
515 2099 582 2134 sub
620 2099 714 2143 ipsa
777 2100 843 2134 118
879 2100 1004 2135 caelo
1041 2100 1224 2134 deseendit
1261 2111 1405 2134 carmen
1445 2100 1495 2134 ab
1534 2100 1636 2135 alto.

129 2157 195 2191 156
219 2167 424 2201 aequora
444 2167 525 2201 per
550 2156 651 2201 fudit
676 2161 749 2192 toto
773 2158 1006 2193 nascentia
1039 2162 1163 2202 ponto.
1214 2157 1291 2192 ’279
1328 2169 1414 2192 aera
1450 2169 1515 2202 per
1550 2158 1637 2204 yeli-

126 2214 221 2249 dum.
268 2214 337 2249 319
350 2216 460 2259 parte
485 2226 530 2249 ew
555 2214 645 2250 alia.
693 2215 760 2250 326
783 2226 978 2260 manesque
991 2226 1059 2260 per
1075 2215 1190 2259 ipsos.
1228 2215 1296 2250 447
1319 2216 1474 2250 mundo
1500 2227 1638 2260 semper

125 2272 326 2308 volvuntur
348 2274 395 2307 in
417 2272 510 2308 imo.
558 2273 624 2307 577
655 2275 764 2317 parte
789 2273 834 2308 ab
871 2277 1035 2318 utraque.
1086 2273 1154 2308 700
1174 2274 1346 2318 partibus
1371 2285 1388 2308 e
1413 2274 1520 2309 binis.
1569 2274 1635 2309 701

124 2330 254 2365 visus
277 2330 436 2366 incurrit
458 2331 507 2365 in
531 2331 672 2375 ipsos.
714 2331 780 2366 754
797 2341 931 2366 causa
954 2331 1136 2366 descendit
1159 2332 1213 2366 ab
1238 2332 1357 2376 ipsa.
1397 2331 1463 2367 807
1483 2342 1636 2376 corpus-

125 2398 195 2432 que
215 2398 284 2432 per
308 2398 416 2423 omne.
465 2389 534 2423 815
558 2399 645 2423 aera
665 2400 736 2433 per
760 2389 951 2434 liquidum.
998 2389 1066 2424 856
1084 2389 1186 2424 silice
1209 2389 1249 2424 in
1273 2389 1380 2424 dura.
1427 2389 1495 2424 864
1511 2389 1635 2424 imbri-

126 2445 194 2480 bus
230 2457 248 2480 e
282 2445 421 2480 mediis.
469 2446 505 2482 H
528 2445 572 2480 36
599 2445 747 2481 aethera
783 2457 850 2490 per
886 2457 1070 2481 summum.
1119 2447 1184 2481 601
1223 2447 1386 2491 leyesque
1419 2458 1485 2491 per
1516 2448 1633 2491 ipsas.

125 2502 194 2537 623
218 2506 275 2544 te,
301 2503 487 2546 Nemeaee,
520 2503 598 2538 sub
623 2514 717 2538 uno.
767 2504 831 2538 721
858 2504 976 2538 sidere
999 2504 1038 2538 in
1063 2504 1169 2538 omni.
1217 2504 1284 2538 861
1311 2503 1455 2548 finibus
1487 2505 1526 2538 in
1549 2515 1635 2548 pro-

123 2559 228 2603 priis.
276 2560 343 2595 878
359 2564 616 2605 montesque
639 2571 769 2605 super
791 2561 931 2596 rediere
954 2561 1176 2596 cade-ntes.
1224 2562 1288 2596 911
1306 2561 1455 2597 sedibus
1477 2573 1522 2596 eoe
1539 2562 1633 2597 imis.

125 2616 179 2651 ΠΙ
201 2616 244 2651 51
281 2627 415 2662 corpus
450 2618 490 2652 in
525 2629 646 2653 unum.
694 2619 738 2653 57
762 2619 925 2654 mundo
960 2623 1145 2663 reqeretur
1181 2619 1231 2654 ab
1269 2620 1377 2664 ipso.
1439 2620 1482 2654 73
1508 2620 1635 2655 ordine

125 2673 193 2708 sub
230 2678 334 2710 certo.
382 2675 449 2709 118
482 2680 650 2720 partem
686 2678 856 2712 concessit
892 2677 938 2711 in
974 2688 1111 2712 unam.
1161 2677 1226 2712 157
1258 2677 1386 2712 ordine
1420 2678 1487 2713 sub
1525 2682 1633 2713 certo.

126 2730 191 2765 221
204 2735 314 2776 parte
338 2743 383 2766 ex
407 2732 483 2767 illa.
508 2732 575 2767 223
590 2737 729 2778 tempus
752 2734 801 2769 ad
825 2735 957 2779 ips-um.
983 2735 1051 2770 245
1064 2735 1142 2769 luce
1166 2735 1233 2770 sub
1259 2735 1364 2770 omni.
1405 2735 1472 2770 299
1491 2736 1633 2780 siquis

125 2788 285 2824 ducatur
309 2789 362 2824 ab
387 2789 495 2824 illis.
542 2790 611 2825 303
635 2791 777 2826 ratione
800 2792 866 2827 sub
892 2804 976 2828 una.
1017 2793 1087 2827 442
1108 2797 1216 2838 parte
1240 2804 1285 2827 em
1308 2794 1384 2827 illa.
1421 2793 1487 2827 541
1513 2794 1634 2837 capite

128 2857 173 2882 ex
211 2857 295 2882 uno.
343 2847 410 2881 578
445 2858 611 2883 menses
647 2848 758 2883 vitam
787 2849 965 2894 producet
1006 2850 1050 2885 in
1086 2855 1195 2885 octo.
1245 2851 1312 2885 606
1338 2851 1487 2895 spatio
1513 2850 1634 2884 divisa

125 2915 143 2941 8
153 2915 179 2940 u
189 2904 210 2942 b
241 2915 265 2939 a
276 2915 293 2939 e
304 2915 325 2951 q
336 2915 400 2939 uo.
449 2903 515 2940 637
551 2907 661 2951 parte
698 2917 742 2942 ex
757 2907 947 2978 *adversa
995 2907 1063 2942 656
1090 2908 1132 2954 fr
1142 2918 1193 2944 on
1202 2908 1226 2943 d
1236 2919 1253 2944 e
1263 2919 1295 2943 m
1305 2919 1325 2954 q
1334 2919 1358 2942 u
1369 2919 1386 2942 e
1422 2907 1566 2943 virescit
1589 2908 1633 2943 in
