1930 3320
758 243 1049 283 -23-

266 367 319 410 In
349 368 598 424 genetivo
629 368 868 424 pluralis
897 367 1103 409 numeri
1144 369 1276 423 poeta
1314 379 1417 408 —am
1446 379 1522 423 pro
1555 365 1661 408 -ium

154 435 287 479 habet
316 437 361 478 in
382 436 528 479 verbis
551 436 644 479 his:
676 437 893 479 caelestum
922 436 944 478 I
966 438 1018 478 26
1037 436 1090 492 1);
1120 435 1384 476 animantum
1415 435 1481 477 IV
1505 436 1588 476 374
1601 434 1660 490 2);

153 505 354 548 tacentum
397 505 466 547 ΠΙ
507 507 583 555 47;
640 508 873 559 serpentum
916 506 956 547 V
988 506 1070 547 392
1083 504 1134 558 3);
1191 502 1404 546 volantum
1448 503 1488 546 V
1536 505 1589 545 87
1603 502 1663 559 4);

151 578 394 618 nascentum
437 574 484 616 II
518 577 614 618 726.
652 577 748 617 936.
809 575 878 616 III
925 577 989 617 79.
1049 574 1115 616 IV
1146 575 1242 617 408.
1302 574 1344 615 V
1375 575 1471 616 537.
1504 575 1587 616 649
1605 573 1661 630 ⁵);

149 646 372 696 parentum
401 643 447 685 II
478 645 574 688 947.
635 644 676 687 V
708 647 790 686 540
805 644 860 700 6);
902 643 1118 699 infantam
1153 644 1223 686 III
1264 645 1343 685 133
1361 643 1395 698 7)
1431 642 1503 700 [V1
1539 656 1662 685 cunc-

151 715 337 765 tantmn,
384 713 508 756 codd.
541 714 675 756 ceteri
717 713 987 770 intrantamJ.
1047 713 1248 770 Denique
1281 717 1403 756 extat
1433 713 1662 769 genetivus

151 781 332 824 alituum
362 782 404 824 V
435 784 516 825 370
533 782 581 831 ⁸).
1319 772 1321 775 ⁵

268 872 409 921 Quam
451 875 665 917 rationem
707 876 751 917 in
793 875 1021 918 scribendo
1067 874 1381 917 accusativo
1427 874 1662 931 pluralis

154 942 525 986 substantivorum
555 944 932 1001 parisyllaborum‚
978 943 1361 992 substantivorum,
1409 944 1455 985 in
1500 943 1659 1000 quibus

153 1017 255 1056 ante
285 1026 306 1055 s
334 1013 463 1056 finale
486 1013 711 1070 praecedit
743 1028 946 1068 consona,
978 1013 1302 1066 adiectivorum‚
1334 1013 1663 1070 participiorum

154 1088 344 1127 sectatus
385 1085 440 1127 sit
470 1089 624 1142 poeta,
670 1084 789 1127 nullo
821 1083 947 1126 modo
989 1083 1177 1126 discerni
1219 1087 1389 1140 potest;
1439 1083 1483 1124 in
1513 1082 1663 1125 Iacobi

153 1153 346 1196 editione
377 1154 618 1196 accusativi
648 1153 776 1196 modo
807 1154 852 1195 in
883 1166 942 1195 -es
972 1151 1099 1195 modo
1131 1152 1176 1194 in
1206 1151 1266 1193 -is
1296 1155 1478 1204 exeunt,
1518 1166 1660 1208 neque

151 1226 299 1266 tamen
340 1237 397 1266 ex
433 1228 645 1281 apparatu
683 1224 832 1266 critico
875 1223 1016 1265 textui
1055 1221 1301 1278 subscripto
1343 1222 1462 1264 cerni
1502 1225 1663 1279 potest,

154 1307 267 1349 quae
300 1293 497 1336 codicum
529 1308 626 1335 cum
658 1298 905 1336 ceterorum
935 1297 1026 1334 tum
1060 1291 1221 1334 codicis
1253 1291 1293 1333 G
1322 1291 1454 1334 lectio
1487 1291 1555 1333 sit.

271 1383 307 1427 O
355 1386 598 1428 vocalem
651 1385 871 1428 finalem
924 1385 1399 1427 substantivorum
1458 1384 1664 1426 tertiae

154 1467 266 1511 quae
299 1454 457 1497 dicitur
486 1455 878 1498 declinationis
900 1455 1106 1496 Manilius
1137 1453 1264 1496 modo
1289 1454 1502 1510 producit,
1534 1452 1663 1495 modo

155 1523 356 1581 corripit:
389 1528 639 1567 constanter
669 1524 922 1582 producitur
943 1538 965 1566 ο
991 1524 1069 1566 sub
1101 1524 1203 1578 ictu,
1233 1528 1281 1565 ut
1301 1527 1490 1566 metrum
1513 1527 1664 1580 postu-

154 1593 235 1646 lat,
274 1593 319 1635 in
348 1594 549 1645 condicio,
579 1594 709 1644 ratio,
740 1594 871 1648 reqio,
901 1593 1064 1644 seditio,
1095 1593 1232 1635 statio.
1301 1593 1353 1634 In
1393 1593 1525 1646 caligo
1562 1607 1663 1635 con-

154 1665 321 1704 stanter
341 1675 364 1704 o
393 1662 650 1719 producitur
682 1667 726 1705 et
756 1663 801 1704 in
831 1663 946 1705 thesi
973 1662 1057 1718 (IV
1075 1662 1177 1718 309)
1210 1666 1254 1704 et
1285 1662 1330 1704 in
1362 1663 1450 1704 arsi
1482 1662 1523 1718 (I
1548 1661 1665 1719 127),

153 1731 198 1773 in
232 1729 439 1786 Oarthayo
484 1732 740 1788 producitur
781 1733 827 1774 in
862 1732 976 1775 thesi
1015 1732 1080 1774 IV
1111 1733 1215 1781 658;
1267 1731 1368 1775 Cato
1405 1736 1606 1789 correpta
1645 1745 1667 1773 ο

154 1801 295 1843 vocali
315 1801 503 1858 legimus
526 1802 548 1843 I
573 1803 667 1856 797,
691 1802 735 1843 in
761 1802 898 1856 Geryo
919 1801 1174 1858 producitur
1200 1814 1222 1842 o
1250 1801 1294 1843 in
1327 1801 1443 1843 thesi
1460 1801 1501 1844 V
1518 1803 1599 1843 577
1614 1800 1664 1857 ⁹).

155 1870 208 1912 In
237 1870 298 1912 leo
329 1871 558 1928 corripitur
587 1885 609 1913 o
639 1871 662 1913 I
693 1873 789 1913 266.
837 1871 884 1912 II
915 1873 996 1913 246
1037 1871 1149 1924 (elis.
1190 1871 1235 1913 in
1273 1871 1415 1926 brev.)
1454 1873 1551 1915 497.
1584 1872 1666 1912 523

157 1937 270 1995 (elis.
292 1940 338 1982 in
357 1940 496 1996 brev.)
538 1943 635 1984 531.
668 1942 771 1982 666.
820 1941 886 1982 IV
908 1942 1003 1985 330.
1023 1942 1127 1991 382;
1158 1941 1223 1983 IV
1246 1942 1328 1983 536
1360 1954 1382 1983 o
1415 1940 1592 1983 eliditur
1621 1941 1666 1982 in

157 2008 358 2064 longam3
407 2009 454 2050 II
500 2011 582 2052 229
634 2013 752 2052 recte
799 2009 992 2052 Bechert
1048 2024 1145 2052 cum
1196 2010 1400 2052 Bentleio
1458 2014 1558 2067 post
1608 2010 1668 2051 leo

155 2077 375 2121 interiecit
404 2081 466 2129 et,
496 2082 544 2120 ut
564 2091 586 2120 o
606 2079 769 2121 vocalis
800 2078 844 2120 in
875 2079 1050 2134 longam
1073 2078 1322 2121 elideretur.
1382 2079 1536 2135 Itaque
1569 2093 1666 2122 cum

157 2170 180 2200 ο
210 2161 461 2202 constanter
489 2159 534 2200 in
564 2159 624 2201 leo
646 2159 903 2216 corripiatur
933 2163 1008 2202 aut
1038 2160 1179 2202 vocali
1205 2160 1408 2216 sequenti
1427 2160 1666 2213 hauriatur,

155 2316 362 2362 conquisivi
385 2317 492 2353 haec:
517 2317 664 2353 cadente
687 2317 704 2352 Ι
728 2317 813 2359 2413
839 2317 996 2353 distante
1018 2317 1052 2351 V
1076 2317 1162 2359 3383
1186 2317 1338 2353 ducente
1361 2318 1378 2353 I
1404 2318 1493 2360 7083
1518 2318 1668 2363 fallente

153 2374 173 2410 I
195 2375 282 2417 240;
315 2375 479 2421 fuyiente
506 2376 524 2410 I
549 2376 614 2411 161
622 2389 630 2417 ;
666 2375 831 2421 fulqente
867 2376 884 2410 I
908 2376 976 2410 826
1003 2375 1072 2419 (ita
1095 2375 1196 2414 V1V2
1225 2375 1290 2420 M).
1325 2376 1358 2411 V
1388 2377 1450 2418 59;
1487 2377 1668 2423 gaudente

154 2431 191 2467 H
221 2432 298 2469 142.
337 2432 390 2468 IV
415 2433 498 2475 115;
518 2433 678 2469 .iubente
708 2433 744 2468 II
774 2434 858 2475 562;
894 2437 1119 2469 monstrante
1149 2433 1185 2468 II
1214 2433 1300 2475 2233
1336 2438 1493 2469 movente
1524 2435 1558 2469 V
1582 2435 1665 2477 2093

155 2490 293 2526 oriente
315 2490 423 2533 V40;
447 2490 620 2526 redeunte
643 2491 760 2527 11852
768 2505 779 2532 ;
803 2493 993 2527 revocante
1017 2491 1052 2526 II
1080 2491 1164 2533 1013
1189 2493 1372 2536 spectante
1396 2492 1448 2526 IV
1461 2491 1521 2534 6ος
1547 2496 1668 2528 stante

156 2547 190 2582 V
213 2547 296 2589 622;
327 2547 502 2584 subdente
531 2548 559 2583 V
583 2548 669 2591 2093
701 2553 869 2594 surgente
893 2549 910 2584 Ι
933 2549 1011 2584 241.
1049 2549 1082 2584 V
1106 2549 1185 2584 325.
1209 2549 1293 2590 36&
1330 2550 1494 2586 trahente
1518 2550 1551 2585 V
1575 2551 1628 2586 59.
1655 2560 1668 2606 Η

158 2606 185 2649 ¹)
211 2604 315 2640 Lucr.
339 2605 391 2640 VI
417 2606 523 2647 12743
548 2605 684 2641 Catull.
708 2607 765 2649 64,
791 2606 868 2642 191.
892 2606 977 2647 204;
1003 2606 1113 2652 Verg.
1138 2617 1218 2642 aen.
1243 2606 1314 2641 VII
1337 2607 1416 2642 432.
1446 2609 1460 2652 11
1490 2608 1518 2652 2)
1544 2608 1666 2643 Neue

156 2662 180 2697 l.
205 2662 229 2697 l.
253 2675 288 2708 p.
313 2663 390 2699 267.
431 2665 446 2708 Η
487 2664 514 2708 ³)
539 2664 666 2699 Neue
689 2664 713 2700 1.
730 2664 762 2699 ’1.
787 2677 823 2710 p.
848 2665 916 2700 267
934 2676 987 2710 sq.
1027 2666 1041 2710 ΙΙ
1082 2666 1109 2709 4)
1135 2664 1240 2701 Lucr.
1266 2665 1302 2700 Π
1320 2664 1424 2707 1083;
1449 2665 1558 2711 Verg.
1584 2677 1665 2701 aen.

155 2719 208 2755 VI
233 2720 310 2756 728.
365 2722 379 2765 ΙΙ
436 2722 463 2765 ⁶)
493 2721 604 2768 Verg.
642 2733 766 2768 georg.
795 2723 849 2757 III
874 2723 952 2759 390.
1009 2725 1023 2767 Η
1081 2724 1108 2768 ⁶)
1140 2724 1266 2758 Neue
1297 2724 1321 2759 1.
1352 2725 1376 2759 1.
1410 2737 1445 2769 p.
1476 2724 1544 2758 265
1569 2735 1620 2767 sq.
1651 2723 1664 2769 Η
1698 2721 1707 2729 ’
1734 2759 1736 2762 ,

158 2778 189 2822 ⁷)
212 2777 337 2812 Neue
373 2777 397 2813 1.
423 2778 444 2812 l.
470 2790 505 2823 p.
531 2778 608 2814 267.
651 2781 665 2824 11
708 2781 735 2823 ⁸)
761 2779 866 2815 Lucr.
892 2780 926 2815 II
951 2781 1031 2817 928.
1067 2781 1101 2816 V
1117 2781 1194 2816 801.
1221 2782 1321 2816 1039.
1348 2781 1447 2815 1078.
1486 2780 1537 2815 VI
1560 2780 1666 2821 1216;

156 2835 266 2882 Verg.
303 2847 384 2871 aen.
410 2836 508 2879 VIII,
533 2837 588 2872 27.
637 2837 883 2874 Buecheler
918 2839 942 2875 1.
974 2840 998 2874 l.
1036 2852 1071 2885 p.
1100 2839 1163 2881 423
1201 2840 1327 2874 Neue
1360 2839 1383 2873 1.
1415 2839 1438 2873 l.
1470 2850 1504 2883 p.
1539 2838 1618 2873 283.
1654 2837 1667 2884 ΙΙ

158 2894 187 2937 ¹’)
212 2894 247 2928 II
282 2894 349 2929 623
385 2895 423 2929 et
447 2894 497 2929 IV
513 2895 581 2929 407
599 2895 831 2931 scribendum
856 2897 913 2931 vel
938 2898 1070 2933 saltem
1095 2897 1412 2943 pronuntiandum
1439 2898 1494 2930 est
1517 2896 1666 2932 homost.
