1930 3320
933 250 1181 290 ..θ-1,

314 372 391 416 viri
425 371 536 415 docti
575 373 768 415 nonnulli
803 372 1018 426 videntur,
1062 374 1179 415 velut
1210 372 1466 430 Teuffel1)
1509 372 1662 416 iniuria
1692 371 1794 416 dicit

315 443 534 483 Manilium
566 443 903 496 graecissantem
943 443 1002 482 ita
1039 442 1244 483 infinitivo
1285 449 1328 484 et
1365 443 1532 484 casibus
1571 443 1654 494 uti,
1695 447 1741 483 ut
1769 456 1795 483 a

316 509 511 550 sollemni
550 514 771 563 poetarum
819 523 899 549 usu
945 509 1192 557 abhorreat;
1248 510 1373 550 immo
1418 510 1643 565 perpaucis
1687 510 1793 550 locis

317 577 577 618 Graecorum
626 590 866 617 sermonem
917 581 1044 631 poeta
1097 577 1299 617 imitatur.
1384 577 1507 624 Quod
1554 581 1695 618 autem
1741 577 1795 618 ad

316 658 490 685 casuum
527 649 654 699 atque
703 644 898 684 infinitivi
943 658 1065 684 usum
1111 645 1286 696 attinet,
1332 658 1384 685 ne
1425 645 1486 685 eis
1527 643 1697 699 quidem
1736 645 1796 685 ita

313 713 465 763 utitur,
509 716 555 752 ut
601 726 696 752 cum
738 712 1002 765 reliquorum
1057 716 1277 766 poetarum
1325 726 1519 752 sermone
1566 711 1794 766 discrepet.

315 780 512 834 Denique
559 781 979 821 commemoraverim
1027 780 1192 820 Manilii
1238 781 1522 822 elocutionem
1575 780 1688 821 haud
1735 781 1796 820 ita

317 862 446 904 saepe
486 853 743 889 vetustatem
791 862 954 903 sapere.
1031 849 1090 888 At
1133 849 1450 890 concedendum
1496 853 1562 889 est
1598 848 1662 888 uti
1699 861 1795 888 eum

316 915 532 957 liberrime
563 916 951 971 praepositionibus
977 916 1097 956 velut
1126 915 1191 965 ad,
1216 929 1303 967 per,
1333 916 1407 956 sub
1439 920 1481 956 et
1503 915 1640 956 modis
1659 915 1793 966 verbi,

316 983 545 1024 indicativo
579 989 621 1024 et
656 984 937 1025 coniunctivo.

428 1051 700 1092 Perfeceram
751 1052 862 1092 hunc
901 1052 1093 1093 libellum
1136 1052 1219 1092 iam
1265 1051 1420 1092 abhinc
1464 1055 1661 1105 quattuor
1706 1050 1795 1091 fere

317 1133 470 1169 annos,
512 1133 651 1173 neque
683 1125 826 1160 tamen
858 1118 1012 1160 edendi
1042 1119 1220 1160 facultas
1251 1119 1354 1158 mihi
1386 1123 1476 1159 erat
1505 1117 1624 1158 data:
1669 1131 1795 1166 nunc,

318 1201 412 1228 cum
443 1187 533 1227 veri
576 1187 713 1227 simile
754 1187 857 1227 mihi
895 1187 1089 1227 videatur
1118 1187 1377 1227 Bechertum
1417 1185 1469 1226 de
1500 1184 1666 1225 Manilii
1702 1199 1792 1226 ser-

319 1269 443 1296 mone
497 1268 593 1295 esse
642 1255 924 1309 scripturum⁷
981 1253 1103 1295 valde
1147 1254 1362 1304 dubitavi,
1417 1252 1611 1293 libellum
1655 1265 1796 1293 meum

318 1323 479 1378 publici
494 1322 602 1363 iuris
626 1322 812 1362 facerem
834 1336 994 1369 necne;
1026 1321 1204 1362 verebar
1225 1322 1349 1371 enim,
1380 1334 1433 1361 ne
1459 1320 1595 1360 maius
1613 1319 1798 1360 officium

320 1391 423 1431 mihi
454 1390 656 1431 tribuisse
680 1389 848 1430 viderer
874 1403 1000 1444 quam
1032 1389 1099 1430 cui
1121 1389 1394 1430 suffecturum
1414 1402 1482 1428 me
1510 1386 1796 1435 confidebam

321 1459 506 1510 tandem,
539 1473 592 1499 ne
624 1459 667 1498 in
699 1472 863 1499 cassum
898 1458 1031 1498 omnis
1052 1457 1257 1498 cecidisse
1277 1456 1492 1497 videretur
1508 1455 1641 1506 labor,
1671 1455 1796 1496 libel-

320 1527 407 1567 lum
447 1540 588 1567 meum
635 1525 763 1567 edere
809 1525 1035 1576 constitui,
1083 1538 1258 1579 sperans
1299 1523 1389 1564 fore
1434 1526 1481 1563 ut
1527 1522 1571 1562 in
1611 1523 1796 1563 carmine

323 1598 476 1649 poetae
517 1593 630 1634 haud
672 1593 773 1633 mali
812 1607 897 1633 non
934 1593 1088 1633 frustra
1127 1605 1299 1647 operam
1331 1596 1373 1632 et
1403 1595 1570 1644 tempus
1601 1603 1796 1630 consum-

320 1662 457 1716 psisse
488 1661 668 1702 viderer.
733 1660 916 1701 Multum
947 1664 1106 1711 autem,
1139 1673 1231 1700 cum
1264 1658 1402 1700 denuo
1431 1658 1623 1698 libellum
1653 1671 1796 1698 meum

321 1743 645 1784 percenserem‚
692 1729 894 1769 Becherti
945 1727 1266 1768 observationes
1309 1726 1412 1766 mihi
1460 1724 1670 1780 profuisse
1718 1724 1797 1765 hoc

323 1798 416 1837 loco
449 1797 632 1837 libenter
660 1796 874 1852 profiteor.
934 1795 1054 1836 Idem
1075 1795 1140 1835 vir
1163 1795 1312 1835 doctus
1343 1793 1499 1846 insigni
1528 1791 1798 1844 liberalitate,

319 1921 396 1954 232.
425 1921 502 1954 464.
532 1920 608 1954 505.
646 1919 678 1951 V
690 1919 765 1954 450.
795 1920 872 1953 491.
910 1918 1091 1963 Sayittari
1114 1917 1130 1950 Ι
1152 1917 1227 1950 691.
1265 1916 1298 1949 ΙΙ
1322 1916 1399 1949 211.
1428 1914 1505 1948 280.
1528 1915 1604 1949 560.
1631 1915 1696 1948 569
1725 1917 1799 1957 (sa-

319 1976 444 2020 yittari
481 1976 511 2010 G
542 1978 578 2009 et
610 1975 636 2009 L
675 1976 710 2019 [a
745 1987 856 2009 manu
891 1975 1041 2019 p1·ima],
1077 1972 1273 2017 sayittiferz'
1308 1971 1447 2006 codices
1484 1970 1620 2014 ceteri).
1647 1979 1652 1983 ’
1681 1971 1798 2016 neyoti

320 2034 371 2068 ΙΙΙ
396 2035 457 2073 92;
486 2035 674 2077 praeterea
706 2032 860 2077 legimus
887 2031 1020 2066 Claudi
1043 2032 1057 2064 I
1082 2031 1148 2065 795
1176 2030 1302 2074 (codex
1326 2030 1356 2063 G
1384 2028 1564 2072 Claudii),
1599 2028 1696 2072 quod
1726 2039 1799 2063 non

321 2090 360 2124 in
376 2089 531 2124 Claudia
554 2089 770 2123 mutandum
795 2090 858 2130 est,
884 2100 965 2123 cum
989 2088 1027 2121 in
1052 2086 1298 2131 componendo
1321 2096 1443 2120 versus
1468 2084 1568 2119 exitu
1591 2088 1625 2119 et
1648 2084 1802 2119 Claudi

325 2158 455 2189 magma
478 2156 592 2190 prop
603 2157 681 2192 (190
705 2145 847 2179 Manilii
877 2145 999 2179 animo
1030 2144 1106 2178 sine
1134 2143 1243 2178 dubio
1275 2143 1483 2177 obversatus
1513 2141 1561 2175 sit
1583 2152 1705 2175 versus
1729 2141 1799 2174 Lu-

322 2202 502 2236 cretianus
528 2202 544 2235 Ι
568 2202 612 2235 42
636 2212 697 2235 nec
723 2201 888 2234 Memmi
912 2202 1013 2234 clara
1034 2211 1058 2243 p
1069 2210 1116 2233 ro
1123 2210 1247 2244 payo,
1273 2200 1309 2232 et
1323 2198 1398 2232 Iuli
1415 2197 1446 2231 V
1463 2197 1539 2239 512,
1567 2196 1663 2240 quod
1687 2197 1796 2230 Bent-

320 2259 412 2292 leius
432 2259 510 2293 iure
528 2259 567 2292 in
584 2259 692 2292 iubar
706 2257 860 2292 correxit
867 2271 874 2298 ;
898 2269 1010 2290 unum
1032 2257 1150 2290 exstat
1166 2254 1443 2289 dodecaeemorii
1459 2252 1549 2296 (cod.
1563 2252 1672 2295 G-iz's)
1687 2253 1722 2286 II
1734 2253 1800 2286 740

321 2316 536 2350 vocabulum
550 2316 735 2349 Graecum.
775 2315 905 2358 Itaque
926 2326 1006 2348 011111
1023 2313 1142 2347 desint
1158 2310 1319 2356 genetivi
1343 2309 1399 2343 illi
1423 2309 1462 2343 in
1478 2309 1522 2342 -z'i
1536 2310 1717 2350 exeuntes,
1735 2308 1798 2352 qui

321 2374 403 2417 post
426 2371 584 2416 Augusti
607 2373 772 2415 tempora
795 2371 1077 2410 increbrescunt,
1111 2367 1296 2402 Bentleius
1327 2368 1446 2401 totum
1471 2377 1614 2400 carmen
1638 2365 1795 2410 Augusti

322 2427 436 2463 aetati
460 2427 633 2461 vindicat.
692 2427 741 2460 At
771 2428 893 2460 tamen
924 2427 960 2459 et
991 2426 1076 2459 ante
1101 2423 1256 2468 Augusti
1293 2424 1456 2466 tempora
1490 2423 1527 2456 et
1558 2423 1641 2466 post
1670 2423 1800 2466 poetae

322 2485 471 2530 quidam
495 2483 747 2528 genetivorum
771 2483 902 2517 formas
926 2482 965 2516 in
991 2482 1034 2515 -ii
1059 2483 1229 2516 exeuntes
1254 2482 1318 2514 aut
1341 2479 1487 2514 omnino
1502 2478 1712 2513 vitaverunt
1735 2479 1800 2512 aut

322 2554 402 2576 raro
427 2541 680 2575 adhibuerunt.
729 2539 949 2573 Vitaverunt
981 2550 1009 2572 e.
1035 2551 1069 2583 g.
1095 2540 1131 2572 et
1156 2537 1297 2572 Persius
1322 2538 1359 2571 et
1382 2535 1577 2577 Martialis,
1607 2535 1678 2570 nisi
1703 2535 1799 2579 quod

324 2599 383 2633 hic
415 2597 524 2632 semel
556 2597 651 2642 cybii
681 2596 850 2641 genetivo
882 2595 1049 2630 vocabuli
1074 2594 1199 2629 Graeci
1231 2593 1364 2634 utitur;
1395 2593 1438 2627 cf.
1462 2592 1596 2633 Neue,
1627 2591 1798 2637 Eormen·

325 2657 417 2690 lehre
447 2655 509 2689 der
541 2655 601 2689 lat.
637 2653 794 2697 δρψ-(10110
825 2654 865 2686 1²
894 2665 928 2696 p.
959 2653 1019 2694 92,
1057 2652 1307 2686 Lachmann
1343 2650 1381 2684 in
1418 2649 1520 2684 Lucr.
1553 2661 1587 2693 p.
1619 2648 1686 2683 325
1710 2659 1799 2692 sqq„

324 2713 473 2756 Haupt
497 2722 616 2755 opusc.
642 2710 693 2744 III
719 2722 753 2754 p.
779 2710 855 2743 584.

417 2770 442 2811 ¹)
467 2767 551 2802 hist.
576 2767 688 2801 litter.
712 2766 814 2800 Rom.
843 2767 855 2786 ³
880 2777 914 2809 p.
939 2766 1015 2799 541.
1063 2764 1148 2798 Sine
1172 2763 1281 2798 dubio
1307 2763 1438 2797 rectius
1463 2762 1507 2796 (10
1526 2761 1678 2795 Manilio
1702 2761 1796 2796 iudi-

325 2825 421 2861 cavit
446 2826 486 2858 (j.
513 2823 719 2866 Bernhardy
744 2822 828 2855 hist.
853 2821 965 2855 litter.
992 2822 1094 2854 Rom.
1124 2824 1136 2841 Γ)
1162 2833 1194 2864 p.
1220 2821 1296 2853 555.
