1936 3392
797 289 848 329 21

107 441 329 494 paterque,
363 436 436 491 qui
469 435 577 490 regis
609 434 799 489 augustis
828 438 1043 490 parentem
1066 432 1229 489 legibus
1252 432 1414 484 orbem,
1451 448 1547 475 con-

106 529 346 570 cessumque
377 514 487 571 patri
519 513 720 556 mundum
755 513 856 555 deus
889 514 976 569 ipse
1005 513 1192 563 mereris,
1219 512 1290 554 das
1315 512 1545 555 animum.”

105 594 178 637 Vs.
213 595 326 636 384:
361 592 486 644 „Uno
518 593 743 635 vincuntur
769 593 856 647 (qui
879 596 1036 648 partem
1061 591 1281 633 australem
1305 590 1414 634 orbis
1437 592 1548 634 inco-

103 673 212 730 lunt)
262 673 308 716 in
356 677 466 716 astro
499 673 715 728 Augusto,
750 671 865 714 sidus
897 676 1037 714 nostro
1071 671 1182 726 quod
1215 671 1395 726 contigit
1428 671 1545 722 orbi,

105 752 253 799 (366661-
284 767 393 795 nunc
424 752 568 803 terris,
603 755 696 808 post
730 751 840 793 caelo
876 752 1076 794 maximus
1099 749 1284 793 auctor.'’
1356 750 1544 793 Dilucide

102 833 338 889 Augustum
387 831 543 874 indicat
592 830 637 882 Ι,
691 833 803 883 922,
854 830 926 872 ubi
966 831 1016 872 de
1049 830 1170 872 bellis
1204 829 1395 872 civilibus
1433 830 1546 872 locu-

101 916 170 955 tus
201 915 365 969 perorat
396 911 448 954 ad
479 911 680 968 templum
716 910 808 952 Iani
841 910 1033 952 clausum.
1059 913 1273 966 spectans:
1311 909 1422 960 „Sed
1445 910 1544 951 satis

102 993 180 1036 hoe
227 991 321 1034 fatis
369 991 516 1043 fuerit,
566 991 647 1032 iam
696 989 805 1032 bella
857 990 1096 1045 quiescant,
1131 993 1255 1044 atque
1289 989 1544 1031 adamanteis

103 1071 307 1115 discordia
352 1071 490 1118 vineta
538 1070 693 1112 catenis
733 1074 918 1111 aeternos
953 1068 1102 1111 habeat
1134 1069 1270 1110 frenos
1302 1068 1347 1110 in
1379 1083 1538 1111 carcere

100 1149 254 1194 clausa.
317 1149 382 1192 Sit
429 1154 545 1206 pater
592 1149 774 1192 invictus
822 1149 1004 1205 patriae3
1055 1149 1110 1190 sit
1158 1148 1288 1191 Roma
1333 1147 1409 1190 sub
1443 1148 1540 1200 illo,

99 1244 276 1285 cumque
309 1229 432 1272 deum
454 1228 566 1271 caelo
591 1228 775 1279 dederit,
799 1243 881 1270 non
905 1231 1078 1284 quaerat
1099 1228 1143 1270 in
1167 1227 1309 1270 orbe.”
1343 1227 1406 1270 IV
1424 1229 1540 1270 943:

101 1308 220 1362 „Iam
262 1309 361 1352 facit
393 1309 481 1365 ipse
517 1308 670 1363 (homo)
705 1307 826 1359 (1666,
860 1307 1075 1363 mittitque
1110 1308 1161 1349 ad
1195 1308 1328 1350 sidera
1360 1323 1539 1360 numen,

100 1389 233 1432 maius
282 1391 324 1431 et
357 1389 552 1444 Augusto
586 1393 739 1430 crescet
772 1386 848 1429 sub
883 1387 1066 1443 principe
1099 1387 1299 1429 caelum.''
1365 1390 1540 1430 Ancura-

100 1469 185 1510 tius
216 1472 379 1522 tempus
411 1466 597 1510 indicant
631 1466 678 1517 I,
716 1467 803 1507 888
837 1481 978 1521 seqq.:
1014 1469 1093 1518 „ut
1114 1466 1276 1508 foedere
1299 1471 1422 1523 rupto
1445 1482 1539 1508 cum

100 1547 183 1590 fera
231 1547 443 1589 ductorem
490 1546 628 1602 rapuit
677 1544 898 1588 Germania
947 1545 1103 1587 Varum
1152 1546 1378 1601 infecitque
1410 1548 1535 1588 trium

97 1625 309 1682 legionum
357 1626 559 1681 sanguine
609 1623 816 1682 campos.''
883 1624 1103 1682 Conspirat
1136 1625 1203 1667 hic
1235 1625 1349 1667 locus
1383 1627 1537 1682 optime

99 1720 190 1747 cum
239 1705 347 1748 illis:
397 1707 614 1760 Augustus
653 1704 768 1747 illius
802 1703 930 1746 cladis
963 1709 1145 1760 tempore
1179 1705 1259 1747 iam
1294 1721 1418 1748 senex
1452 1711 1540 1748 erat

96 1786 362 1841 septuaginta
410 1785 585 1827 duorum
635 1799 861 1836 annorum3
911 1784 1054 1840 itaque
1092 1785 1255 1841 saepius
1289 1789 1454 1842 poetam
1487 1786 1537 1827 ad

99 1864 187 1906 eius
237 1867 408 1906 mortem
458 1878 676 1918 veramque
726 1864 1074 1906 consecrationem
1107 1868 1291 1921 spectare
1307 1898 1319 1916 ,
1354 1880 1439 1908 non
1477 1870 1538 1908 est

99 1943 210 1998 quod
243 1943 416 1986 mireris.
482 1943 619 1985 Possit
652 1958 748 1985 sane
782 1942 890 1985 obici
922 1942 1162 1986 huiusmodi
1185 1943 1307 1986 verba
1331 1944 1428 1986 mali
1451 1961 1536 1987 esse

96 2023 244 2067 ominis
277 2024 547 2078 „Augustum
570 2027 663 2080 post
685 2027 858 2066 mortem
884 2024 1018 2079 (cuius
1041 2024 1209 2079 quidem
1232 2025 1387 2066 mentio
1410 2025 1533 2066 etiam

94 2101 171 2144 sub
203 2102 279 2144 hac
312 2102 635 2145 immortalitatis
667 2103 968 2159 pollicitatione
1001 2104 1172 2146 minime
1195 2108 1313 2160 grata
1335 2104 1371 2146 ei
1394 2105 1534 2147 futura

95 2181 197 2235 erat)
245 2181 287 2222 in
321 2180 490 2223 deorum
526 2196 744 2224 numerum
778 2182 1032 2239 adscriptum
1065 2181 1147 2225 iri”
1175 2184 1227 2239 ¹),
1263 2187 1401 2226 noster
1432 2185 1533 2226 haec

94 2274 176 2302 non
209 2264 349 2312 curat,
384 2276 518 2316 neque
552 2261 753 2305 Ovidius:
791 2263 961 2318 „optavi
994 2267 1153 2318 peteres
1177 2263 1370 2312 caelestia
1397 2264 1532 2306 sidera

94 2338 255 2382 tarde.”
279 2339 312 2395 ²)

155 2417 378 2461 Manilium
401 2435 563 2462 carmen
587 2435 710 2463 suum
732 2422 928 2477 Augusto
946 2426 1108 2464 mortuo
1130 2422 1312 2464 nondum
1339 2422 1390 2465 ad
1407 2423 1530 2465 finem

92 2497 256 2540 duxisse
304 2499 488 2541 conicere
537 2499 635 2542 licet
684 2516 734 2542 ex
771 2500 854 2542 illis
886 2500 1094 2552 versibus,
1136 2501 1287 2556 quibus
1320 2504 1528 2558 prooemio

89 2577 211 2619 finem
242 2578 440 2634 imposuit
473 2578 533 2635 (Ι,
575 2581 700 2635 114);
770 2580 953 2632 „Faveat
985 2596 1135 2637 magno
1167 2581 1353 2623 Fortuna
1375 2581 1526 2633 labori,

90 2671 242 2699 annosa.
290 2660 331 2699 et
377 2657 494 2700 molli
539 2660 754 2715 contingat
787 2660 871 2702 vita
903 2665 1090 2712 senecta,
1126 2664 1174 2702 ut
1205 2661 1356 2717 possim
1390 2676 1525 2703 rerum

138 2842 162 2881 Ι)
209 2845 305 2876 Orell.
330 2847 370 2877 ad
395 2847 509 2878 Horat.
534 2849 636 2879 Carni.
662 2851 727 2885 ΙΙΙ,
754 2852 791 2886 3,
819 2852 869 2882 12.
919 2852 1093 2883 Praeterea
1118 2853 1359 2891 Peerlkampius
1382 2853 1523 2883 animad-

87 2906 190 2936 vertit
225 2907 345 2938 habere
370 2908 457 2939 illam
482 2910 658 2941 dictionem
685 2912 798 2950 (bibit)
824 2922 914 2943 omen
943 2913 1119 2943 infaustum
1146 2914 1186 2944 cf.
1211 2915 1279 2944 not.
1305 2923 1377 2952 pag.
1403 2914 1463 2944 2‘2.
1495 2914 1521 2943 l.

130 2964 156 3004 ²)
203 2967 301 2998 Trist.
325 2969 364 3004 2,
389 2969 440 3000 57.
