1968 3366
1137 285 1192 323 34

477 426 520 476 I,
559 427 634 467 73:
678 426 891 476 „Necdum
915 426 1036 466 etiam
1060 425 1196 465 doctas
1219 424 1380 465 solertia
1402 425 1548 465 fecerat
1570 423 1702 466 artes’'
1715 441 1726 474 ;
1760 424 1788 466 i.
1812 438 1848 466 e.

474 504 687 544 invenerat.
751 503 824 543 Est
854 502 951 543 haec
984 501 1170 556 analogia
1202 501 1308 542 ultra
1330 515 1444 542 usum
1466 516 1568 555 vaga
1589 502 1647 542 ait
1664 501 1848 544 Iacobus,

477 583 591 620 Artes
615 581 753 634 faeere
775 593 815 619 re
837 591 929 618 vera
951 591 1147 630 nusquam
1170 576 1319 627 inveni,
1353 576 1421 616 sed
1442 575 1579 617 Cicero
1602 577 1626 631 ¹)
1648 582 1752 618 artes
1772 578 1849 631 effi-

476 669 558 696 cere
578 653 758 709 scripsit:
793 653 883 703 „Ex
900 651 1044 706 quibus
1067 652 1223 693 collatis
1245 652 1352 692 inter
1373 666 1414 692 se
1433 655 1474 692 et
1492 652 1728 707 comparatis
1746 655 1849 693 artes

476 745 635 784 quoque
667 730 880 779 efficimus,
913 729 1058 784 partim
1090 728 1140 768 ad
1173 743 1289 769 usum
1321 727 1449 778 vitae,
1482 727 1628 783 partim
1650 728 1700 770 ad
1722 727 1850 770 oblec-

473 806 669 847 tationem
701 803 984 847 necessarias.'’
1018 827 1077 835 —-
1108 802 1153 853 I,
1191 805 1299 846 774:
1351 802 1682 857 „Aethereusque
1703 803 1848 844 Platon

476 887 516 922 et
563 882 630 935 qui
674 881 932 923 fabricaverat
964 877 1126 920 illum.'’
1189 879 1262 920 Est
1293 893 1389 920 sane
1421 893 1502 919 non
1539 879 1716 934 vulgaris
1747 880 1851 920 ratio

476 954 648 996 Socratis
697 953 937 1001 denotandi,
986 952 1055 993 sed
1097 966 1168 992 cur
1198 951 1324 1006 magis
1357 950 1515 992 barbari
1547 952 1600 992 sit
1633 966 1752 1007 quam
1785 951 1851 992 Se·

477 1046 595 1072 necae
617 1030 670 1084 2)ε
704 1032 871 1070 animum
899 1029 1053 1082 format
1086 1032 1121 1068 et
1139 1028 1320 1081 fabricat
1333 1027 1587 1081 philosophus
1607 1042 1690 1068 non
1710 1027 1850 1078 video,

477 1121 567 1148 cum
615 1106 733 1147 etiam
782 1105 1009 1156 sapientem,
1040 1104 1262 1157 perfectum
1299 1107 1485 1144 oratorem
1508 1104 1693 1158 formare
1728 1103 1851 1144 latine

478 1185 645 1226 dicatur.

476 1260 537 1302 IV
562 1262 670 1300 602:
694 1257 828 1298 Laeva
859 1257 950 1297 freti
983 1256 1155 1297 caedunt
1187 1255 1389 1311 Hispanas
1422 1270 1597 1310 aequora
1628 1256 1764 1310 gentis

687 1335 806 1384 teque
839 1329 881 1369 in
913 1329 1050 1369 vicinis
1082 1329 1338 1378 haerentem,
1373 1327 1526 1378 Gallia,
1559 1329 1699 1378 terris,

690 1408 913 1461 Italiaeque
945 1407 1062 1447 urbes
1095 1407 1274 1447 dextram
1306 1405 1504 1447 sinuantis
1536 1406 1579 1447 in
1611 1405 1759 1447 undam

687 1498 815 1538 usque
833 1498 946 1523 canes
965 1483 1033 1532 ad,
1058 1481 1209 1537 Scylla,
1227 1486 1321 1523 tuos
1342 1481 1578 1536 avidamque
1595 1470 1850 1536 Charybdim.

537 1560 684 1602 Merito
717 1559 851 1600 Iacob.
885 1557 1138 1613 reprehendit
1170 1557 1333 1598 verbum
1367 1558 1552 1607 caedunt,
1577 1571 1668 1598 cum
1690 1571 1856 1611 aequora

478 1638 643 1678 caedunt
670 1639 801 1688 qeutes
830 1649 912 1675 non
934 1634 1114 1684 dicatur,
1148 1637 1189 1674 et
1210 1634 1423 1684 sinuantia,
1457 1633 1566 1687 quod
1587 1632 1779 1674 omissum
1794 1632 1855 1673 'sit

478 1728 539 1764 se,
575 1713 682 1753 idem
715 1726 806 1752 cum
839 1711 935 1751 haec
963 1710 1060 1750 vitia
1083 1709 1245 1750 Manilii
1267 1708 1592 1763 peregrinitatem
1613 1707 1751 1749 testari
1767 1723 1854 1749 cen-

479 1794 562 1837 set,
597 1787 761 1829 fallitur.
826 1786 904 1827 Pro
947 1783 1372 1826 FRETICAEDVNT
1415 1783 1547 1839 legere
1583 1783 1703 1824 velim
1735 1782 1855 1824 ERE-

479 1864 832 1915 TIALVDVNT,
855 1878 926 1919 pro
948 1864 1157 1913 alluduut3
1180 1861 1271 1904 Val.
1294 1861 1404 1903 Flac.
1421 1861 1507 1912 VI,
1533 1863 1644 1902 665:
1668 1876 1854 1912 „summa

479 1941 685 1983 cacumina
716 1940 838 1981 siluae
870 1938 1030 1980 lenibus
1061 1938 1220 1979 adludit
1252 1937 1386 1979 flabris
1418 1937 1516 1978 levis
1538 1936 1722 1987 auster'’;
1745 1935 1853 1978 Plin.

480 2018 636 2070 XXVI,
657 2020 731 2060 39:
758 2017 994 2073 „Tripolion
1012 2018 1056 2058 in
1076 2016 1288 2058 maritimis
1304 2015 1484 2056 nascitur
1500 2015 1604 2055 saxis
1621 2013 1692 2055 ubi
1709 2013 1855 2056 alludit

480 2077 608 2147 unda,
641 2109 772 2149 neque
804 2095 847 2135 in
879 2094 979 2134 mari
1010 2107 1140 2147 neque
1183 2093 1224 2132 in
1258 2091 1408 2133 sicco.”
1473 2091 1574 2132 Stat.
1608 2083 1734 2132 Theb.
1766 2089 1852 2141 IX,

485 2174 590 2213 336:
614 2170 831 2221 „extremis
854 2169 1055 2210 adludunt
1076 2182 1248 2222 aequora
1269 2166 1459 2223 plantis.”
1473 2191 1530 2198 ——-
1555 2167 1718 2208 Sinuare
1734 2167 1855 2207 toties

482 2249 588 2285 recte
620 2243 829 2284 transitive
861 2257 884 2282 a
914 2241 1085 2282 Manilio
1117 2241 1309 2295 scriptum
1332 2240 1519 2280 invenio:
1548 2239 1592 2289 I,
1618 2241 1728 2290 333,
1754 2241 1854 2288 6925

482 2319 543 2362 IV
577 2321 688 2370 600,
726 2319 833 2368 755,
866 2316 904 2356 V
941 2319 1018 2367 14,
1052 2320 1100 2358 ut
1130 2316 1313 2358 inscitiae
1336 2330 1428 2356 eum
1449 2330 1632 2357 accusare
1653 2316 1697 2356 in
1717 2315 1792 2356 hac
1813 2329 1856 2356 re

482 2411 563 2437 non
585 2395 717 2436 liceat.
751 2394 794 2435 Si
817 2394 974 2435 sinuare
997 2393 1160 2434 omnino
1182 2392 1435 2434 intransitive
1457 2406 1537 2433 non
1559 2395 1619 2433 est
1635 2390 1857 2440 ferendum,

483 2487 573 2515 cum
606 2472 808 2527 Scaligero
839 2471 949 2526 legas
980 2470 1100 2511 velim
1123 2469 1384 2518 insinuantis,
1410 2468 1519 2522 quod
1541 2472 1582 2510 et
1602 2467 1857 2510 intransitive

483 2551 668 2606 usurpari
714 2553 857 2591 notum
898 2552 972 2590 est.
1017 2571 1072 2579 —
1118 2547 1208 2588 Huc
1247 2562 1326 2588 non
1370 2550 1470 2602 puto
1502 2545 1777 2596 referendum,
1810 2549 1858 2587 ut

483 2627 566 2668 Iac.
614 2625 724 2676 vult,
776 2625 941 2666 verbum
987 2627 1145 2680 praeter
1191 2637 1309 2664 usum
1347 2621 1529 2664 absolute
1571 2622 1747 2677 positum
1783 2622 1855 2664 in:

473 2702 692 2757 fundentis
742 2715 888 2755 semper
935 2686 1086 2756 Aquari
1133 2699 1178 2741 II
1191 2731 1202 2750 ,
1254 2701 1336 2740 232
1387 2703 1427 2739 et
1447 2698 1666 2753 fundentis
1705 2699 1854 2753 Aquari

530 2830 554 2868 ¹)
602 2833 639 2861 de
664 2831 737 2861 Nat.
761 2831 851 2861 Deor.
877 2831 924 2865 II,
951 2830 1021 2859 148.

530 2890 554 2931 2)
604 2892 704 2928 Epist.
730 2892 804 2921 Mor.
831 2891 897 2919 Lib.
922 2891 952 2919 11
978 2890 1071 2927 epist.
1097 2890 1153 2918 lv.
1179 2890 1207 2917 3.
