1930 3320
1004 299 1213 340 -90-

560 387 642 421 Non
661 385 873 431 conjuratos
890 395 1011 432 regeS‚
1034 387 1217 434 Trojaque
1237 389 1392 425 cadente

562 438 722 472 Hectora
742 437 913 472 venalem
933 437 1060 483 cineri,
1079 439 1344 487 Priamumque
1363 440 1568 487 ferentem;

562 488 737 525 Colchida
757 499 826 524 nec
845 488 1010 525 referam
1028 491 1260 527 vendentem
1278 503 1395 539 regna
1408 493 1586 539 parentis,

561 543 604 577 Et
622 541 787 576 lacerum
807 540 964 576 fratrem
983 545 1126 588 stupro,
1149 545 1370 590 segetesque
1391 545 1567 591 virorum,

560 595 844 638 Taurorumque
862 594 984 628 truces
1005 594 1194 641 flammas,
1212 596 1440 643 vigilemque
1461 598 1678 645 draconem,

560 647 605 681 Et
622 644 779 679 reduces
793 655 928 687 annos,
948 655 1115 692 auroque
1136 647 1310 683 incendia
1325 648 1434 693 facta,

559 699 603 733 Et
621 696 720 731 male
742 700 940 742 conceptos
961 699 1088 743 partus
1106 699 1288 745 pejusque
1305 703 1473 744 necatos3

558 750 639 784 Non
661 759 802 783 annosa
823 759 954 784 canam
973 751 1150 786 Messanae
1170 750 1269 786 bella
1284 751 1468 797 nocentis,

561 801 819 846 Septenosque
840 800 971 844 duces,
996 805 1202 849 ereptaque
1222 803 1379 838 fulmine
1398 803 1562 840 flammis

559 852 691 889 Moenia
711 853 938 897 Thebarum,
952 855 990 888 et
1009 853 1147 889 victam
1161 855 1248 901 quia
1265 855 1402 890 vicerat
1415 856 1561 902 urbem,

561 906 841 951 Germanosque
854 905 972 951 patris
992 906 1169 949 referam,
1191 907 1396 953 matrisque
1413 910 1583 954 nepotes,

556 957 811 1003 Natorumque
832 957 972 1002 epulas,
996 968 1254 1005 conversaque
1275 959 1397 994 sidera
1411 962 1514 995 retro

557 1010 812 1055 Ereptumque
835 1010 954 1053 diem;
979 1020 1048 1045 nec
1067 1011 1215 1045 Persica
1234 1010 1333 1046 bella
1351 1010 1538 1056 profundo

555 1061 710 1106 Indicta,
733 1063 770 1096 et
788 1072 928 1108 magna
946 1064 1106 1107 pontum
1121 1063 1188 1098 sub
1207 1064 1326 1098 classe
1347 1063 1542 1108 latentem,

556 1113 848 1159 Immissumque
870 1114 1010 1149 fretum
1030 1115 1154 1158 terris,
1177 1114 1248 1150 iter
1267 1115 1427 1161 aequoris
1447 1115 1572 1158 undis;

554 1166 635 1200 Non
654 1165 752 1211 regis
771 1165 895 1211 Magni
913 1165 1034 1211 spatio
1052 1167 1197 1212 maj0re
1215 1167 1387 1202 canenda

559 1216 679 1257 Quam
699 1217 769 1251 sint
788 1220 886 1261 acta,
904 1217 1038 1263 loquar
1059 1219 1117 1253 ¹...

372 1350 435 1386 tot
451 1347 603 1386 scilicet
622 1347 845 1398 aenigmata
864 1351 965 1399 quot
981 1360 1114 1388 voces.
1134 1343 1205 1388 His
1225 1353 1348 1400 atque
1373 1349 1461 1388 aliis
1475 1350 1656 1402 ejusdem
1677 1348 1836 1400 generis

374 1411 513 1450 multis
532 1411 722 1451 Manilius
739 1412 905 1462 gaudet,
927 1424 1000 1451 nec
1018 1412 1060 1450 in
1080 1417 1266 1464 apertam
1282 1425 1418 1452 rerum
1431 1413 1710 1453 narrationem
1728 1425 1836 1464 saepe

368 1474 606 1514 effunditur.

421 1538 491 1578 Sin
518 1542 655 1578 autem
685 1539 849 1590 quando
883 1539 982 1591 quid
1013 1543 1192 1588 enarrat,
1213 1543 1300 1578 tum
1331 1540 1455 1579 etiam
1487 1539 1667 1592 singulas
1698 1543 1836 1592 partes

367 1607 545 1641 nontam
560 1603 743 1642 declarat
754 1603 893 1655 palam
910 1615 1033 1655 quam
1049 1604 1214 1655 oblique
1229 1603 1405 1654 stringit,
1417 1616 1491 1643 nec
1504 1607 1589 1643 tam
1601 1615 1687 1643 rem
1701 1604 1834 1655 ipsam

369 1677 492 1716 quam
521 1666 630 1705 circa
649 1679 736 1705 rem
763 1679 882 1706 suum
905 1667 1114 1718 ingenium
1133 1666 1240 1706 velle
1258 1667 1438 1706 indicare
1455 1667 1632 1707 videtur.
1655 1667 1835 1719 Ideoque

363 1729 508 1768 crebro
529 1730 589 1778 fit,
612 1734 656 1769 ut
676 1743 760 1769 non
786 1743 834 1769 ea
857 1730 995 1780 eligat,
1021 1742 1112 1781 quae
1134 1730 1346 1782 proprium
1371 1731 1426 1778 id,
1450 1730 1560 1782 quod
1579 1730 1638 1769 rei
1656 1731 1761 1770 inest
1782 1730 1833 1769 ad

364 1793 615 1832 movendum
644 1797 715 1832 aut
746 1794 1047 1841 delectandum,
1075 1797 1320 1842 monstrent,
1349 1794 1420 1833 sed
1449 1806 1498 1833 ea
1525 1797 1699 1845 quaerat,
1722 1806 1829 1845 quae,

364 1855 467 1895 nihil
488 1869 561 1908 per
580 1870 621 1896 se
647 1858 752 1909 ipsa,
775 1858 887 1909 quod
914 1860 1076 1896 moveat
1096 1861 1167 1896 aut
1193 1857 1382 1904 delectet,
1405 1857 1631 1905 afferentia,
1654 1857 1831 1896 alienam

361 1932 414 1958 ex
424 1920 596 1960 artificio
609 1921 909 1973 praestigiisque
935 1921 1149 1960 scribentis
1163 1920 1512 1971 pulchritudinem
1526 1924 1566 1959 et
1586 1921 1830 1960 suavitatem

362 1983 549 2032 induent,
572 1997 663 2036 quae
685 1988 771 2024 tota
789 1985 924 2024 verbis
944 1984 1233 2024 continebitur.
1261 1985 1379 2031 Quod
1399 1984 1497 2023 satis
1515 1983 1781 2036 intelligetur,
1798 1984 1832 2023 si

360 2047 453 2099 quis
473 2047 548 2088 hos
568 2061 709 2087 versus
724 2048 935 2088 attendere
949 2049 1061 2099 velit,
1078 2047 1226 2100 quibus
1241 2047 1395 2100 Phryxi
1411 2047 1591 2088 Arietem
1609 2048 1801 2088 describit
1817 2060 1827 2089 x

546 2182 697 2229 Virgine
715 2183 868 2230 delapsa
887 2175 972 2219 cum
993 2184 1149 2220 fratrem
1166 2184 1214 2219 ad
1232 2184 1361 2220 littora
1378 2177 1500 2228 vexit,

545 2237 591 2270 Et
610 2237 727 2271 minui
748 2236 888 2281 deflevit
907 2246 997 2272 onus
1017 2237 1231 2282 dorsumque
1251 2237 1361 2272 levari
1380 2236 1407 2272 ².

411 2369 526 2407 Nunc
550 2372 703 2418 autem,
725 2374 941 2422 perspecto
973 2371 1129 2410 Manilii
1155 2382 1303 2422 genere
1327 2369 1502 2418 dicendi,
1532 2381 1698 2409 emensa
1734 2382 1826 2421 quae

359 2431 477 2470 nobis
500 2445 846 2484 proposueramus
870 2434 1003 2485 spatia
1023 2434 1211 2484 judicare
1232 2433 1383 2482 licebit,
1406 2434 1439 2472 si
1458 2434 1570 2485 prius
1591 2433 1693 2472 duos
1712 2433 1825 2472 insu-

359 2507 432 2546 per
451 2495 564 2534 locos
583 2495 856 2544 attulerimus,
881 2497 1030 2549 quibus
1050 2497 1265 2549 explicatis
1288 2496 1518 2548 apparebit,
1538 2509 1620 2548 qua
1637 2500 1824 2536 constan-

359 2558 417 2597 tia
441 2563 566 2610 poeta
589 2559 784 2599 distortas
802 2560 894 2599 illas
920 2561 1143 2601 sententias
1166 2561 1415 2613 effossasque
1441 2560 1570 2600 nimia
1590 2573 1688 2600 cura
1707 2573 1827 2600 voces

357 2623 400 2661 in
419 2634 542 2674 opere
566 2623 714 2663 mixtas
734 2624 1046 2666 continuaverit.

400 2774 429 2805 1.
446 2773 551 2812 Man.‚
569 2775 720 2813 Astron„
743 2775 802 2814 ΙΙΙ,
820 2776 849 2808 5.

400 2820 430 2852 2.
454 2820 520 2861 Id.,
541 2820 634 2859 ibid„
658 2822 714 2862 IV,
736 2822 806 2854 747.
