1942 3308
343 338 441 388 esse‚
475 330 580 390 quia,
612 345 692 388 quo
718 336 901 387 tempore
931 328 982 371 de
1009 329 1125 370 astris
1157 342 1302 370 canere
1332 325 1474 385 eoepit,
1502 343 1581 370 non
1613 323 1830 372 admodum

341 404 527 444 iuvenem
559 401 681 441 fuisse
721 406 900 439 statuens
932 396 1280 438 verisimilitudine
1316 411 1394 437 non
1427 396 1640 438 destitutus
1670 397 1831 439 videtur

341 470 503 511 Lanson
536 471 595 523 (p.
626 468 713 518 27),
742 467 773 506 si
805 465 968 520 quidem
997 479 1049 505 ex
1079 479 1139 516 eo,
1173 463 1280 519 quod
1305 465 1323 504 I
1348 465 1426 505 114
1457 479 1516 519 sq.
1548 465 1715 519 opt-avit,
1745 465 1831 506 sani

343 536 438 592 quid
469 534 654 576 concludi
695 533 766 574 tibi
795 533 997 573 videbitur
1026 532 1204 572 audienti
1240 532 1363 587 ipsius
1395 531 1638 572 desiderium
1669 546 1831 588 expres—

341 619 430 644 sum
457 603 588 643 hisce:

601 669 757 710 Faveat
784 681 935 721 msa-qno
962 666 1154 707 Fortuna
1181 665 1327 718 labori,

399 739 573 779 Annos-a
601 741 637 777 et
663 737 780 777 molli
809 737 1019 788 continyat
1047 736 1133 774 vita
1157 738 1327 787 senecta,

408 806 458 846 Ut
481 806 639 859 possim
668 817 810 844 rerum
839 807 979 844 tantas
1007 815 1207 856 emeryere
1238 800 1391 852 (Bentl.
1420 802 1618 852 evincere)
1648 801 1772 842 moles

401 873 640 926 Maynaque
670 885 760 911 cum
782 872 935 925 parvis
961 870 1090 910 simili
1112 882 1362 923 percurrere
1391 882 1506 909 cura.

345 953 534 993 Fortasse
584 950 709 1004 igitur
761 949 896 1005 paullo
940 956 1154 1004 postquam
1206 949 1442 1002 AugustuS‚
1486 963 1510 987 a
1556 961 1636 1002 quo
1678 947 1832 988 animos

344 1034 433 1061 sese
472 1019 524 1059 ad
563 1024 674 1058 tanta
715 1017 897 1058 canenda
935 1017 1136 1072 accepisse
1181 1015 1404 1071 profitetur,
1454 1015 1559 1056 diem
1600 1029 1834 1071 supremum

345 1087 521 1138 obierat,
571 1086 657 1140 ipse
697 1085 816 1126 morti
856 1085 934 1125 iam
984 1085 1283 1125 senescentibus
1323 1083 1475 1124 viribus
1521 1082 1675 1123 vicinus
1712 1089 1834 1138 atque

346 1169 488 1195 carens
519 1159 614 1193 tune
634 1153 812 1193 maxime
843 1152 1009 1192 fautoris
1036 1152 1167 1206 gratia
1188 1151 1310 1191 vitam
1337 1150 1516 1205 posuisse
1537 1149 1726 1191 Manilius
1753 1164 1834 1192 non

345 1221 491 1263 iniuria
532 1227 719 1275 putetur,
767 1220 869 1260 sicut
907 1219 1101 1260 Horatius
1141 1217 1366 1260 Maecenati
1406 1232 1485 1258 non
1526 1217 1595 1258 diu
1631 1223 1834 1274 superstes

346 1290 437 1342 suit,
479 1288 550 1329 sed
591 1288 727 1329 statim
763 1287 998 1329 decedendo
1037 1301 1246 1328 excessum
1278 1285 1363 1327 eius
1391 1285 1626 1326 subsecutus
1656 1290 1728 1337 est,
1765 1283 1835 1340 qui

349 1358 451 1400 vires
481 1356 654 1398 canendi
683 1363 723 1398 et
752 1357 909 1398 foverat
938 1362 978 1397 et
1006 1361 1188 1398 auxerat.

1017 1806 1283 1850 ‘sos--
