1930 3320
740 283 952 325 -61-

93 376 232 412 tarent
255 372 390 412 otiosa
418 371 677 423 delicataque
704 370 888 422 ingenia,
921 370 992 411 sed
1025 371 1188 411 animos
1214 370 1433 410 hominum
1463 372 1591 412 falsos

93 437 304 483 docerent,
329 436 538 488 inquietos
559 440 772 488 pacarent.

145 502 244 542 Mihi
265 514 362 542 vero
389 501 473 541 tale
496 500 724 553 quidquam
754 501 797 539 in
823 501 982 541 Manilii
1006 514 1131 553 opere
1158 501 1364 554 quaerenti
1385 515 1590 556 nusquam

92 568 360 620 conspicitur.
375 567 587 614 Quatenus
604 566 714 604 enim
730 566 780 604 iis
798 565 923 605 fidem
941 566 1135 606 habuerit
1149 567 1300 619 quibus
1319 567 1443 606 fidem
1458 568 1591 608 facere

91 632 274 681 volebat,
299 644 363 671 res
395 635 456 671 est
484 631 597 670 dictu
628 631 907 670 difficillima:
931 631 974 670 in
996 644 1079 684 qua
1111 636 1151 671 et
1180 645 1332 683 negare
1361 633 1591 685 quidquam

91 701 133 738 et
152 697 340 738 obtinere
366 696 635 736 temerarium
658 696 710 735 sit
736 701 777 735 et
799 696 953 737 audax.
974 698 1078 736 Nam
1103 697 1218 749 quod
1236 709 1347 749 saepe
1375 698 1593 738 verissima

90 775 168 803 nec
202 761 290 802 ullo
329 762 454 801 modo
495 761 728 801 dubitanda
765 775 808 801 se
848 762 1058 814 explicare
1096 774 1226 814 usque
1263 761 1315 800 ad
1355 762 1592 802 molestiam

91 827 229 875 iterat,
257 826 357 878 quid
380 827 432 866 ad
461 829 579 866 rem?
599 827 675 866 etsi
705 827 792 879 ipse
820 826 942 866 aliter
962 839 1050 866 rem
1080 839 1122 866 se
1145 826 1299 865 habere
1327 826 1485 877 credat,
1509 839 1591 866 non

91 892 213 932 aliter
244 904 343 931 sane
375 891 588 944 loquatur,
625 904 837 943 quamque
871 904 955 931 non
995 891 1150 930 habeat
1183 891 1324 938 fidem,
1360 903 1402 930 se
1440 891 1592 931 babere

91 957 260 997 simulet
280 968 289 997 ε
313 956 426 1009 quod
450 956 676 996 admodum
701 957 884 1008 primum
906 956 1136 995 rhetorices
1156 955 1440 995 rudimentum
1462 960 1537 996 est.

143 1022 263 1070 Item,
286 1033 388 1060 num
425 1021 632 1061 credentis
669 1025 879 1060 astrorum
903 1020 1102 1073 potestati
1129 1024 1225 1059 sunt
1257 1020 1299 1059 hi
1322 1033 1480 1068 versus,
1503 1021 1592 1073 qui-

91 1086 183 1135 bus,
207 1099 300 1138 quae
339 1085 442 1125 artis
480 1086 706 1124 vanitatem
737 1085 914 1137 prodere
943 1089 1133 1136 possunt,
1155 1097 1204 1124 ea
1228 1085 1270 1123 in
1298 1090 1592 1136 argumentum

91 1150 277 1191 veritatis
306 1150 446 1197 vertit,
469 1162 645 1202 eamque
679 1163 845 1189 morum
880 1154 920 1190 et
958 1150 1138 1189 fortunae
1171 1149 1471 1198 diversitatem,
1500 1164 1592 1202 quae

90 1227 200 1268 saepe
220 1215 263 1254 in
282 1214 524 1255 hominibus
541 1215 690 1254 eodem
704 1219 892 1267 tempore
910 1215 1017 1254 natis
1036 1214 1386 1254 animadvertitur
1406 1217 1434 1264 ¹,
1454 1216 1594 1255 mixtis

90 1280 306 1331 signorum
333 1279 491 1319 viribus
517 1279 845 1331 interpretatur?
865 1281 1013 1319 Utrum
1041 1279 1263 1327 credentis,
1286 1279 1459 1332 inquam
1481 1284 1591 1331 sunt,

90 1357 146 1385 an
162 1346 329 1386 credere
350 1345 614 1384 simulantis?
637 1345 733 1392 Quis
755 1345 1029 1397 pronuntiare
1051 1344 1173 1390 ausit,
1191 1357 1285 1383 cum
1308 1344 1349 1383 in
1371 1349 1594 1398 utramque

90 1414 252 1462 partem
269 1410 532 1462 pronuntiari
553 1410 708 1462 possit?

146 1473 355 1522 Ceterum,
375 1478 422 1513 ut
450 1486 536 1513 non
570 1478 734 1513 tantum
767 1474 904 1513 verbis
937 1474 1146 1526 loquentis
1179 1478 1382 1526 quantum
1424 1487 1524 1514 voce
1556 1479 1593 1514 et

91 1552 196 1579 sono
226 1539 449 1587 afficimur,
476 1539 535 1578 ita
561 1539 779 1578 scribentis
806 1539 993 1577 animum
1015 1551 1063 1578 ac
1086 1543 1228 1590 pectus
1254 1551 1339 1578 non
1359 1539 1450 1591 ipsa
1470 1552 1591 1580 voca·
1640 1561 1643 1567 ·

90 1603 192 1644 bula
211 1603 447 1651 recludunt,
466 1604 538 1643 sed
559 1604 698 1643 nescio
722 1604 814 1656 quis
835 1617 885 1643 ex
907 1604 1020 1644 omni
1040 1603 1344 1643 vocabulorum
1362 1604 1466 1643 serie
1487 1604 1593 1656 ignis

59 1665 61 1669 ⁸
92 1669 275 1709 emicans
289 1672 330 1708 et
347 1669 477 1717 calor,
495 1681 620 1720 quem
635 1682 745 1720 saepe
761 1681 969 1720 nusquam
993 1668 1207 1720 potissime
1222 1668 1591 1720 deprehendimus,

90 1733 245 1786 ubique
266 1738 409 1774 tamen
429 1733 646 1790 sentimus.
669 1734 800 1780 Quem
821 1733 1014 1784 equidem
1039 1733 1226 1772 veritatis
1247 1733 1362 1772 velut
1382 1746 1530 1773 sonum
1552 1735 1592 1773 in

90 1798 249 1839 Manilii
263 1798 448 1838 carmine
463 1798 608 1838 audire
624 1811 803 1850 nequeo.
819 1798 960 1849 Friget
981 1810 1080 1837 sane
1098 1797 1172 1837 illa
1192 1797 1420 1837 caelestium
1444 1799 1592 1838 virium

91 1863 331 1916 explicatio,
354 1875 430 1903 nec
463 1876 641 1915 usquam
673 1863 759 1902 ullo
793 1862 1012 1902 scribentis
1044 1867 1147 1903 aestu
1183 1863 1464 1902 accendimur.
1492 1865 1593 1903 Cum

90 1941 191 1968 vero
210 1928 342 1967 vitam
365 1940 533 1967 omnem
561 1932 602 1967 et
628 1928 800 1980 ingenia
829 1928 1050 1967 hominum
1076 1932 1285 1967 astrorum
1317 1928 1595 1968 dominationi

92 1993 310 2044 subjiciat,
342 2005 522 2044 cumque
552 1993 647 2031 inde
678 1993 914 2032 communis
951 1993 1026 2032 illa
1060 1997 1100 2032 et
1131 1993 1184 2032 ab
1218 1993 1402 2045 antiquis
1441 1994 1595 2033 tradita

91 2057 260 2096 vivendi
284 2057 392 2097 ratio
417 2069 466 2096 ac
487 2057 707 2109 disciplina
730 2057 946 2096 immutari
969 2057 1136 2105 debeat,
1160 2062 1206 2096 ut
1221 2057 1311 2109 jam
1333 2062 1434 2097 vota
1454 2059 1595 2098 omnia

93 2126 135 2162 et
151 2134 244 2174 spes
264 2125 306 2162 et
324 2122 439 2161 nisus
458 2126 498 2161 et
519 2121 739 2161 arbitrium
760 2125 977 2173 ponentes,
995 2122 1072 2162 toti
1092 2122 1135 2160 in
1155 2122 1434 2174 dispiciendos
1455 2123 1593 2174 signo-

93 2199 188 2227 rum
220 2190 347 2226 nutus
367 2190 407 2226 ct
439 2187 481 2225 in
513 2187 795 2239 praeparanda
828 2187 924 2226 fatis
958 2191 1129 2239 pectora
1159 2186 1467 2234 incumbamus,
1491 2187 1594 2226 nihil

95 2251 207 2292 aliud
236 2264 382 2292 curare
408 2251 603 2291 Manilius
629 2252 793 2291 videtur
823 2264 950 2303 quam
981 2255 1028 2290 ut
1059 2252 1357 2303 astrologicam
1388 2252 1594 2291 rationem

92 2315 267 2369 poeticis
294 2316 471 2356 vinculis
496 2316 699 2364 includat,
727 2321 768 2355 et
802 2316 976 2355 minima
1004 2329 1183 2369 quaeque
1211 2321 1337 2368 atque
1365 2317 1595 2369 asperrima

92 2380 137 2421 in
155 2394 376 2421 numerum
398 2394 524 2433 quam
545 2381 852 2433 elegantissime
873 2382 1027 2421 referat
1049 2394 1056 2421 :
1083 2394 1182 2421 vera
1209 2381 1353 2421 omnia
1379 2394 1466 2420 esse
1494 2394 1592 2421 sane

94 2445 246 2486 iterum
266 2450 392 2499 atque
412 2446 560 2485 iterum
581 2445 782 2495 clamans,
803 2450 988 2486 ceterum
1010 2459 1182 2486 securus
1200 2446 1299 2498 quid
1320 2458 1421 2486 vera
1442 2446 1521 2485 ista
1542 2447 1594 2486 ad

91 2509 391 2551 instituendam
410 2511 631 2551 hominum
651 2511 780 2550 vitam
811 2512 1018 2551 momenti
1037 2511 1237 2551 habeant.
1263 2511 1347 2550 Nisi
1371 2511 1481 2551 forte
1502 2511 1594 2564 quis

92 2573 209 2616 brevi
227 2575 325 2616 huic
345 2580 387 2616 et
406 2576 576 2627 frigenti
604 2576 908 2627 adhortationi,

427 2705 552 2730 ...sors
571 2696 628 2730 est
647 2705 714 2730 sua
734 2694 871 2741 cuique
891 2694 1050 2731 ferenda
1068 2695 1095 2734 2,

138 2809 168 2841 1.
186 2808 294 2847 Man„
313 2808 467 2849 Astron„
490 2810 547 2850 lv,
569 2811 628 2842 372
649 2820 728 2853 sqq.

138 2856 170 2888 2.
191 2856 344 2894 Astron..
364 2856 421 2896 lv,
438 2857 488 2888 22.
