1942 3308
940 246 1215 290 ..70-

333 374 397 408 XV
431 372 497 416 20).
548 372 656 414 Quam
689 372 886 416 opulentam
925 382 1042 406 omnes
1073 372 1190 406 Asiam
1223 372 1392 415 duxerint,
1423 371 1527 407 huius
1559 371 1609 407 rei
1640 372 1746 408 etiam
1777 383 1822 409 ex

334 431 410 463 aliis
441 430 578 462 Horatii
611 431 693 462 locis
726 429 964 462 documentum
990 430 1118 472 capias,
1150 430 1206 472 qui
1232 431 1419 473 Phrygiam
1444 441 1472 463 c.
1497 431 1529 463 11
1557 432 1610 473 12,
1633 433 1676 464 22
1700 433 1822 465 totius·

334 497 399 528 que
433 486 536 518 Asiae
567 496 702 527 campos
736 486 844 526 Epist.
876 486 891 517 1
925 487 957 527 3,
990 487 1010 518 5
1043 487 1186 528 pingues
1219 488 1371 529 appellat
1403 487 1456 528 (cf.
1485 487 1588 519 etiam
1621 488 1730 529 Epist.
1755 489 1820 530 11,

339 546 377 575 11
404 553 454 583 sq.
483 546 516 574 et
542 543 610 575 Cic.
636 543 669 574 d.
693 543 775 583 imp.
801 542 861 574 Cn.
886 543 1003 584 Pomp.
1031 545 1061 583 6,
1097 545 1148 574 14.
1181 544 1299 575 lustin.
1325 545 1378 583 38,
1406 545 1435 585 7,
1459 543 1498 583 (33
1533 544 1605 576 cat.
1629 545 1684 583 46,
1709 543 1743 583 4)
1767 543 1822 576 vel

334 609 376 631 ex
402 599 534 630 Tibulli
560 599 689 640 elegiis,
724 598 783 629 ubi
812 598 952 640 Assyria
985 599 1122 641 pinguis
1155 599 1279 631 dieitur
1303 600 1353 631 111
1378 602 1409 641 2,
1434 601 1478 631 24
1502 601 1554 632 vel
1580 611 1621 632 ex
1647 601 1826 642 Propertio*

335 656 366 696 (Ι
393 658 423 695 6,
452 654 524 697 14),
550 654 641 695 apud
656 665 756 696 quem
778 655 879 686 Asiae
895 655 1033 687 divitias
1053 656 1147 697 legas
1166 656 1220 698 (cf.
1241 656 1304 688 Ov.
1330 656 1420 689 Fast.
1447 657 1493 688 VI
1518 658 1585 688 420
1602 666 1682 698 opes
1702 657 1819 695 Asiae:

334 712 415 744 Hor.
442 712 518 743 Sat.
544 711 559 742 1
586 710 615 750 7,
646 713 685 742 19
711 710 813 742 ditem
839 711 988 749 Asiam);
1022 721 1136 752 neque
1159 711 1261 743 aliter
1285 713 1386 743 Indos
1418 712 1509 744 idem
1535 713 1624 744 dites
1657 713 1739 745 dicit
1761 713 1823 751 (lv

334 770 365 809 3,
393 770 422 807 1)
448 768 534 800 sicut
555 767 695 798 divitem
719 767 851 798 Indiam
879 767 1041 798 Horatius
1059 767 1104 810 (c.
1123 768 1173 799 111
1199 769 1252 808 24,
1278 767 1329 810 2).
1377 769 1457 801 Ideo
1482 779 1557 801 cum
1579 770 1678 802 Asine
1703 778 1823 801 census

333 826 367 856 in
401 824 572 865 proverbii
599 824 882 855 consuetudinem
911 824 1045 855 venisse
1063 824 1192 866 videas,
1217 835 1285 857 non
1306 826 1469 857 Manilius
1492 825 1598 866 solus,
1622 826 1683 858 sed
1706 835 1823 858 omnes

334 881 403 912 fere
429 880 620 920 scriptores,
649 880 803 922 apprime
825 883 955 922 poetae,
982 880 1096 912 oblata
1121 881 1298 912 occasione
1323 881 1365 912 de
1383 881 1448 912 hac
1463 881 1580 913 mundi
1605 887 1703 924 parte
1726 883 1826 925 plura.

335 947 443 977 eaque
469 935 613 968 laetiora
638 940 779 967 narrant
804 946 904 978 quam
932 936 973 966 de
998 937 1125 975 Africa,
1152 938 1352 978 praesertim
1377 937 1466 978 quod
1491 938 1592 970 etiam
1617 939 1825 972 clarissimae

334 994 376 1025 de
408 993 492 1024 Asia
526 993 662 1024 fabulae
695 993 902 1032 ferebantur,
943 997 1046 1034 atque
1078 997 1149 1025 tum
1180 994 1342 1035 temporis
1375 995 1540 1036 imprimis
1573 995 1610 1026 in
1644 995 1823 1027 Graeciam

333 1053 434 1090 atque
459 1048 575 1080 Asiam
602 1049 894 1090 peregrinationes
918 1049 1154 1091 suscipiebant
1178 1050 1334 1082 Romani.
1370 1050 1439 1083 Sed
1449 1061 1598 1092 'quorsus
1621 1054 1689 1083 tam
1714 1050 1826 1083 multa

334 1105 376 1136 de
402 1105 464 1135 hac
489 1105 552 1136 re?
602 1105 746 1136 Necesse
771 1114 842 1136 esse
859 1106 1020 1147 putabam
1047 1106 1132 1138 haec
1156 1107 1294 1149 apponi,
1322 1108 1404 1149 quia
1423 1109 1559 1140 Lanson
1585 1107 1637 1139 his
1660 1107 1824 1139 Asianam

335 1162 475 1192 Manilii
502 1161 669 1203 originem
696 1162 832 1204 probari
859 1167 952 1194 ratus
978 1167 1037 1195 est.
1085 1163 1180 1202 Quae
1214 1164 1257 1195 de
1280 1165 1362 1196 Asia
1387 1166 1615 1206 proferuntur,
1646 1164 1827 1206 unusquis-

335 1227 403 1259 que
429 1217 578 1257 profecto
605 1218 776 1248 Romanus
802 1217 899 1250 homo
934 1219 995 1249 illa
1020 1222 1133 1250 aetate
1157 1219 1245 1251 scire
1270 1225 1412 1262 poterat,
1437 1231 1504 1262 qua
1528 1230 1693 1262 persaepe
1718 1220 1826 1251 multa.

338 1278 372 1305 et
397 1273 500 1315 longa
531 1273 656 1304 itinera
681 1274 820 1306 fiebant.
867 1275 958 1307 Satis
984 1275 1090 1316 igitur
1124 1275 1338 1307 intellectum
1371 1278 1514 1310 arbitror
1541 1277 1708 1309 Lausonis
1729 1287 1826 1319 argu-

335 1329 516 1361 mentandi
551 1331 683 1362 ratione
715 1330 768 1362 illi
802 1331 966 1373 opinioni,
1000 1343 1068 1373 qua
1103 1342 1143 1364 ex
1177 1333 1260 1364 Asia
1289 1333 1456 1366 oriundus
1488 1333 1650 1366 Manilius
1673 1337 1824 1376 putetur,

334 1386 495 1419 maiorem
521 1388 622 1420 fidem
649 1399 714 1420 non
740 1388 912 1421 accedere.

468 1445 580 1486 Atque
609 1445 642 1476 in
677 1455 716 1478 eo
749 1445 883 1487 quidem
924 1456 1015 1477 nunc
1047 1455 1162 1478 omnes
1200 1447 1426 1486 conveniunt,
1466 1446 1502 1477 in
1539 1455 1694 1478 sermone
1728 1446 1827 1480 nihil.

333 1501 456 1542 inesse,
494 1502 583 1533 unde
621 1503 738 1533 Afrum
778 1503 879 1534 fuisse
916 1513 994 1534 eum
1034 1503 1110 1534 iure
1147 1503 1344 1546 colligatur,
1378 1508 1411 1536 et
1448 1504 1656 1536 Graecorum
1693 1514 1827 1546 quoque

334 1557 523 1589 studiorum
557 1559 712 1600 vestigia,
748 1559 774 1590 si
811 1558 1035 1601 Bernhardyo
1067 1562 1102 1590 et
1134 1559 1292 1592 Cramero
1326 1559 1415 1602 (1.1.
1449 1571 1482 1603 p.
1507 1561 1547 1599 6;
1585 1563 1764 1601 praeterea
1787 1561 1828 1592 cf.

335 1616 373 1647 A.
410 1615 550 1647 Cramer
586 1615 645 1646 der
678 1615 829 1647 Infinitiv
866 1615 921 1648 bei
958 1616 1130 1648 Manilius.
1169 1617 1298 1648 Comm.
1334 1616 1370 1647 in
1409 1616 1489 1653 hon.
1527 1616 1567 1650 G.
1603 1616 1825 1650 Studemund.

336 1672 552 1713 Argentorati
597 1673 680 1704 1889
718 1684 753 1714 p.
794 1674 885 1703 61-
900 1674 962 1712 65,
1004 1683 1105 1714 quem
1145 1672 1300 1704 libellum
1342 1673 1416 1714 ipse
1457 1683 1525 1706 non
1566 1672 1722 1714 inspexi,
1767 1671 1826 1704 sed

335 1728 477 1770 cognovi
521 1738 581 1770 per
620 1729 662 1760 K.
701 1729 872 1770 Rossberg
909 1729 1000 1760 Berl.
1042 1729 1126 1770 phil.
1170 1728 1446 1761 Woohenschrift
1492 1730 1578 1762 1890
1620 1729 1676 1761 Nr.
1719 1729 1760 1760 10
1793 1739 1826 1770 p.

335 1785 400 1816 311
425 1783 487 1826 sq.)
511 1785 689 1826 credimus,
722 1785 781 1826 qui
809 1785 1016 1817 dissentiunt
1047 1796 1067 1816 a
1092 1785 1255 1816 Teuffelii
1288 1784 1342 1829 (in
1374 1785 1494 1827 quinta
1519 1784 1669 1817 editione
1693 1783 1826 1817 Schwa-

336 1842 416 1872 beus
449 1841 649 1873 Crumerum
680 1841 816 1873 videtur
848 1839 963 1883 sequi]
998 1844 1031 1873 et
1064 1841 1174 1873 Iebbii
1208 1842 1241 1880 (l.
1266 1841 1290 1873 1.
1314 1853 1346 1884 p.
1375 1841 1451 1882 139)
1482 1841 1633 1881 iudiciis,
1666 1851 1735 1873 non
1759 1840 1828 1871 nisi

335 1897 509 1929 rarissima
533 1901 568 1929 et
591 1897 796 1938 paucissima
822 1898 1056 1938 inveniuntur,
1090 1900 1128 1929 ut
1150 1907 1234 1928 num
1260 1901 1352 1929 recte
1375 1902 1525 1940 poetam,
1558 1897 1600 1929 de
1624 1907 1690 1939 quo
1714 1895 1826 1938 loqui-

336 1964 420 1992 mur,
445 1955 662 1995 peregrinum
680 1954 784 1986 fuisse
809 1954 1005 1987 hominibus
1027 1953 1167 1986 eruditis
1191 1954 1341 1996 suspicio
1365 1958 1438 1986 orta
1455 1955 1509 1994 sit,
1534 1953 1698 1986 incertior
1720 1962 1826 1995 quam

337 2009 505 2053 quondam
532 2011 700 2042 haeream.

472 2067 547 2099 Hoc
579 2067 663 2098 mihi
696 2070 827 2099 constat
857 2070 991 2109 poetam
1034 2066 1133 2098 nulla
1171 2076 1206 2098 re
1246 2066 1357 2108 ipsum
1394 2066 1546 2098 indicare
1578 2076 1613 2098 se
1647 2075 1715 2098 non
1753 2075 1826 2098 esse

336 2124 524 2155 Romanum
551 2127 611 2155 aut
636 2123 769 2155 Italum.
818 2123 908 2162 Quid
941 2123 1055 2164 igitur,
1093 2123 1119 2154 si
1154 2123 1240 2164 quis,
1277 2124 1339 2154 etsi
1365 2132 1434 2154 non
1471 2122 1507 2154 in
1543 2123 1624 2154 urbe
1660 2122 1825 2166 Romana,

337 2184 371 2210 at
412 2180 444 2210 in
485 2178 587 2211 Italia
626 2184 715 2211 certe
755 2190 829 2211 eum
864 2183 1000 2218 natum,
1043 2178 1103 2210 sed
1143 2189 1164 2210 a
1194 2179 1320 2210 teneris
1365 2179 1558 2221 unguiculis
1595 2179 1718 2210 rustico
1757 2177 1829 2209 cui·

337 2235 415 2267 dam
455 2237 603 2268 sermoni
638 2236 723 2267 adeo
754 2239 927 2268 assuetum
963 2236 1068 2267 fuisse
1108 2239 1295 2277 proponat,
1340 2238 1394 2275 ut,
1435 2245 1509 2266 eum
1548 2234 1590 2266 de
1628 2237 1827 2276 argumento

337 2293 595 2324 difficultatibus
620 2292 819 2324 abundante
844 2293 992 2324 scribere
1017 2291 1191 2333 coepisset,
1217 2302 1337 2333 purum
1362 2302 1401 2322 ac
1425 2291 1597 2323 sincerum
1620 2290 1829 2323 vernaculae

339 2349 548 2382 urbanitatis
574 2349 717 2381 colorem
746 2349 900 2390 quamvis
925 2349 1049 2380 nitenti
1075 2359 1145 2379 non
1171 2357 1414 2389 usquequaque
1445 2348 1577 2388 assequi
1603 2347 1826 2388 contingeret,

339 2407 472 2438 etiamsi
505 2409 610 2438 antea
635 2406 669 2436 in
695 2406 864 2437 rhetorum
896 2405 993 2437 ludos
1020 2406 1146 2437 itasset.
1194 2405 1270 2435 Hoc
1303 2403 1402 2436 modo
1428 2413 1514 2445 quae
1538 2404 1676 2445 propria
1699 2402 1829 2435 habent

337 2463 438 2494 liuius
464 2463 542 2494 libri
567 2472 587 2493 a
611 2463 811 2503 reliquaque
837 2462 979 2504 Augusti
1015 2462 1138 2493 aetatis
1170 2461 1264 2503 poesi
1297 2460 1425 2501 aliena,
1462 2459 1555 2491 haud
1586 2459 1655 2492 scio
1680 2469 1723 2492 an
1747 2460 1828 2491 satis

337 2528 508 2561 superque
541 2527 582 2550 ea
614 2519 842 2558 explicentur,
874 2518 1074 2559 praesertim
1109 2527 1180 2548 cum
1214 2524 1248 2548 et
1282 2517 1422 2548 Cramer
1454 2517 1498 2558 (p.
1531 2517 1586 2555 36)
1617 2519 1651 2548 et:
1682 2515 1828 2556 Woltjer

339 2578 382 2618 (p.
409 2577 452 2607 30
476 2575 541 2616 sq.)
572 2585 640 2607 non
675 2578 806 2606 tantum
841 2584 913 2606 esse
946 2584 1059 2606 eorum
1093 2583 1266 2605 numerum
1292 2572 1522 2615 probaverint,
1556 2576 1701 2614 quantus
1723 2571 1827 2613 vulgo

338 2637 484 2676 putetur.
519 2633 589 2664 Nec
613 2635 727 2663 tamen
753 2632 787 2662 in
814 2641 850 2662 re
875 2635 943 2662 tam
969 2631 1101 2662 lubrica
1117 2640 1178 2672 pro
1200 2634 1289 2662 certo
1313 2629 1498 2671 quidquam
1516 2617 1683 2660 affirmare
1707 2627 1826 2667 ausim,

339 2694 441 2731 atque
464 2689 572 2721 verito
597 2689 764 2731 imprimis
796 2698 870 2719 cum
897 2688 1063 2728 Bentlem,
1097 2698 1165 2729 qua
1197 2698 1268 2719 sum
1294 2687 1380 2718 tanti
1406 2685 1539 2728 ingenii
1564 2685 1764 2724 reverentia,
1789 2683 1825 2715 in

339 2751 509 2778 certamen
543 2745 756 2784 descendere,
788 2744 932 2776 sutfieiet
958 2744 1054 2786 mihi,
1082 2744 1112 2776 si
1137 2753 1226 2785 quae
1251 2745 1386 2775 Lanson
1418 2742 1517 2784 dixit,
1547 2741 1642 2774 nullo
1666 2741 1767 2773 modo
1790 2741 1826 2772 in

340 2807 609 2845 argumentorum
644 2803 750 2833 locum
785 2801 888 2843 recipi
921 2810 1019 2841 posse
1052 2801 1251 2842 probavero.
1301 2800 1377 2832 Hoc
1408 2808 1544 2840 quoque
1576 2796 1826 2831 concedendum

340 2859 405 2902 ¹erit
429 2860 558 2901 Romae
581 2858 744 2899 scribenti
771 2858 913 2890 Manilio
939 2858 1067 2909 optime
1092 2858 1301 2894 occasionem
1327 2856 1439 2889 offerri
1467 2855 1618 2902 potuisse
1641 2864 1697 2892 eos
1721 2853 1827 2890 libros
