1936 3392
619 887 803 931 CAPUT
835 886 1162 930 SECUNDUM.

192 1105 195 1107 -
232 1079 377 1135 'Quod
435 1080 646 1136 exoptavit
697 1078 920 1122 Manilius:
988 1078 1170 1130 „Faveat
1217 1093 1367 1134 magno
1415 1077 1602 1120 Fortuna

189 1156 320 1219 labori
362 1172 514 1200 annosa
559 1161 609 1199 et*
631 1157 748 1200 molli
782 1157 996 1213 contingat
1029 1158 1114 1199 vita
1146 1159 1332 1207 senecta,
1366 1160 1415 1198 ut
1447 1156 1598 1212 possim

187 1250 323 1279 rerum
355 1240 490 1278 tantas
524 1236 709 1278 evincere
742 1235 898 1278 moles''
932 1235 977 1277 id
1000 1235 1165 1277 videtur
1187 1236 1224 1277 ei
1246 1250 1330 1277 non
1352 1234 1598 1290 contigisse,

187 1327 283 1355 nam
315 1328 477 1356 carmen
509 1329 592 1356 non
625 1319 686 1356 est
719 1314 770 1356 ad
802 1315 925 1356 finem
959 1314 1206 1371 perductum
1237 1327 1370 1368 neque
1402 1313 1467 1364 iis,
1492 1327 1597 1368 quae

187 1395 303 1433 erant
325 1391 498 1448 scripta,
522 1406 667 1434 manus
689 1393 858 1434 accessit
879 1396 1072 1434 extrema.
1089 1392 1115 1448 ¹)
1148 1390 1271 1445 Quod
1288 1406 1382 1433 eum
1399 1406 1420 1432 e
1437 1390 1596 1432 ratione

186 1468 228 1507 et
260 1465 430 1507 consilio
463 1467 592 1508 totius
626 1467 759 1523 operis
793 1471 1012 1523 appareat,
1046 1470 1094 1508 ut
1127 1482 1174 1508 ea
1202 1465 1444 1517 videantur,
1479 1466 1593 1522 prius

185 1542 441 1599 singulorum
475 1543 672 1586 librorum
707 1549 946 1600 argumenta
977 1559 1274 1601 percurramus.

246 1615 373 1660 Liber
402 1618 558 1675 primus
591 1618 703 1661 brevi
738 1620 782 1661 in
820 1623 1044 1676 conspectu
1067 1619 1186 1676 ponit
1207 1619 1487 1661 universitatis
1510 1633 1587 1660 cor>

182 1710 261 1752 pus
276 1695 465 1752 pluribus
498 1697 651 1748 additis
673 1698 1008 1750 excursionibus,
1032 1713 1137 1754 quae
1153 1698 1334 1739 ieiunam
1352 1697 1591 1753 aridamque

181 1776 392 1818 materiam
446 1777 711 1833 copiosiorem
766 1778 954 1821 reddant.
1034 1777 1262 1820 Praemisso
1310 1778 1520 1833 prooemio
1559 1777 1590 1834 ²)

179 1854 230 1897 de
261 1855 504 1912 astrologiae
535 1858 774 1900 inventione
808 1859 937 1900 varias
968 1863 1151 1900 recenset
1178 1857 1518 1915 philosophorum
1541 1858 1591 1900 de

178 1933 321 1977 mundi
371 1936 529 1992 origine
577 1939 802 1980 sententias
827 1938 882 1994 3),
933 1938 1160 1993 mundique
1192 1938 1391 1994 figuram,
1427 1937 1590 1994 qualem

178 2025 289 2054 nunc
336 2029 378 2055 se
426 2014 618 2071 praebet,
654 2015 851 2058 describit
874 2017 930 2073 4),
966 2015 1132 2058 uberius
1166 2017 1254 2072 agit
1288 2016 1337 2058 de
1370 2017 1498 2059 ferma
1530 2031 1590 2058 ro-

174 2089 307 2132 tunda
345 2095 486 2134 'terrae
528 2093 573 2135 in
605 2094 739 2136 medio
773 2095 952 2137 rotundo
986 2095 1140 2137 mundo
1173 2095 1392 2151 pendentis
1414 2095 1470 2152 ⁵),
1504 2110 1589 2138 mo-

175 2174 328 2226 netque
361 2173 570 2216 universas
602 2189 665 2216 res
698 2175 840 2217 divina
871 2175 1031 2217 ratione
1063 2175 1297 2232 gubernari.
1326 2175 1358 2231 ⁶)

236 2248 398 2292 Deinde
426 2251 477 2293 ad
508 2252 627 2308 signa
658 2253 869 2296 referenda
900 2255 1049 2296 transit
1081 2258 1202 2310 poeta
1235 2258 1277 2296 et
1308 2254 1384 2296 hac
1418 2254 1584 2310 quidem

171 2328 366 2382 ratione,
405 2336 453 2373 ut
500 2333 679 2389 primum
702 2333 920 2376 duodecim
952 2334 1070 2391 signa
1101 2334 1210 2377 orbis
1242 2335 1428 2391 signiferi
1461 2350 1585 2390 quam

173 2404 407 2451 brevissime
461 2410 663 2453 describat
703 2412 756 2467 ⁷),
813 2412 960 2454 deinde
1009 2413 1196 2470 exposito
1245 2413 1347 2469 quid
1395 2413 1451 2456 sit
1498 2414 1584 2456 axis

222 2572 243 2608 ¹)
290 2574 397 2606 Bentl.
421 2578 522 2614 praef.
548 2578 603 2607 XI.
630 2579 736 2609 Iacob.
763 2580 882 2617 prolog.
910 2580 1008 2610 XVII.

215 2631 242 2671 2)
294 2636 342 2666 Vs.
370 2637 507 2668 1—117.

213 2693 240 2734 ³)
291 2697 473 2728 118—148.

216 2753 242 2793 ⁴)
293 2757 471 2788 149-193.

214 2813 240 2853 5)
290 2817 471 2848 194-246,

213 2872 239 2910 ⁸)
285 2876 469 2908 247—254.

186 2958 191 2966 .
212 2933 238 2969 7)
285 2938 468 2968 255—274.
