1936 3392
1086 291 1141 329 64

426 430 561 486 Ipsum
605 431 829 473 Stoicorum
878 446 961 471 esse
1010 431 1139 485 gregis
1178 446 1268 472 mox
1302 431 1521 487 apparebit.
1589 432 1703 473 Prius
1738 448 1812 473 am·

419 508 525 561 plius
558 507 874 547 demonstremus
907 520 997 546 eum
1032 507 1294 548 astronomiae
1321 508 1495 562 peritum
1517 523 1602 548 esse
1623 509 1810 558 minime,

419 588 615 636 quatenus
659 583 823 637 quidem
861 598 910 624 ex
953 583 1245 641 eiuscarmine
1277 583 1412 638 colligi
1446 590 1591 639 potest.
1656 585 1707 626 Et
1738 586 1818 640 pri-

418 675 548 710 mum,
589 675 758 714 quaeso,
793 660 891 713 quid
924 660 993 713 qui
1028 661 1134 701 hunc
1166 661 1339 716 primum
1373 661 1519 702 librum
1551 661 1694 716 legerit
1728 677 1814 702 cen-

415 738 516 779 sebit
550 738 598 778 de
631 737 724 778 solis
757 737 851 778 orbe
883 738 1049 790 eiusque
1082 737 1168 778 loco
1208 739 1248 778 in
1284 737 1496 778 universo?
1560 738 1814 780 Paucissimis

419 814 546 856 verbis
579 815 627 855 de
660 814 830 870 planetis
863 814 1035 855 disserit.
1090 814 1173 855 Soli
1196 814 1326 856 locum
1350 815 1496 856 tribuit
1516 816 1622 856 inter
1643 815 1812 856 Martem

414 898 453 932 et
486 891 701 942 Venerem,
734 906 826 932 nam
859 906 975 932 verus
1006 891 1102 932 ordo
1135 891 1385 946 planetarum
1407 892 1502 933 inde
1524 907 1547 932 a
1567 891 1649 935 sole
1674 896 1810 934 centro

415 984 502 1011 eum
536 970 601 1010 hic
633 970 701 1010 sit:
733 968 825 1019 Sol,
863 968 1116 1020 Mercurius,
1162 969 1323 1019 Venus,
1357 969 1517 1020 Tellus,
1551 969 1682 1019 Mars,
1719 968 1812 1025 Iup·

413 1047 542 1102 piter,
593 1046 812 1097 Saturnus,
845 1070 906 1077 —
937 1045 1131 1087 Manilius
1159 1035 1274 1087 'inde
1321 1062 1342 1086 a
1393 1050 1498 1087 terra
1536 1051 1671 1088 centro
1703 1047 1812 1088 hunc

414 1125 622 1166 constituit
656 1124 835 1165 ordinem
855 1140 864 1164 ε
898 1123 1059 1174 Tellus,
1093 1123 1234 1172 Luna,
1258 1124 1507 1174 Mercurius,
1531 1123 1694 1175 Venus,
1716 1123 1807 1174 Sol,

412 1201 546 1252 Mars,
596 1201 803 1256 Iuppiter,
854 1201 1064 1243 Saturnus.
1093 1203 1119 1256 ¹)
1183 1201 1238 1242 Hi
1291 1201 1475 1256 planetae
1523 1216 1660 1242 omnes
1705 1201 1811 1242 inter

412 1283 554 1320 terram
596 1283 634 1320 et
668 1279 823 1320 caelum
854 1279 1036 1320 volitant.
1101 1279 1170 1320 Sol
1202 1279 1328 1333 igitur
1360 1279 1615 1333 aliquantum
1647 1293 1670 1319 a
1701 1277 1810 1320 caelo

412 1357 557 1407 distat,
597 1356 705 1410 quod
741 1360 882 1411 poetae
919 1360 978 1397 est
1014 1356 1263 1397 flammarum
1299 1355 1473 1406 vallum,
1506 1359 1673 1397 naturae
1705 1369 1808 1396 moe-

414 1434 534 1488 nia.²)
597 1433 809 1488 Nusquam
840 1438 975 1474 tamen
1008 1447 1138 1487 neque
1170 1434 1269 1483 hoc,
1307 1447 1438 1486 neque
1471 1432 1550 1474 alia
1581 1446 1685 1486 quae
1714 1431 1808 1474 inde

410 1517 647 1567 sequuntur,
695 1511 809 1554 orbes
855 1512 965 1553 varia
1002 1511 1156 1552 scilicet
1199 1510 1502 1565 magnitudine,
1546 1509 1615 1550 sed
1647 1523 1695 1550 ex
1719 1502 1806 1550 ⁴uno

410 1595 545 1632 centro
594 1590 812 1645 descriptos
844 1587 1176 1644 (ὁμοκέντρους),
1212 1588 1388 1643 dispares
1421 1587 1670 1638 celeritates,
1703 1586 1805 1637 alia,

411 1684 433 1708 a
465 1671 583 1722 poeta
611 1667 669 1708 ita
701 1670 976 1722 exponuntur,
1011 1670 1057 1707 ut
1088 1669 1279 1721 appareat
1311 1679 1401 1706 eum
1433 1679 1517 1706 rem
1538 1663 1784 1706 intellexisse
1790 1680 1803 1713 ;

410 1746 553 1784 eontra
599 1742 749 1797 ubique
791 1743 848 1784 ita
895 1741 1008 1783 orbes
1055 1741 1285 1783 caelestium
1333 1755 1543 1796 corporum
1589 1738 1802 1789 describit,

410 1820 523 1874 quasi
571 1835 707 1862 omnes
754 1820 834 1861 sint
880 1820 925 1861 in
971 1834 1052 1860 una
1097 1819 1317 1873 eademque
1363 1818 1595 1874 superficie,
1648 1831 1802 1859 summo

408 1897 560 1939 scilicet
591 1896 715 1939 caelo.

467 1974 529 2016 De
561 1979 738 2030 tempore
772 1978 812 2014 et
834 1973 882 2014 de
915 1972 1194 2028 magnitudine
1227 1971 1421 2013 absolutis
1453 1975 1494 2012 et
1525 1970 1722 2021 relat-ivis,
1755 1974 1802 2012 ut

407 2067 528 2094 novas
574 2052 886 2107 significationes
933 2051 1110 2106 antiquis
1143 2049 1306 2091 vocibus
1337 2049 1604 2104 subiungam,
1646 2047 1800 2108 nullam

343 2144 345 2147 ⁴
407 2131 612 2172 notionem
659 2129 852 2171 Manilius
898 2128 1085 2169 habuisse
1134 2127 1307 2178 videtur,
1356 2128 1398 2168 in
1445 2128 1518 2168 hac
1561 2141 1602 2167 re
1633 2124 1799 2180 reliquis

406 2207 595 2248 Romanis
643 2221 723 2247 non
771 2205 1029 2259 dissimilis.³)
1094 2204 1193 2246 Cum
1243 2205 1350 2246 enim
1388 2207 1587 2258 quantum
1619 2201 1800 2244 obtineat

406 2283 579 2325 mundus
627 2283 802 2337 spatium
835 2282 1025 2324 docturus
1057 2286 1139 2332 est,
1187 2281 1352 2323 laudata
1382 2281 1590 2323 hominum
1619 2280 1796 2329 ratione,

404 2361 501 2412 „cui
533 2360 646 2402 nulla
677 2360 864 2402 resistant
892 2359 1089 2410 claustra,
1123 2374 1196 2400 nec
1218 2360 1434 2401 immensae
1456 2357 1604 2408 moles,
1637 2356 1798 2398 cedant-

403 2453 482 2494 que
528 2452 724 2496 recessus,
774 2438 906 2478 omnia
954 2436 1240 2487 succumbant,
1269 2437 1420 2500 ⁴ipsum
1463 2436 1518 2477 sit
1549 2432 1797 2492 penetrabile

339 2514 342 2517 ⁴
403 2515 602 2566 caelum,”
616 2515 647 2569 4)
669 2529 814 2570 magna
837 2529 932 2555 sane
952 2514 1167 2570 promittit,
1190 2517 1367 2569 praestat
1387 2517 1522 2555 tamen
1543 2511 1658 2554 nihil.
1690 2509 1796 2552 Nam

446 2660 469 2700 ¹)
515 2663 546 2698 1,
571 2662 633 2692 810
657 2669 745 2699 seqq.

445 2719 470 2759 ²)
516 2722 551 2757 1.
578 2722 648 2752 151.

445 2779 470 2818 ³)
520 2781 565 2811 Cf.
589 2781 703 2811 librum
727 2780 886 2815 nostrum,
911 2779 963 2816 qui
984 2779 1169 2808 inscribitur
1193 2779 1330 2809 Lucretii
1347 2779 1551 2817 philosophia
1567 2779 1794 2814 cumfontibus

398 2842 585 2878 ‘comparata
608 2849 679 2878 pag.
703 2841 754 2870 40.

448 2899 472 2942 ⁴)
520 2902 551 2937 Ι,
575 2901 637 2930 539
662 2909 728 2936 sqq.
