1930 3320
784 303 998 345 -69-

331 391 517 429 Carminis
537 393 575 428 et
595 402 744 438 rerum;
767 395 872 429 certa
886 404 974 430 cum
989 393 1074 440 lege
1094 394 1299 429 canentem

331 446 492 483 Mundus
510 449 548 481 et
568 445 760 482 immenso
780 447 907 482 vatem
928 446 1206 493 circumstrepit
1221 446 1311 482 orbe

331 500 474 546 Vixque
495 500 621 535 soluta
641 499 716 535 suis
738 499 894 536 immitit
910 500 1024 536 verba
1044 499 1177 547 figuris
1196 501 1222 535 ¹.

135 617 262 666 Quod
283 617 318 656 si
343 629 385 656 se
413 630 477 656 res
503 617 562 656 ita
578 617 766 667 haberet,
790 617 933 658 debuit
960 618 1151 665 Manilius
1178 617 1317 658 soluta
1342 617 1531 658 oratione
1557 630 1647 659 rem

140 682 359 723 conficere.
379 683 543 722 Rectius
560 687 708 722 contra
726 687 767 722 et
782 683 1009 723 modestius
1027 683 1255 732 Lucretius,
1275 683 1348 735 qui
1367 684 1503 723 Musas
1521 684 1646 724 advo-

135 759 255 788 casse
275 760 318 788 se
348 747 583 800 profitetur,
607 751 653 787 ut
679 748 875 788 acerbam
896 761 984 788 rem
1013 748 1254 799 mitigarent
1275 747 1519 800 tristemque
1546 749 1647 789 doc-

140 812 295 852 trinam
316 812 481 865 poetico
511 813 652 865 lepore
680 812 910 853 involutam
939 813 1103 853 facilius
1129 812 1218 865 ipse
1242 812 1392 852 animis
1417 811 1648 864 legentium

137 876 354 918 insereret.
371 878 424 917 At
441 881 583 917 noster
597 890 740 917 versus
753 878 832 917 sibi
846 878 896 918 de
914 878 1174 918 astronomia
1186 877 1431 930 pangendos
1450 877 1646 929 decrevit,

141 954 228 983 non
254 942 354 995 quia
379 943 512 982 ullum
536 942 631 982 inde
657 942 780 982 ullius
802 943 966 995 generis
989 942 1191 983 auxilium
1223 943 1421 995 sperabat
1441 947 1514 983 aut
1533 956 1650 983 com-

140 1007 332 1057 modum,
359 1008 432 1048 sed
452 1008 565 1060 quod
585 1007 642 1048 sic
663 1020 812 1060 aspera
834 1021 898 1048 res
925 1008 1113 1060 asperior
1137 1007 1270 1058 fieret,
1290 1012 1345 1057 et,
1368 1012 1415 1047 ut
1434 1007 1511 1048 sibi
1532 1009 1650 1048 vide-

139 1072 280 1122 batur,
303 1072 438 1113 honos
459 1072 655 1112 scribenti
675 1077 914 1124 augeretur.
932 1073 1148 1113 Neminem
1171 1073 1300 1124 igitur
1319 1073 1513 1125 ignarum
1534 1074 1647 1123 sinit,

140 1149 292 1178 canere
311 1150 354 1177 se
380 1140 422 1177 et
447 1137 490 1176 in
514 1149 712 1177 numeros
740 1138 910 1186 referre,
935 1151 1029 1190 quae
1057 1138 1126 1178 vix
1154 1151 1281 1191 prosa
1304 1138 1493 1178 oratione
1514 1139 1648 1192 expli-

139 1201 275 1242 canda
291 1201 388 1242 sint.

192 1267 327 1321 Atque
348 1267 540 1307 eamdem
563 1267 616 1307 ob
637 1280 807 1308 causam
828 1268 1023 1308 ferociter
1036 1268 1296 1320 pronuntiat,
1314 1267 1418 1307 nihil
1440 1281 1483 1308 se
1501 1269 1651 1321 quaesi-

140 1336 297 1382 turum,
315 1332 425 1372 unde
448 1332 609 1372 aridam
631 1332 867 1372 doctrinam
888 1334 1133 1372 amoenitate
1155 1333 1296 1385 aliqua
1316 1333 1565 1385 perfundat:

330 1449 467 1485 Ornari
486 1459 547 1485 res
568 1449 650 1497 ipsa
670 1453 800 1497 negat,
823 1451 1005 1486 contenta
1027 1449 1156 1486 doceri
1174 1450 1201 1485 2.

140 1566 344 1619 Itemque,
373 1578 467 1605 cum
491 1566 582 1618 jam
611 1567 654 1606 in
681 1580 730 1607 eo
759 1570 836 1618 est,
867 1571 911 1607 ut
938 1580 1031 1619 quae
1059 1571 1200 1620 partes
1220 1568 1435 1619 signorum
1463 1567 1650 1608 salubres

141 1634 214 1671 aut
243 1630 438 1683 malignae
466 1631 548 1671 sint
574 1631 798 1681 habendae,
823 1636 1021 1685 exponat,
1052 1633 1111 1672 ita
1141 1633 1401 1673 fastidiosam
1429 1645 1647 1674 enumera-

138 1695 298 1736 tionem
323 1700 509 1743 excusat,
541 1700 584 1735 ut
611 1696 758 1736 efferre
782 1697 988 1746 videatur,
1015 1701 1144 1750 utque
1166 1701 1384 1750 appareat,
1407 1697 1527 1739 illum
1553 1698 1650 1739 inde

139 1760 274 1802 doctae
295 1761 528 1802 severitatis
544 1761 714 1802 laudem
734 1762 931 1802 affectare
954 1773 963 1802 ε

331 1877 406 1914 Sed
425 1877 511 1924 quis
531 1880 589 1914 tot
607 1889 800 1922 numeros,
821 1878 962 1914 totiens
983 1879 1054 1915 sub
1071 1878 1156 1926 lege
1176 1878 1337 1924 referre,

329 1931 399 1966 Tot
419 1933 546 1977 partes
567 1931 708 1966 iterare
724 1933 852 1978 queat,
874 1934 930 1967 tot
956 1931 1082 1968 dicere
1102 1943 1290 1974 summas,

329 1983 478 2029 Perque
500 1982 593 2018 artis
613 1993 744 2018 causas
762 1982 900 2018 faciem
922 1986 1072 2019 mutare
1091 1983 1300 2031 loquendi?

330 2034 561 2081 Incipimus‘?
582 2035 658 2071 Sed
681 2034 800 2070 verba
818 2035 942 2081 piget,
966 2035 1032 2071 sed
1050 2035 1177 2082 gratia
1198 2035 1337 2081 deerit;

331 2088 372 2123 In
391 2099 608 2135 vanumque
630 2087 738 2123 labor
756 2087 868 2132 cedit,
891 2099 1008 2134 quem
1029 2088 1190 2135 despicit
1209 2088 1322 2124 auris.

331 2140 405 2177 Sed
428 2140 523 2176 mihi
546 2151 613 2187 per
633 2151 787 2176 carmen
806 2140 939 2176 fatalia
954 2142 1043 2188 jura
1063 2141 1217 2185 ferenti,

329 2193 376 2229 Et
392 2204 521 2229 sacros
542 2194 624 2229 caeli
646 2195 787 2237 motus,
810 2193 858 2229 ad
875 2194 984 2241 jussa
998 2194 1238 2242 loquendum
1258 2197 1332 2240 est;

331 2247 407 2283 Nec
427 2246 609 2294 fingenda
632 2247 756 2292 datur,
778 2249 928 2283 tantum
950 2248 1202 2284 monstranda
1223 2248 1346 2295 figura
1355 2259 1365 2294 3

331 2299 551 2336 ostendisse
572 2300 688 2336 deum
706 2300 820 2336 nimis
839 2304 909 2345 est,
931 2300 1036 2337 dabit
1063 2301 1143 2347 ipse
1164 2300 1318 2338 sibimet

331 2352 519 2389 Pondera.
537 2353 614 2389 Nec
632 2353 690 2389 fas
711 2356 783 2398 est,
805 2353 929 2390 verbis
951 2354 1183 2401 suspendere
1199 2354 1402 2391 mundum.

327 2405 455 2442 Rebus
475 2406 546 2442 erit
567 2406 712 2454 major;
735 2417 806 2442 nec
826 2418 944 2454 parva
961 2409 1018 2443 est
1038 2407 1162 2454 gratia
1183 2407 1305 2444 nostri

331 2458 432 2505 Oris,
453 2459 484 2495 si
502 2461 653 2496 tantum
670 2459 814 2507 poterit
833 2460 987 2507 signare
1010 2460 1186 2497 canenda
1206 2461 1236 2498 ³.

197 2575 348 2616 Credas
379 2577 585 2630 profecto,
615 2581 774 2618 metum
802 2578 865 2618 illi
895 2591 998 2627 esse,
1019 2591 1070 2618 ne
1098 2578 1191 2632 quis
1214 2578 1338 2619 rebus
1363 2582 1512 2632 captus
1538 2577 1650 2619 obli-

143 2639 342 2692 viscatur,
368 2642 508 2681 tristes
536 2654 606 2681 eas
631 2655 680 2682 ac
710 2642 901 2684 difficiles
928 2656 1030 2686 esse.
1053 2645 1158 2684 Nam
1185 2644 1295 2685 unde
1322 2648 1465 2685 tantus
1489 2645 1650 2696 fragor,

188 2777 218 2809 1.
236 2775 392 2814 Astron„
410 2777 436 2816 1,
454 2778 568 2811 20-24.

187 2823 219 2856 2.
240 2821 344 2861 mid„
366 2823 423 2863 111,
443 2825 496 2857 39.

186 2871 218 2904 3.
239 2869 341 2910 Ιὸἰά.,
363 2871 418 2912 lv,
441 2872 587 2905 431-442.
