1936 3392
1074 279 1125 315 6⁵3

398 417 493 457 haec
541 416 701 458 abunde
747 418 825 458 iam
875 418 1019 458 docent
1067 418 1286 460 Manilium
1330 422 1593 461 astronomiae
1632 435 1790 475 prorsus

396 493 584 547 ignarum
616 498 654 534 et
688 493 829 535 rudem
862 494 997 535 fuisse.
1048 495 1199 536 Omnia
1232 499 1391 545 autem,
1426 510 1530 549 quae
1563 510 1610 536 ex
1633 497 1795 538 astrolo-

396 584 539 624 gorum
572 570 754 612 doctrina
785 571 859 611 hoc
893 570 994 612 libro
1027 572 1199 626 profert,
1234 573 1313 613 huc
1346 577 1507 613 tantum
1529 573 1723 622 redeunt,
1748 577 1794 615 ut

396 647 605 703 sphaeram
636 648 837 690 facticiam
870 648 1091 699 describat,
1114 649 1274 703 qualem
1298 650 1470 704 exempli
1494 649 1623 704 gratia
1644 650 1796 692 Romae

394 724 638 768 Posidonius
671 725 831 767 Stoicus
862 726 1148 781 philosophus,
1182 727 1436 768 Archimedis
1469 727 1793 781 sphaeram-imi-

394 807 527 853 tatus,
562 804 714 854 effecit,
750 805 893 854 „cuius
916 804 1100 858 singulae
1124 805 1401 845 conversiones
1424 804 1530 844 idem
1553 804 1731 846 efficiunt
1750 805 1792 846 in

392 880 474 922 sole
522 885 563 921 et
609 881 652 922 in
700 881 796 922 luna
842 885 884 922 et
929 882 974 922 in
1023 883 1204 935 quinque
1237 881 1366 922 stellis
1400 880 1648 932 errantibus,
1683 883 1792 936 quod

393 957 564 998 efficitur
594 958 636 998 in
659 958 768 998 caelo
789 957 962 1012 singulis
985 957 1126 999 diebus
1148 963 1188 998 et
1211 956 1426 998 noctibus”
1453 961 1515 1010 ¹),
1539 963 1610 999 aut
1632 960 1792 1013 potius,

391 1050 483 1076 nam
532 1049 634 1089 quae
682 1035 730 1075 de
781 1035 1105 1076 conversionibus
1138 1036 1313 1076 siderum
1347 1039 1483 1076 narrat
1515 1040 1610 1076 sunt
1640 1050 1793 1091 pauca,

393 1112 509 1166 signa
540 1116 674 1153 autem
707 1113 931 1153 accuratius
963 1113 1021 1152 ita
1054 1112 1266 1161 describit,
1304 1116 1350 1152 ut
1386 1112 1556 1166 effigiem
1578 1113 1677 1154 caeli
1699 1128 1791 1155 eum

394 1194 485 1231 ante
518 1190 654 1231 oculos
686 1189 870 1230 habuisse
903 1190 1038 1243 negari
1075 1190 1140 1231 vix
1172 1191 1323 1244 possit,
1348 1190 1558 1244 sphaeram
1578 1190 1701 1232 talem
1724 1191 1790 1232 de-

390 1267 548 1323 pinxit,
600 1267 756 1320 qualem
804 1267 1016 1307 Bentleius
1067 1267 1261 1322 expressit
1310 1267 1482 1308 fideliter
1529 1282 1576 1308 ex
1624 1268 1792 1321 antiquo

391 1343 510 1399 globo
553 1359 771 1385 marmoreo
819 1345 861 1384 in
909 1343 1075 1384 aedibus
1107 1343 1364 1384 Farnesianis
1396 1343 1573 1395 Romae,
1607 1359 1792 1399 quaeque

392 1428 550 1478 praeter
596 1423 712 1476 signa
758 1422 880 1462 etiam
929 1421 1099 1462 circulos
1146 1422 1190 1462 in
1228 1421 1336 1462 caelo
1370 1422 1584 1477 discriptos
1616 1421 1792 1465 exhibet.

451 1499 566 1542 Hanc
598 1503 734 1540 autem
766 1499 996 1554 opinionem
1029 1499 1122 1540 inde
1156 1498 1398 1540 corroborari
1431 1504 1623 1554 putamus
1655 1499 1787 1555 quod,

387 1581 435 1618 ut
483 1591 604 1632 supra
646 1576 845 1627 diximus,
894 1576 1051 1626 multa,
1105 1590 1206 1630 quae
1255 1577 1355 1617 scire
1389 1575 1605 1628 debuerat,
1638 1578 1672 1618 si
1702 1578 1788 1632 ipse

388 1658 641 1696 astronomus
684 1653 838 1695 caelum
881 1653 1148 1702 observasset,
1183 1668 1224 1694 se
1256 1655 1409 1694 nescire
1441 1653 1585 1709 probat
1594 1670 1607 1704 3
1642 1654 1789 1695 deindo

389 1732 498 1787 quod
545 1733 631 1788 ipse
680 1732 728 1773 de
776 1731 905 1786 globis
952 1732 1072 1786 pictis
1105 1730 1236 1771 dicere
1268 1731 1431 1772 videtur
1462 1746 1518 1773 vs.
1555 1716 1643 1773 44⁴3
1677 1746 1785 1787 seqq.

389 1809 520 1862 „His,
570 1811 676 1851 inter
723 1809 899 1862 solisque
947 1809 1030 1849 vias
1063 1810 1286 1862 Arctosque
1319 1808 1505 1860 latentis,
1539 1823 1652 1850 axem
1685 1823 1788 1863 quae

388 1888 529 1929 mundi
561 1887 797 1928 stridentem
828 1885 1005 1942 pondere
1035 1890 1246 1939 torquent,
1280 1885 1373 1926 orbe
1397 1887 1610 1941 peregrino
1631 1886 1786 1928 caelum

389 1965 611 2019 depinqitur
647 1964 779 2014 astris,
816 1978 918 2017 quae
949 1963 1063 2004 notia
1090 1963 1252 2017 antiqui
1276 1962 1466 2004 dixerunt
1487 1963 1617 2004 sidera
1638 1963 1789 2005 vates.”

389 2042 511 2097 Quod
574 2043 678 2084 enim
733 2045 920 2092 vertunt,
983 2041 1180 2095 Pingreus
1234 2040 1561 2090 „embellissent”
1614 2056 1787 2096 eumque

388 2137 558 2176 sequens
592 2120 748 2163 Merkel
782 2118 1096 2170 ,‚schm1‘ieken”,
1131 2134 1212 2172 quo
1244 2119 1368 2160 modo>
1391 2118 1608 2160 defendant
1638 2120 1786 2161 nescio.

388 2199 512 2242 Mitto
556 2203 691 2246 autem
722 2198 857 2239 locum
889 2201 1121 2252 corruptum
1155 2210 1213 2236 vs.
1249 2198 1333 2237 455
1347 2228 1359 2246 ,
1400 2196 1469 2237 ubi
1495 2197 1668 2249 pinquat
1699 2198 1787 2252 (pro

381 2278 530 2332 pinqit)
580 2275 788 2317 Bentleius
828 2275 878 2316 de
925 2272 1056 2329 globis
1089 2274 1258 2315 facticiis
1285 2273 1605 2328 intellegendum
1637 2278 1786 2315 censet.

449 2354 637 2407 Denique
675 2367 774 2394 ‘cum
822 2351 980 2406 saepius
1013 2350 1228 2391 Eudoxum
1261 2351 1375 2404 sequi
1408 2351 1616 2401 videatur,
1649 2354 1785 2392 tamen

387 2431 591 2474 interdum
625 2445 727 2484 qnae
757 2430 800 2470 in
833 2428 953 2484 globo
984 2429 1094 2484 picto
1126 2428 1252 2468 videri
1284 2432 1493 2481 poterant,
1526 2428 1597 2469 sed
1627 2426 1787 2469 Eudoxi

388 2513 568 2558 tempore
600 2521 682 2548 nnn
705 2505 972 2554 docebantur,
1006 2505 1139 2545 refert.
1204 2502 1262 2544 Ut
1294 2503 1374 2545 duo
1413 2504 1594 2544 afferam:
1629 2503 1786 2544 Eudoxi

389 2590 521 2627 aetate
568 2585 735 2639 signifer
783 2583 892 2624 orbis
942 2582 1128 2623 undecim
1177 2581 1293 2635 signa
1336 2580 1478 2627 habere
1512 2579 1731 2622 dicebatur.
1755 2579 1787 2635 2)

389 2664 583 2704 Manilius
617 2667 749 2703 tamen
785 2661 993 2702 duodecim
1027 2663 1255 2708 enumerat,
1291 2659 1392 2699 libra
1425 2658 1563 2699 addita
1586 2657 1631 2712 ³),
1665 2672 1785 2711 quam

436 2782 458 2817 ¹)
507 2783 570 2812 Cic.
595 2784 632 2812 11(Δ
658 2783 730 2812 Nat.
757 2782 790 2811 D.
815 2782 852 2812 2.
877 2782 935 2815 34,
961 2781 1010 2809 88.

434 2844 458 2876 2)
507 2842 552 2871 Cf.
578 2843 695 2882 Martiu
722 2843 752 2870 iu
778 2842 938 2870 Divtionu.
964 2841 1018 2869 des
1043 2840 1143 2875 antiq.
1169 2839 1219 2867 Gr.
1245 2842 1275 2867 et
1303 2838 1388 2867 Rom.
1413 2847 1484 2875 pag.
1509 2838 1582 2867 484.

433 2902 459 2942 ²⁵)
506 2903 541 2937 l,
566 2903 638 2931 ⁶267.
