1910 3250
0 362 27 486 ‘tw‘
0 143 31 342 ώῦῖώςςν-ώε-’έ
7 119 28 130 2

38 181 49 194 ,
39 97 41 99 ,

0 967 2 974 ς
0 900 9 910 -ς
0 790 22 894 “wau
0 524 23 748 *ze-mss:
0 487 14 518 22⁴·

51 0 383 47 §ww-ffl-
398 6 400 14 ’

917 263 1191 302 „gg-

807 381 930 425 ,‚Pax
955 382 1022 416 est
1045 380 1230 415 sublata
1253 391 1318 426 per
1340 382 1462 417 orbem

561 438 610 472 Et
633 437 715 471 fidei
737 447 857 471 rarum
881 437 1007 471 foedus
1031 437 1226 482 paucisque
1250 437 1418 473 trIbutum
1441 465 1450 474 .
1475 466 1484 474 .
1507 466 1516 474 .

561 493 686 537 Atque
709 492 889 528 hominum
914 495 1038 537 gentes
1062 493 1206 528 inimica
1229 495 1324 528 sorte
1349 494 1540 530 feruntur“.

339 583 446 621 Rata
473 582 626 627 enim15)
655 583 751 621 haec
776 582 900 620 fecere
919 582 1192 621 Maroboduus
1219 585 1259 621 et
1278 583 1473 622 Catualda
1490 585 1532 622 in
1553 584 1774 635 Germania,

338 650 608 700 Rhescuporis
640 651 680 688 in
709 651 891 699 Thracia,
926 650 1116 688 Vonones
1144 651 1250 700 apud
1274 651 1447 690 Parthos
1476 652 1706 691 Tacfarinas
1733 651 1775 690 in

336 718 490 767 Africa,
518 723 558 756 et
586 719 619 756 si
649 719 715 766 qui
743 718 814 756 alii
842 722 924 756 tum
951 718 1050 756 male
1079 717 1155 756 sibi
1174 718 1286 756 fidem
1305 719 1539 768 promissam
1557 731 1774 758 servavere.

439 786 548 833 Quae
575 798 661 823 eum
688 786 746 824 ita
772 786 866 835 sint,
895 786 992 824 satis
1020 789 1168 824 certum
1187 787 1345 825 videtur
1362 787 1573 825 Manilium
1591 787 1710 826 etiam
1726 786 1775 825 de

335 857 460 891 morte
481 853 706 892 Germanici
733 866 768 891 a.
787 854 838 891 U.
867 855 953 901 773,
981 853 1173 902 quidquid
1200 858 1281 893 tum
1309 854 1381 892 sub
1411 854 1535 892 oculis
1563 854 1775 904 suspiciosi

335 921 527 970 principis
555 925 726 970 poterat,
753 921 1046 958 Astronomieis
1074 921 1298 960 inseruisse.

435 988 514 1026 Sed
547 988 643 1026 haee
670 989 827 1037 quidem
852 989 1042 1026 hacteuus
1069 989 1118 1027 de
1147 987 1373 1027 Germanici
1400 993 1440 1028 et
1465 988 1626 1028 Manilii
1654 989 1775 1027 socie—

333 1058 428 1104 tate,
457 1067 571 1105 quam
590 1056 710 1094 fuisse
729 1056 822 1094 dum
839 1057 1106 1106 probavimus,
1134 1057 1249 1095 nobis
1269 1057 1453 1106 contigit,
1477 1059 1532 1107 ut,
1553 1069 1652 1106 quae
1671 1058 1778 1095 esset

331 1123 644 1161 Astronomicon
670 1126 792 1172 aetas,
818 1124 1040 1162 accuratius
1072 1135 1186 1172 quam
1213 1127 1303 1164 ante
1330 1135 1669 1174 cognosceremus,

433 1190 589 1238 Restat,
615 1194 659 1228 ut
686 1191 736 1228 ob
765 1203 849 1229 eam
868 1191 995 1240 ipsam
1013 1192 1353 1241 necessitudinem,
1381 1204 1481 1240 quae
1498 1192 1669 1231 Manilio
1688 1204 1775 1231 cum

334 1256 569 1296 Germanico
598 1259 870 1297 intercessisse
898 1259 1068 1308 videtur,
1096 1271 1212 1309 aegre
1240 1272 1298 1298 me
1317 1260 1419 1298 ferre
1438 1261 1639 1310 confitear,
1669 1260 1775 1310 quod

333 1337 453 1374 supra
479 1326 695 1364 identidem
722 1330 849 1364 totum
876 1338 1032 1365 carmen
1060 1327 1108 1365 ab
1128 1327 1199 1366 illo
1219 1327 1269 1365 ad
1289 1327 1493 1366 Tiberium
1511 1328 1671 1366 missum
1689 1339 1775 1366 esse

331 1391 428 1440 dixi,
448 1396 566 1441 atque
581 1394 749 1442 primum
763 1397 916 1433 tantum
932 1395 1014 1432 eius
1031 1395 1163 1444 operis
1180 1395 1324 1434 librum
1338 1396 1475 1434 eodem
1490 1395 1570 1434 fere
1584 1398 1776 1446 tempore,

334 1471 411 1508 quo
445 1460 536 1498 huic
569 1462 743 1511 principi
778 1462 880 1500 filius
917 1462 1082 1501 innoxio
1117 1475 1187 1501 nec
1215 1463 1436 1513 suspicioso
1465 1463 1596 1502 animo
1623 1462 1776 1501 Aratea

332 1526 543 1577 dedicavit,
578 1529 703 1567 eidem
729 1529 971 1568 destinatum
997 1542 1082 1568 esse
1110 1534 1291 1569 statuam.
1342 1530 1446 1569 Nam
1473 1531 1650 1580 quisquis
1679 1529 1775 1570 Ger-

332 1595 475 1632 manici
503 1608 634 1635 amore
663 1597 858 1646 flagravit,
885 1597 1034 1636 Pisone
1060 1598 1153 1636 huic
1179 1598 1271 1636 duci
1298 1598 1387 1636 loeo
1416 1599 1593 1637 custodis
1615 1598 1667 1637 ad
1685 1609 1775 1648 spes

332 1663 567 1701 coercendas
601 1665 790 1702 adiuncto
826 1665 902 1703 iam
938 1665 1101 1704 Tiberio
1137 1666 1293 1704 studere
1327 1678 1407 1704 non
1441 1667 1586 1716 potuit.
1643 1664 1774 1714 Quid?

333 1731 440 1777 quod
459 1731 650 1770 Manilius
677 1732 763 1781 ipse
790 1732 882 1770 huic
910 1732 1056 1771 iudicio
1084 1745 1165 1772 non
1187 1738 1398 1783 repugnat.
1438 1734 1522 1772 Iam
1540 1735 1582 1772 in
1601 1733 1773 1772 secundo

331 1797 694 1845 Astronomiconffi)
730 1801 950 1850 principem
981 1801 1039 1839 ita
1065 1802 1205 1851 carpit,
1239 1805 1283 1840 ut
1308 1802 1356 1840 de
1385 1800 1544 1851 Scorpii
1571 1801 1774 1841 effectibus

331 1865 427 1903 haec
454 1866 494 1904 in
523 1867 692 1906 medium
719 1867 899 1917 proferat
928 1868 1001 1918 (11,
1028 1869 1264 1918 633—636):

532 1951 724 1997 „Scorpius
749 1955 787 1987 et
811 1951 951 1988 Cancer
975 1953 1134 1988 fraterna
1157 1953 1194 1988 in
1217 1954 1363 1989 nomina
1387 1953 1521 1990 ducunt

531 2008 589 2042 Ex
613 2010 728 2042 semet
751 2009 910 2053 genit0s3
937 2020 1004 2045 nec
1027 2021 1099 2046 non
1123 2013 1160 2045 et
1183 2010 1353 2045 Piscibus
1377 2011 1446 2046 orti

533 2063 763 2100 Concordant
785 2065 863 2101 illis.
913 2065 1031 2111 Saepe
1056 2068 1113 2102 est
1136 2068 1173 2101 et
1197 2066 1415 2102 subdolus
1440 2069 1559 2103 actus:

532 2120 705 2166 Scorpius
730 2122 890 2167 aspergit
912 2133 1031 2158 noxas
1055 2123 1121 2159 sub
1146 2122 1287 2158 nomine
1313 2122 1451 2167 amier‘,

331 2204 472 2243 deinde
506 2205 550 2243 in
580 2206 701 2244 tertio
738 2207 903 2246 eundem
935 2207 1054 2256 plane
1089 2207 1276 2257 neglegit,
1311 2219 1398 2246 cum
1429 2208 1591 2246 absente
1622 2205 1774 2246 Romae

331 2272 511 2322 principe
550 2273 602 2312 ad
643 2286 776 2312 omnes
811 2274 1054 2325 astrologiae
1089 2274 1292 2314 studiosos
1325 2275 1592 2325 cogitationes
1624 2274 1774 2324 dirigat

331 2340 391 2378 his
418 2341 597 2381 versibus
626 2342 705 2390 III,
732 2343 792 2381 36.
821 2344 887 2381 37:

420 2525 461 2572 15)
488 2527 577 2562 Tae.
600 2526 697 2562 Ann.
721 2527 769 2570 Π,
794 2527 854 2570 63;
879 2525 947 2570 111,
970 2528 1024 2562 20.
1071 2525 1113 2569 1ὅ)
1135 2526 1319 2562 Interdum
1344 2527 1453 2563 etiam
1477 2527 1639 2574 suspicor
1662 2537 1772 2574 quae·

331 2592 468 2628 cunque
491 2583 527 2618 in
550 2584 619 2619 hoc
642 2583 730 2618 libro
755 2583 901 2618 Tiberio
926 2583 961 2617 in
988 2582 1118 2618 malam
1143 2586 1283 2628 partem
1308 2583 1521 2629 accipienda
1543 2583 1651 2627 fuere,
1679 2595 1726 2619 ea
1747 2595 1771 2619 a

329 2639 478 2675 Manilio
508 2641 592 2684 post
622 2642 772 2675 mortem
799 2639 1003 2675 Germanici
1034 2639 1248 2684 interposita
1275 2651 1366 2676 esse.
1396 2659 1441 2666 -
1472 2639 1579 2676 Certe
1602 2639 1660 2676 hic
1681 2639 1772 2676 liber

329 2707 418 2740 prae
443 2696 574 2732 ceteris
598 2695 726 2741 dignus
749 2696 835 2732 mihi
858 2695 1008 2740 videtur,
1031 2695 1091 2741 qui
1114 2706 1219 2741 quem
1243 2695 1291 2732 ad
1314 2696 1458 2734 modum
1475 2696 1696 2742 compositus
1711 2696 1770 2740 sit,

331 2762 495 2790 seorsum
520 2755 726 2799 quaeratur.
