1930 3320
779 326 994 368 -51-

134 419 178 459 in
197 431 246 459 eo
267 419 500 465 morantur,
526 415 569 455 id
585 415 761 456 subinde
776 416 954 468 jactant,
977 417 1094 457 omni
1121 417 1248 457 modo
1269 421 1453 467 versant,
1473 422 1516 458 et
1543 431 1635 458 om-

134 496 231 524 nem
251 483 294 522 in
313 495 363 523 eo
382 482 480 522 vitae
502 480 708 521 rationem
730 482 910 522 fundant
930 494 939 522 :
962 482 1059 522 inde
1082 495 1251 523 omnem
1274 483 1405 523 animi
1425 483 1634 535 guberna-

136 550 290 589 tionem
310 547 548 587 instituunt.
567 547 672 594 Quid
701 559 799 587 vero
826 548 905 586 sibi
930 548 1092 597 volunt,
1124 549 1296 588 ferenda
1321 561 1409 588 esse
1435 549 1636 589 iterantes

133 627 226 667 quae
247 614 335 653 fata
357 612 595 652 adduxere?
611 613 695 651 Ista
712 612 869 652 scilicet
890 625 1018 665 quam
1042 613 1186 653 dicunt
1203 614 1466 666 patientiam,
1490 627 1637 654 revera

129 679 228 719 fatis
247 678 386 717 obstat
403 689 411 717 :
430 681 607 717 nectam
628 678 768 716 ferunt
788 689 916 730 quam
937 679 1109 718 ferendo
1130 678 1303 718 vineunt
1323 679 1425 719 fata.
1441 679 1505 719 Ita
1523 679 1636 720 enim

130 742 268 784 claudi
298 747 340 782 et
363 742 514 782 vallari
542 742 738 782 animum·
760 742 907 782 volunt
937 743 1135 783 adversus
1170 746 1359 795 externa,
1390 748 1438 783 ut
1473 744 1635 784 aditum

131 807 296 848 nullum
329 807 383 847 ad
417 820 513 846 eum
549 807 749 856 habeant,
777 808 1062 860 patientiaque
1096 808 1212 847 velut
1250 808 1398 860 clypeo
1437 808 1636 850 hebetata

132 872 350 921 resultent,
392 885 537 924 aequus
574 876 714 912 autem
758 873 846 924 ipse
885 877 1011 925 atque
1057 872 1293 912 inturbidus
1333 885 1384 912 ne
1424 872 1635 914 levissimo

132 938 303 990 quidem
323 941 440 977 motu
462 937 671 977 afficiatur
693 950 701 977 :
725 950 870 977 omnes
900 937 1129 978 admodum
1162 937 1380 990 cupidines
1402 941 1443 978 et
1470 942 1634 990 pertur-

132 1003 323 1043 bationes
344 1015 437 1055 quae
464 1006 733 1042 externorum
760 1015 900 1054 causa,
923 1015 995 1055 spe
1023 1003 1262 1042 futurorum
1289 1007 1360 1042 aut
1381 1007 1633 1043 eventorum

132 1081 256 1108 sensu
293 1067 529 1108 excitantur
550 1099 560 1118 ,
602 1068 800 1107 sedentur
837 1071 963 1120 atque
998 1067 1334 1119 exstinguantur.
1376 1069 1468 1107 Non
1506 1068 1635 1118 igitur

132 1132 278 1172 fatalia
302 1132 410 1171 ferre
436 1132 683 1183 sapientem,
718 1136 764 1170 ut
790 1144 933 1171 servus
962 1132 1208 1172 servitutem
1232 1132 1327 1181 fert,
1352 1131 1558 1171 flectendo
1586 1145 1634 1173 ac

132 1209 175 1236 se
211 1196 500 1249 deprimendo,
522 1197 595 1236 sed
626 1200 672 1236 ut
706 1196 824 1236 miles
858 1197 979 1247 ictus,
1003 1196 1244 1236 obsistendo
1283 1200 1432 1236 contra
1464 1197 1633 1249 vimque

131 1265 264 1301 totam
291 1261 523 1301 intendens.
545 1262 595 1300 Et
618 1261 710 1313 quis
730 1261 874 1302 credat
899 1266 1062 1301 tantam
1083 1274 1173 1301 rem
1195 1261 1247 1301 ab
1269 1261 1356 1302 ullo
1381 1274 1478 1302 vere
1501 1262 1633 1302 stoico

130 1329 219 1366 tam
238 1326 356 1367 brevi
375 1331 416 1367 et
435 1326 588 1378 frigida
608 1326 816 1367 sententia
833 1339 955 1379 posse
975 1326 1170 1367 concludi
1192 1339 1202 1367 :

488 1431 577 1467 Sors
595 1434 653 1468 est
674 1443 744 1467 sua
764 1432 897 1479 cuique
917 1431 1089 1478 ferenda,

134 1553 179 1589 ut
207 1548 304 1590 inde
330 1562 465 1602 neque
488 1549 622 1589 ullum
654 1549 820 1588 initium
846 1553 985 1588 sumat
1011 1549 1064 1588 ad
1097 1548 1356 1588 suadendam
1391 1547 1635 1600 aequitatem

132 1615 248 1654 illam
276 1615 405 1654 animi
433 1627 480 1654 ac
506 1615 774 1654 serenitatem
795 1627 928 1667 neque
947 1613 997 1654 de
1023 1613 1096 1653 illa
1119 1626 1247 1666 quam
1270 1613 1392 1653 toties
1418 1624 1633 1652 commen-

133 1679 339 1718 daverunt
369 1680 547 1720 Zenonis
575 1680 766 1731 discipuli
797 1678 989 1733 ἀταραξίαν
1015 1683 1055 1718 et
1086 1681 1274 1727 ἀπαθεῖαν,
1302 1678 1477 1717 verbum
1499 1676 1634 1716 ullum

133 1743 272 1783 faciat.

183 1808 291 1848 Illud
328 1809 475 1849 saltem
515 1813 604 1848 erat
643 1809 971 1861 exponendum,
1014 1809 1228 1861 quomodo
1270 1809 1357 1848 fata
1395 1807 1634 1846 libertatem

131 1874 329 1925 sapientis
361 1887 444 1913 non
481 1874 781 1927 opprimerent,
821 1878 948 1926 utque
985 1874 1152 1926 sapiens
1188 1874 1423 1913 necessaria
1458 1885 1636 1912 eonsen-

131 1938 272 1978 tiendo
298 1939 343 1978 in
368 1939 628 1979 voluntatem
656 1944 933 1988 converteret,
957 1951 1088 1991 eaque
1117 1939 1260 1978 omnia
1287 1951 1382 1991 quae
1408 1937 1514 1977 ratio
1543 1937 1635 1976 uni-

131 2015 252 2042 versa
277 2003 423 2043 mundi
449 2005 587 2053 ferret,
611 2017 687 2044 sua
711 2004 840 2057 ipsius
867 2003 1027 2044 ratione
1056 2003 1250 2056 eligendo
1279 2003 1358 2043 sibi
1387 2002 1632 2043 vindicaret.

131 2069 272 2120 Neque
305 2068 498 2121 equidem
531 2069 621 2108 fieri
653 2082 773 2120 posse
806 2069 1002 2117 arbitror,
1033 2072 1094 2116 ut,
1124 2069 1158 2108 si
1191 2068 1317 2108 modo
1349 2067 1506 2108 stoicus
1539 2066 1633 2118 fuit,

132 2132 325 2173 Manilius
361 2145 447 2173 non
484 2133 674 2173 homines
711 2133 940 2184 edocuerit,
982 2137 1028 2172 ut
1063 2146 1159 2172 cum
1197 2133 1321 2172 astris
1357 2133 1486 2172 velint
1524 2146 1533 2171 :
1568 2131 1636 2170 hic

133 2209 301 2237 omnem
325 2202 435 2238 stare
461 2199 725 2251 sapientiam,
748 2198 816 2238 hic
848 2198 1062 2249 virtutem,
1094 2198 1161 2238 hic
1192 2197 1450 2238 felicitatem.
1480 2196 1638 2236 Contra

131 2262 359 2302 stoicorum
379 2263 543 2316 placitis
564 2276 782 2316 nunquam
811 2267 894 2303 tam
917 2262 1055 2303 aliena
1073 2262 1217 2311 sensit,
1241 2275 1369 2315 quam
1388 2262 1432 2302 in
1455 2261 1519 2301 his
1540 2273 1635 2313 quae

102 2366 108 2369 .
131 2326 174 2367 in
196 2327 345 2368 eodem
365 2327 458 2369 loco
478 2329 529 2370 de
550 2329 702 2369 virtute
723 2328 888 2381 scripsit
911 2341 920 2367 ε

322 2431 416 2466 Ecce
436 2432 586 2476 patrem
605 2429 685 2465 nati
705 2429 914 2477 perimunt,
936 2431 1122 2476 natosque
1142 2430 1318 2475 parentes
1338 2440 1347 2464 ε

319 2485 524 2530 Mutuaque
541 2482 679 2519 armati
698 2485 838 2519 coeunt
852 2483 892 2518 in
911 2482 1069 2518 vulnera
1090 2482 1226 2518 fratres
1243 2493 1253 2526 ;

318 2537 402 2572 Non
421 2539 596 2572 nostrum
616 2536 689 2572 hoc
707 2536 852 2572 bellum
873 2537 930 2571 est
951 2547 959 2572 :
983 2537 1172 2583 coguntur
1187 2537 1294 2570 tanta
1314 2533 1476 2577 moveri,

318 2589 436 2637 Inque
457 2600 547 2626 suas
567 2589 658 2626 ferri
677 2601 824 2637 poenas,
847 2589 1129 2636 lacerandaque
1156 2588 1333 2624 membra
1354 2589 1381 2623 ¹.

132 2705 243 2746 Illud
276 2719 376 2747 sane
407 2709 535 2748 stoice
559 2721 644 2749 non
676 2713 812 2749 sonat.
835 2710 958 2759 Nam,
981 2709 1015 2749 si
1039 2709 1081 2749 id
1110 2708 1354 2762 accipimus,
1375 2720 1462 2748 non
1491 2707 1630 2746 minus

133 2782 242 2811 vana
261 2775 302 2810 et
327 2771 435 2812 levia.
461 2774 618 2814 Seneca
633 2778 676 2814 et
695 2774 910 2827 Epictetus
937 2787 1168 2828 omnesque
1194 2774 1412 2827 sapientiae
1439 2773 1635 2812 doctores

178 2900 207 2932 1.
227 2899 380 2939 Astron..
398 2901 455 2943 lv,
476 2903 544 2935 82.-
