1936 3392
840 319 926 361 57.

214 466 296 516 IV,
341 469 447 508 119:
494 465 615 518 Quod
639 467 833 521 quoniam
963 463 1030 514 ΙΙ,
1067 463 1180 504 478ε
1232 461 1354 513 Quod
1387 462 1578 516 quoniam

149 545 294 596 docui,
341 549 526 601 superest
558 558 669 586 nunc
689 576 697 585 .
719 576 728 584 .
749 576 757 585 .
778 539 837 584 fal
897 542 1041 593 docui,
1076 555 1241 598 pergam
1276 546 1488 582 conectere
1507 571 1516 581 .
1537 569 1548 580 .
1569 570 1579 580 .

149 623 330 667 bricare'.
354 656 364 666 .
385 656 395 666 .

208 701 295 754 IV,
335 704 444 745 122:
506 701 628 745 Nunc
658 702 735 744 tibi
757 735 765 744 .
787 735 796 744 .
817 734 827 744 .
956 700 1018 752 V,
1056 701 1195 742 1281:
1231 698 1355 741 Nunc
1388 697 1467 740 tibi
1498 712 1580 753 quo

145 795 197 824 ex
227 781 369 824 ordine
402 781 582 823 reddam.
893 784 1014 837 pacto
1033 812 1042 822 .
1065 812 1074 822 .
1093 812 1102 822 .

207 861 253 913 I,
280 863 392 903 255:
428 860 550 903 Nunc
583 860 689 903 tibi.
711 875 829 903 ..or-
958 858 1048 910 III,
1104 859 1212 900 177:
1279 856 1322 899 Is
1358 856 1435 898 tibi
1468 870 1578 898 nunc

145 939 312 983 dinibus
345 941 466 982 certis
500 941 686 983 referam.
891 940 1052 982 animus
1073 972 1082 981 .
1103 971 1112 981 .
1135 970 1143 980 .
1163 952 1330 995 pergam
1372 935 1573 979 rationem

888 1018 1058 1061 reddere
1090 1018 1225 1060 dictis.

207 1097 301 1149 111,
327 1099 409 1141 43:
444 1097 568 1140 Nunc
591 1114 665 1154 age
683 1097 826 1140 subtili
953 1096 1022 1148 II,
1062 1098 1174 1140 730:
1224 1095 1349 1138 Nunc
1371 1110 1445 1151 age
1463 1094 1573 1136 dicta

142 1192 227 1220 rem
270 1192 470 1220 summam
513 1179 697 1234 perspice
732 1192 828 1220 cura
892 1192 982 1219 meo
1037 1176 1149 1218 dulci
1203 1175 1389 1231 quaesita
1438 1173 1574 1215 labore

142 1257 322 1313 (percipe
347 1257 568 1313 legendum
576 1256 608 1313 ?)
730 1288 737 1298 .
891 1258 1055 1314 percipe
1075 1289 1083 1298 .
1105 1289 1114 1298 .
1136 1288 1145 1297 .

204 1335 296 1386 III,
334 1338 446 1378 618:
498 1337 579 1378 Sed
611 1341 747 1378 tamen
782 1338 826 1378 in
954 1335 1022 1387 II,
1072 1337 1183 1378 581:
1251 1334 1453 1376 Illud...
1478 1348 1573 1375 con·

142 1415 282 1469 primis
331 1416 498 1457 memori
547 1420 644 1457 sunt
686 1420 822 1457 mente
886 1415 999 1457 venit
1043 1419 1084 1456 et
1126 1414 1295 1456 memori
1333 1413 1570 1455 mandatum

141 1493 320 1536 notanda
339 1526 348 1536 .
369 1526 378 1535 .
401 1527 410 1536 .
887 1499 1022 1537 mente
1054 1500 1193 1536 tenere
1218 1526 1226 1534 .
1248 1524 1258 1535 .
1280 1525 1289 1535 .

202 1571 328 1615 Plura
361 1573 501 1630 colligi
523 1575 704 1630 possint,
729 1590 822 1616 nam
847 1590 893 1615 ea
914 1578 1079 1616 tantum
1101 1572 1263 1629 collegi,
1288 1587 1392 1628 quae
1417 1572 1569 1627 legenti

142 1651 245 1694 mihi
293 1651 540 1695 Lueretiana
590 1653 835 1696 videbantur
845 1672 856 1705 3
907 1654 978 1696 sed
1026 1658 1186 1710 praeter
1223 1652 1349 1694 allata
1382 1652 1570 1708 exempla

141 1736 238 1772 sunt
286 1730 407 1773 verba
455 1731 619 1788 singula
651 1737 692 1774 et
725 1732 908 1775 obsoleta
941 1732 1138 1775 vocabula
1169 1732 1301 1775 multa
1334 1738 1375 1773 et
1408 1735 1569 1773 senten-

139 1810 246 1861 tiae,
281 1825 385 1866 quae
419 1812 494 1853 etsi
528 1827 608 1854 non
643 1812 835 1855 omnibus
867 1814 1046 1855 numeris
1077 1828 1171 1854 cum
1194 1812 1454 1854 Lucretianis
1477 1827 1568 1854 con—

139 1894 315 1944 gruunt,
351 1894 488 1933 tamen
520 1891 631 1934 hunc
663 1898 826 1948 poetam
858 1893 902 1934 in
937 1893 1171 1935 memoriam
1205 1897 1410 1934 revocant.

200 1968 398 2012 Manilius
446 1970 524 2012 iam
574 1971 670 2013 inde
719 1987 742 2014 a
790 1972 933 2028 primis
972 1972 1163 2014 carminis
1203 1971 1384 2014 versibus
1417 1987 1468 2013 ne
1502 1971 1567 2013 cui

138 2047 290 2104 legenti
325 2049 374 2091 de
406 2050 535 2092 totius
569 2051 700 2107 operis
734 2052 894 2093 ratione
926 2051 1099 2094 dubium
1135 2067 1222 2094 esse
1254 2056 1392 2108 posset
1426 2056 1564 2093 utrum

138 2126 398 2184 astrologiam
453 2144 541 2172 eam
595 2130 780 2182 doceret,
841 2146 962 2186 quam
1017 2133 1169 2174 Aratus
1218 2137 1259 2173 et-
1303 2131 1567 2188 Hipparchus

137 2205 422 2262 evulgassent,
467 2224 519 2251 an
556 2209 854 2252 Chaldaeorum
893 2211 1146 2263 doctrinam,
1191 2211 1346 2253 cavisse
1389 2211 1564 2253 videtur.

137 2283 244 2327 Nam
277 2286 328 2328 ad
360 2295 574 2343 poetarum
609 2289 823 2332 decantata
856 2290 1042 2333 alludens
1077 2290 1196 2334 verba
1221 2291 1267 2346 ¹),
1304 2290 1455 2346 quibus
1484 2305 1564 2332 ma-

180 2440 205 2476 ¹)
419 2447 587 2482 „carmina
613 2448 660 2477 vel
687 2448 774 2478 caelo
801 2450 936 2486 possunt
961 2449 1118 2479 deducere
1144 2450 1294 2479 Lunams·

1140 2511 1232 2548 Verg.
1258 2512 1322 2542 Eel.
1349 2512 1441 2545 VIII.
1466 2513 1517 2542 69.

919 2571 1017 2606 „mihi
1042 2580 1138 2602 verax

414 2627 562 2665 pollicita
601 2630 651 2658 est
685 2630 810 2667 magico
835 2640 913 2668 saga
937 2631 1138 2665 ministerio,

414 2688 495 2718 hanc
521 2698 579 2726 ego
606 2690 644 2720 de
670 2691 756 2721 caelo
783 2692 950 2722 dueentem
975 2693 1083 2723 sidera
1106 2693 1206 2723 vidi.'‘

1248 2756 1316 2786 Tib.
1343 2757 1373 2786 Ι,
1399 2758 1436 2787 2.
1462 2758 1513 2786 43.

415 2812 549 2845 „cantus
575 2814 608 2841 et
633 2823 648 2842 e
673 2822 764 2843 curru
790 2814 908 2844 Lunam
934 2815 1091 2846 deducere
1116 2817 1260 2847 tentat.”
1368 2798 1376 2805 ι

1245 2878 1314 2908 Tib.
1340 2880 1371 2909 1.
1397 2881 1434 2914 S,
1460 2880 1511 2909 21.

421 2933 582 2964 „carmina-
605 2935 801 2971 sanguineae
827 2936 988 2967 deducunt
1014 2947 1132 2968 cornua
1156 2939 1282 2968 luuae.’'

663 2995 754 3026 Ovid.
779 2996 846 3026 Am.
871 2997 920 3034 ΙΙ,
948 2998 982 3033 1,
1008 2999 1059 3028 23.
1085 2999 1214 3030 Metam.
1241 3000 1316 3034 vu,
1341 3001 1403 3031 207
1430 3001 1509 3031 cett.
