1936 3392
1090 296 1143 333 62

480 437 572 477 Non
623 437 837 477 admodum
884 436 1002 490 longe
1035 452 1058 476 a
1089 441 1194 478 terra
1226 436 1378 477 distant
1410 441 1605 485 cometae,
1645 452 1811 490 quorum

418 528 560 568 eorpus
610 527 686 554 uon
734 518 793 553 est
825 513 1025 562 solidum,
1060 513 1128 554 sed
1167 513 1316 554 volucri
1350 514 1598 555 simillimum
1630 515 1752 556 fumo.
1782 517 1808 569 ¹)

416 590 540 631 Totus
573 590 638 630 hic
669 589 842 630 mundus
875 589 1050 630 volvitur
1081 589 1128 630 ab
1163 589 1314 631 oriente
1346 590 1427 631 sole
1460 590 1500 631 in
1534 591 1778 631 occidentem
1798 624 1808 639 ,

416 668 766 715 circum-terram,
801 681 901 720 quae
936 671 994 707 est
1026 671 1206 707 centrum
1239 668 1347 717 eius3
1382 667 1565 722 planetae
1596 671 1729 708 tamen
1761 669 1812 708 ab

416 744 620 786 occidente
671 743 752 785 sole
806 744 849 784 in
901 744 1092 784 orientem
1137 749 1345 784 moventur
1382 744 1411 798 2)
1490 744 1627 784 Partes
1673 745 1811 785 mundi

416 820 589 875 denique
631 820 714 860 sive
756 821 932 860 universi
964 835 1044 860 non
1076 820 1193 875 plane
1226 821 1404 860 seiuncta
1435 826 1548 870 sunt,
1597 822 1663 862 sed
1698 823 1812 875 quasi

417 897 572 938 diversa
620 901 714 938 sunt
762 897 938 938 membra
985 897 1191 938 ordinibus
1240 898 1358 938 certis
1405 897 1553 938 sociata
1595 912 1737 952 corpus
1769 899 1812 939 in

417 989 541 1017 unum
565 974 594 1028 ³)
614 1007 626 1026 ,
660 974 768 1028 quod
801 990 943 1030 corpus
976 975 1067 1024 „vis
1100 975 1253 1015 animae
1287 974 1422 1015 divina
1452 975 1578 1028 regit,
1623 989 1812 1028 sacroque

418 1055 550 1092 meatu
583 1052 784 1107 conspirat
819 1052 915 1092 deus
949 1055 988 1092 et
1020 1051 1142 1092 tacita
1173 1051 1327 1092 ratione
1351 1050 1591 1106 gubernat.''
1617 1051 1646 1106 ⁴)
1719 1051 1811 1093 Non

415 1129 594 1184 neglexit
651 1133 769 1184 poeta
827 1143 928 1182 quae
976 1128 1194 1170 difficiliora
1242 1128 1368 1169 videri
1416 1132 1599 1183 poterant
1648 1128 1811 1170 uberius

415 1206 636 1257 illustrare,
671 1211 713 1247 et
746 1220 848 1260 quae
882 1206 930 1248 ab
962 1206 1193 1261 Epicureis,
1228 1206 1316 1247 aliis
1350 1205 1622 1261 philosophis,
1656 1206 1809 1261 vulga1i

415 1283 606 1339 opinione
637 1283 1006 1339 impugnabantur,
1042 1284 1250 1325 defendere
1260 1301 1272 1334 3
1313 1283 1494 1338 inprimis
1526 1287 1660 1326 autem
1681 1284 1810 1326 fusius

415 1362 500 1416 agit
533 1362 580 1402 de
612 1368 740 1412 terra,
775 1361 937 1416 globosa
970 1361 1151 1417 praedita
1173 1362 1318 1409 forma,
1344 1367 1384 1402 et
1405 1362 1448 1403 in
1469 1361 1602 1403 medio
1623 1362 1810 1404 universo

416 1440 616 1494 pendente
663 1439 747 1481 sine
795 1439 878 1480 ullo
910 1439 1058 1490 fundo,
1093 1454 1173 1493 quo
1205 1441 1371 1490 nitatur,
1394 1440 1425 1493 ⁵)
1467 1454 1567 1494 quae
1601 1439 1808 1490 doctrina,

417 1530 506 1556 eum
547 1515 668 1571 vulgo
702 1516 888 1558 Romanis
920 1517 962 1558 id
994 1517 1184 1572 temporis
1215 1515 1443 1558 viventibus
1476 1521 1516 1558 et
1547 1517 1810 1558 astronomiae

415 1607 578 1649 prorsus
610 1594 690 1635 fere
718 1595 870 1649 ignaris
903 1594 1006 1635 mira
1037 1598 1075 1635 et
1108 1593 1354 1635 incredibilis
1387 1594 1600 1645 videretur,
1634 1595 1756 1636 etiam
1787 1609 1810 1634 a

415 1671 628 1722 Lucretio,
661 1673 806 1728 partim
839 1671 1001 1726 quidem
1034 1676 1074 1712 et
1106 1671 1193 1712 aliis
1226 1671 1497 1726 argumentis,
1526 1671 1683 1726 copiose
1704 1675 1806 1712 trao-

414 1753 536 1790 tatur.

477 1826 587 1868 Ordo
599 1859 610 1878 ,
645 1830 766 1880 atque
800 1826 1023 1868 constantia
1047 1826 1186 1868 mundi
1209 1830 1302 1867 sunt
1325 1825 1540 1868 mirabilia:
1575 1840 1678 1876 „nec
1699 1826 1806 1880 quie-

415 1918 533 1957 quam
566 1905 610 1945 in
642 1908 757 1946 tanta
788 1904 914 1958 magis
947 1907 1006 1945 est
1032 1903 1216 1945 mirabile
1238 1903 1342 1945 mole
1365 1918 1485 1957 quam
1507 1904 1609 1944 ratio
1631 1908 1671 1944 et
1693 1905 1809 1944 certis

414 1981 521 2036 quod
569 1981 726 2036 legibus
776 1981 909 2023 omnia
949 1985 1103 2037 parent.
1150 1995 1348 2035 nusquam
1385 1980 1504 2022 turba
1534 1985 1673 2031 nocet,
1706 1980 1810 2023 nihil

413 2058 507 2100 ullis
539 2058 722 2114 partibus
743 2062 866 2109 errat,
889 2059 1019 2100 laxius
1042 2063 1111 2099 aut
1133 2058 1262 2099 levius
1283 2062 1488 2100 mutatove
1511 2058 1650 2100 ordine
1670 2059 1808 2100 fertur.

415 2136 513 2189 quid
544 2140 628 2186 tam
659 2137 868 2177 confusum
901 2136 1059 2191 specie,
1094 2136 1191 2190 quid
1224 2141 1305 2177 tam
1338 2137 1422 2177 vice
1455 2141 1607 2178 certum
1639 2134 1756 2177 est?'’

476 2213 600 2255 Nulla
648 2217 707 2255 est
754 2214 855 2255 ratio
903 2228 983 2268 qua
1031 2213 1174 2254 clarius
1225 2217 1391 2268 „pateat
1437 2213 1631 2272 mundum
1670 2212 1808 2254 divino

416 2292 582 2334 numine
629 2291 752 2341 verti,
803 2295 922 2345 atque
970 2292 1102 2346 ipsum
1151 2304 1235 2332 esse
1286 2289 1448 2332 deum.”
1512 2289 1643 2342 „Quis
1673 2289 1808 2331 credat

413 2373 544 2410 tantas
593 2382 754 2424 operum
799 2368 886 2409 sine
919 2369 1083 2409 numine
1115 2367 1299 2409 moles”?
1321 2368 1352 2422 ⁰)
1416 2366 1535 2409 Credi
1566 2381 1645 2409 non
1676 2357 1808 2422 potest

458 2602 482 2637 η
530 2604 564 2632 1.
591 2604 652 2633 805
677 2610 763 2640 seqq.

457 2661 482 2695 ²)
530 2665 541 2693 1
559 2687 565 2698 ,
591 2664 662 2693 809.

455 2722 479 2755 ³]
527 2723 593 2752 111.
620 2724 659 2752 48
684 2731 771 2759 seqq.
796 2723 869 2752 247.

456 2781 481 2813 *Ἰ
530 2784 563 2813 1.
587 2782 651 2811 250
675 2783 708 2811 et
731 2782 859 2819 passim.

399 2847 403 2854 '
456 2840 480 2875 ὅ)
528 2842 562 2876 Ῐ,
590 2841 766 2871 194-246.

460 2900 484 2938 θ)
531 2902 565 2934 1.
590 2901 662 2930 492.
