1930 3320
782 295 992 335 —77-

135 383 276 425 rendae
303 387 414 424 sunt.
444 384 549 423 Tum
579 383 623 423 in
649 384 794 436 primis
821 397 842 424 e
873 384 1088 424 rhetorum
1119 384 1340 438 disciplina
1368 385 1441 426 illa
1469 386 1636 428 fabula-

134 449 237 489 toris
263 448 560 501 elegantissimi
591 448 770 488 Pedonis
802 449 1053 490 Albinovani
1082 450 1132 489 de
1161 451 1327 491 Oceano
1361 455 1458 491 sunt
1486 456 1634 502 tracta,

135 527 228 566 quae
263 518 381 554 tanto
417 513 566 566 spiritu
600 514 710 554 dicta
743 515 900 554 Seneca
935 515 1142 564 laudavit,
1178 519 1336 568 quanto
1372 529 1496 556 nemo
1532 517 1638 558 alius

133 578 394 619 declamator
418 580 555 632 potuit
576 579 604 620 ¹.
629 580 689 619 Ob
717 579 908 619 eamdem
935 580 1064 631 igitur
1090 593 1274 632 causam,
1297 581 1410 634 quod
1431 583 1638 635 ejusmodi

132 643 236 684 locis
255 643 446 684 homines
467 648 556 684 tum
575 644 908 696 delectabantur,
931 645 1125 685 Manilius
1140 647 1153 667 2
1172 645 1215 684 in
1242 649 1331 686 toto
1358 646 1459 687 orbe
1488 647 1641 688 descri-

132 709 287 757 hendo,
322 709 627 762 reddendisque
660 710 744 749 suis
775 710 925 762 cuique
956 710 1074 761 signo
1111 710 1232 750 terris
1265 723 1314 750 ac
1349 712 1516 763 populis
1550 716 1636 753 tam

99 766 104 771 ’
133 777 353 814 accuratus
374 774 607 828 longusque
626 775 703 814 fuit
727 787 735 815 :
759 775 832 828 qui
854 778 964 815 certe
989 775 1106 815 locus
1125 776 1168 815 in
1188 774 1482 816 Astronomz‘cz's
1502 777 1639 830 splen·

133 838 219 888 det,
241 851 318 879 nec
346 839 422 879 ulli
451 839 576 892 hujus
602 840 807 892 poematis
836 841 962 892 parti,
992 839 1116 880 ullive
1146 838 1341 892 ejusdem
1360 842 1524 891 generis
1553 843 1639 883 alio

132 903 176 960 iu
203 909 398 957 poemate
418 905 703 958 descriptioni,
723 905 810 945 sive
830 918 970 945 rerum
992 905 1180 953 veritate,
1203 905 1289 944 sive
1310 905 1535 946 verborum
1559 907 1637 947 ele-

133 969 277 1022 gantia
294 970 430 1011 cedit?
442 971 500 1010 Ac
515 971 702 1022 profecto
722 983 845 1010 nemo
864 983 948 1010 non
970 969 1248 1009 admirabitur
1268 982 1395 1022 quam
1414 970 1637 1024 diligenter

131 1035 321 1075 versibus
353 1035 589 1087 depinxerit
620 1035 910 1087 circumjectas
936 1035 1243 1075 Mediterraneo
1271 1035 1378 1074 mari
1407 1039 1540 1076 terras
1570 1038 1636 1077 vel

132 1111 299 1152 sparsas
319 1112 394 1152 per
409 1100 514 1139 illud
531 1100 705 1148 insulas,
725 1105 945 1152 totumque
963 1099 1027 1139 his
1041 1099 1112 1152 qui
1128 1104 1217 1139 tum
1233 1100 1430 1140 vivebant
1444 1101 1635 1142 homines

130 1168 278 1204 notum
297 1165 459 1213 orbem,
479 1165 596 1205 nullo
617 1165 743 1205 maris
761 1165 852 1204 sinu
877 1170 1053 1205 terraeve
1071 1165 1225 1205 omisso
1248 1165 1454 1217 projectu.

182 1230 383 1283 Denique,
406 1243 456 1271 ne
476 1244 602 1270 unum
625 1231 838 1284 quoddam
859 1235 1169 1278 ornamentum,
1187 1230 1299 1282 quod
1316 1235 1404 1270 tum
1422 1236 1635 1284 repertum

129 1294 289 1345 fuisset,
304 1297 420 1348 operi
441 1297 615 1344 deesset,
629 1296 767 1336 varias
786 1296 1005 1336 hominum
1029 1299 1139 1335 artes
1155 1300 1195 1334 et
1215 1300 1416 1347 quaestus,
1437 1309 1569 1348 eaque
1590 1298 1634 1338 in

130 1359 277 1412 primis
294 1374 388 1414 quae
407 1365 525 1401 extra
542 1361 745 1400 ordinatae
761 1361 856 1400 vitae
876 1360 1219 1400 consuetudinem
1239 1360 1377 1399 forent
1396 1374 1636 1415 novamque

131 1424 318 1479 aliquam
334 1429 406 1465 aut
421 1426 668 1465 industriam
688 1430 760 1464 aut
774 1425 1059 1464 curiositatem
1076 1425 1294 1473 haberent,
1318 1425 1634 1477 diligentissime

130 1495 372 1544 persecutus
398 1495 472 1531 est.
498 1492 597 1539 Quae
618 1491 711 1531 ideo
739 1494 835 1530 sunt
856 1494 1023 1543 recepta
1050 1494 1095 1529 ut
1119 1502 1258 1529 rerum
1286 1490 1424 1530 vivida
1446 1491 1632 1532 novitate

130 1555 374 1608 languentia
413 1555 631 1596 hominum
671 1556 840 1608 ingenia
878 1559 918 1594 et
954 1558 1164 1594 consuetae
1205 1567 1368 1594 morum
1411 1555 1630 1606 elegantiae

129 1625 337 1673 rectaeque
353 1620 648 1674 aequabilitatis
660 1625 839 1673 pertaesa
849 1620 1092 1660 excitarent.
1111 1619 1472 1666 Quemadmodum
1489 1625 1630 1661 autem

128 1687 274 1726 rhetor
291 1685 348 1724 ibi
363 1686 716 1738 deprehendatur,
733 1686 889 1737 accipe.
908 1685 1073 1725 Scilicet
1093 1685 1163 1723 diu
1182 1688 1228 1724 ut
1247 1685 1290 1723 in
1309 1685 1486 1737 agendo,
1511 1686 1569 1726 ita
1586 1686 1629 1726 in

128 1751 347 1792 scribendo
363 1751 555 1799 Romani,
573 1763 658 1790 non
673 1751 771 1802 quid
789 1751 1036 1798 formosum,
1053 1750 1122 1789 sed
1141 1749 1239 1801 quid
1258 1749 1357 1789 utile
1374 1754 1496 1801 esset,
1513 1764 1631 1803 quae-

127 1817 274 1865 sivere,
288 1829 338 1856 ea
352 1829 521 1868 prorsus
537 1815 794 1867 negligentes
809 1828 901 1867 quae
918 1814 982 1854 vel
998 1819 1131 1854 artem
1148 1819 1310 1854 tantum
1328 1815 1629 1868 ingeniumque

126 1881 322 1932 fingentis
342 1881 622 1929 ostenderent,
639 1880 703 1920 vel
723 1880 839 1919 nulla
859 1880 941 1919 alia
964 1879 1178 1931 voluptate
1199 1892 1327 1932 quam
1345 1880 1512 1931 cognita
1533 1881 1629 1932 pul-

128 1945 363 1986 chritudine
384 1946 568 1997 legentes
592 1945 808 1985 afficerent
829 1957 837 1984 :
862 1944 940 1983 nisi
971 1944 1082 1996 quod
1109 1945 1233 1997 pauci
1260 1944 1493 1997 excipiendi
1513 1950 1627 1995 sunt,

127 2010 430 2051 Alexandrinos
450 2014 598 2062 poetas
617 2011 760 2058 secuti,
785 2009 856 2062 qui
877 2009 954 2048 sibi
974 2010 1180 2048 duntaxat
1198 2013 1331 2048 artem
1352 2011 1628 2050 exercendam

127 2076 529 2128 exprimendamque
550 2074 905 2128 pulchritudinem
935 2086 1074 2113 rerum
1103 2086 1374 2126 proposuere.
1406 2075 1488 2115 Sed
1514 2080 1626 2127 post-

127 2154 253 2196 quam
276 2141 454 2192 Augusti
471 2153 568 2193 pax,
589 2143 635 2179 ut
658 2143 809 2187 cetera,
829 2138 1112 2190 eloquentiam
1141 2143 1182 2178 et
1204 2139 1364 2178 litteras
1384 2151 1626 2191 composue-

126 2212 207 2259 rat,
229 2208 398 2258 viguere
421 2206 464 2244 in
484 2205 637 2245 scholis
656 2204 837 2257 plurima
860 2203 1043 2255 ingenia,
1067 2216 1176 2255 quae,
1197 2203 1315 2242 omni
1336 2208 1499 2243 remota
1519 2205 1628 2244 utili-

126 2277 226 2322 tate,
259 2284 334 2312 nec
363 2270 641 2324 persuadendi
673 2282 749 2309 nec
775 2269 953 2309 docendi
982 2268 1177 2317 studiosi,
1203 2268 1389 2307 veritatis
1419 2272 1459 2307 et
1486 2282 1624 2309 rerum

125 2338 354 2378 admodum
369 2337 518 2385 securi,
536 2348 628 2375 eam
644 2334 963 2374 delectationem
979 2337 1019 2373 et
1034 2333 1114 2384 ipsi
1131 2333 1354 2385 decerpere
1367 2336 1405 2372 et
1424 2338 1624 2385 praestare

127 2403 218 2443 aliis
235 2403 374 2443 conati
393 2406 504 2453 sunt,
521 2414 615 2453 quae
633 2400 801 2453 proprie
819 2411 840 2439 e
857 2399 1021 2439 dicendi
1039 2411 1139 2438 cura
1162 2398 1395 2446 exsisteret,
1412 2411 1624 2452 quamque

126 2471 258 2508 acutae
285 2468 395 2507 circa
420 2479 507 2507 rem
535 2465 768 2519 quamlibet
788 2464 1004 2504 sententiae
1031 2463 1273 2516 delectaque
1300 2462 1478 2502 feliciter
1497 2463 1626 2503 verba

125 2532 274 2572 animis
288 2532 560 2572 insinuarent.
579 2531 807 2571 Rhetorum
823 2542 923 2570 sane
940 2529 1019 2569 fuit
1039 2541 1088 2568 ea
1106 2529 1191 2568 sive
1211 2528 1319 2576 laus,
1335 2527 1420 2567 sive
1442 2528 1523 2568 alio
1539 2542 1623 2581 quo

125 2609 211 2637 non
236 2600 320 2636 tam
341 2597 522 2648 benigno
548 2597 676 2636 verbo
704 2596 763 2636 uti
787 2595 903 2644 velis,
926 2595 970 2634 in
991 2598 1077 2634 arte
1107 2597 1239 2633 artem
1261 2592 1394 2633 solam
1419 2606 1620 2645 quaerere.

124 2661 242 2703 Unde
268 2660 351 2701 illae
373 2674 612 2702 severorum
632 2661 895 2714 ingeniorum
916 2659 1120 2700 exsistunt
1141 2657 1402 2699 creberrimae
1425 2659 1619 2710 querelae,

169 2820 198 2852 1.
217 2818 299 2852 Sen.
319 2819 424 2857 rhet„
442 2818 557 2856 Suas„
578 2818 604 2859 1,
625 2819 698 2856 151,
716 2828 750 2859 p.
773 2819 823 2850 10.

166 2867 198 2898 2.
214 2866 323 2907 Man„
343 2866 498 2904 Astron„
518 2866 574 2905 lv,
595 2865 741 2897 585-817.
