1936 3392
777 264 989 307 —17—

132 356 261 409 igitur
278 355 338 396 ibi
357 354 549 395 Manilius
570 353 722 393 Tiberii
743 356 906 406 paceni,
929 354 1100 394 devictis
1119 353 1326 406 barbaris,
1345 355 1416 396 sed
1435 357 1625 410 Augusti,

110 453 119 467 ,
133 420 376 474 ggmpositis
394 418 584 460 civilibus
603 418 738 468 bellis²
759 418 975 469 indicavit.

186 486 306 526 Unde
325 483 512 536 sequitur
537 487 583 523 ut
609 483 755 535 primis
779 483 860 522 illis
883 484 1204 524 Astronomicon
1224 485 1426 535 versibus,
1451 487 1527 527 etsi
1547 500 1631 528 non

135 550 362 592 admodum
378 561 402 588 a
420 547 585 587 Tiberio
603 552 857 600 repugnant,
873 549 1022 588 melius
1039 553 1182 589 tamen
1196 555 1448 601 agnoscatur
1467 553 1632 603 Augus·
1670 555 1672 558 ’
1734 540 1783 601 Ἴ(
1806 572 1813 575 -

135 619 218 664 tus,
238 618 280 654 et
297 613 395 666 quia
414 613 482 653 hic
501 625 597 652 vere
621 625 669 652 ac
693 613 857 665 publice
875 614 1068 666 princeps
1089 618 1290 666 paterque
1312 615 1458 666 patriae
1478 617 1570 668 fuit,
1593 622 1634 658 et
1665 611 1667 613 ¹

136 679 237 734 quia
252 679 361 719 hanc
381 690 527 730 pacem
548 678 678 723 dedit,
699 691 792 730 quae
816 679 1011 718 scribenti
1033 679 1206 719 faveret.

190 745 307 784 Nunc
326 747 467 783 autem
488 742 541 782 ad
563 755 611 782 ea
631 742 811 789 veniam,
829 756 922 795 quae
943 747 982 782 et
998 743 1261 783 doctissimos
1281 743 1391 783 viros
1412 745 1532 785 valde
1550 750 1634 786 tor-

138 810 283 860 serint,
299 812 340 857 et
358 807 411 848 ab
428 807 477 847 iis
491 808 573 847 sint
587 811 712 847 torta.
730 808 778 847 In
793 808 943 860 quibus
956 808 1149 847 Manilius
1162 811 1274 848 astra
1289 819 1382 860 quae
1398 809 1636 850 inferiorem

140 874 253 916 orbis
267 877 429 927 partem
444 877 648 925 spectant,
668 885 752 913 non
766 872 1051 924 superioribus
1065 872 1210 912 cedere
1222 872 1421 921 affirmat,
1436 875 1514 914 nisi
1524 878 1638 928 quod

473 1006 554 1042 Uno
575 1006 777 1042 vincuntur
791 1005 830 1041 in
851 1007 952 1041 astro

329 1061 517 1107 Augusto,
538 1059 644 1095 sidus
664 1061 791 1094 nostro
812 1059 915 1106 quod
935 1058 1096 1106 contigit
1117 1059 1199 1094 orbi
1225 1070 1233 1094 :

331 1114 457 1150 Caesar
475 1123 575 1148 nunc
593 1112 719 1156 terris,
741 1115 825 1158 post
844 1112 936 1148 caelo
957 1112 1146 1148 maximus
1166 1113 1298 1149 auctor
1320 1113 1345 1148 ¹.

144 1247 242 1294 Quae
270 1246 512 1287 Lachmann
535 1247 588 1286 ad
609 1246 819 1286 Tiberium
843 1246 1061 1286 referenda
1082 1246 1324 1294 arbitratur,
1343 1245 1483 1285 Freier
1502 1250 1640 1285 autem

145 1313 275 1352 fusius
291 1311 342 1352 de
362 1312 411 1352 iis
425 1313 466 1351 in
482 1312 675 1352 eumdem
696 1323 863 1351 sensum
881 1311 1122 1363 disputavit.
1140 1312 1260 1358 Nam,
1278 1311 1388 1362 quod
1410 1312 1643 1361 Augustum

146 1377 274 1426 sidus,
290 1390 375 1417 non
395 1377 550 1417 Julium
570 1377 674 1416 dixit
695 1376 1004 1428 Manilius‚jam
1022 1380 1235 1415 mortuum
1255 1379 1295 1414 et
1313 1375 1416 1414 caelo
1434 1375 1643 1425 redditum

145 1443 379 1493 Augustum
398 1442 524 1481 fuisse
547 1440 725 1492 colligit;
748 1441 1036 1492 Caesaremque
1059 1453 1169 1479 nunc
1190 1439 1311 1479 terris
1333 1441 1642 1491 praesidentem,

149 1507 218 1560 qui
241 1511 387 1559 postea
411 1506 514 1546 caelo
541 1506 749 1545 maximus
776 1509 936 1550 auctor,
960 1505 1106 1545 eodem
1131 1505 1286 1544 scilicet
1310 1505 1456 1552 sidere,
1479 1505 1644 1544 futurus

149 1572 215 1621 sit,
242 1571 451 1611 Tiberium
475 1584 562 1610 esse
589 1570 800 1621 intelligit,
827 1570 886 1609 ita
913 1582 1000 1609 rem
1027 1570 1242 1622 explicans
1266 1582 1274 1608 :
1301 1586 1320 1605 «
1349 1582 1473 1609 nemo
1505 1582 1644 1609 rerum

152 1638 435 1676 Romanarum
459 1635 598 1674 obstat
619 1635 810 1686 scriptor,
837 1635 1063 1686 quominus
1090 1634 1204 1673 sidus
1227 1634 1418 1674 omnium
1440 1635 1645 1685 Augusto-

150 1714 242 1742 rum
264 1701 388 1740 fuisse
410 1700 612 1748 dicamus,
636 1700 826 1751 civesque
848 1698 1070 1738 credidisse
1096 1699 1219 1738 unius
1239 1699 1440 1750 cujusque
1463 1699 1646 1739 animam

149 1779 199 1807 eo
218 1765 386 1806 evolare
406 1768 531 1816 atque
552 1764 657 1803 utin
679 1765 813 1811 terris,
830 1764 886 1803 sic
906 1764 949 1802 in
970 1763 1071 1802 caelo
1091 1763 1319 1816 principem
1343 1763 1562 1803 succedere
1577 1763 1607 1805 ².
1626 1780 1644 1800 »

151 1831 245 1878 Sed,
268 1830 409 1876 credo,
434 1830 475 1869 in
506 1841 564 1869 re·
582 1833 668 1868 tam
701 1828 834 1879 gravi,
858 1841 941 1868 non
974 1829 1074 1868 satis
1104 1828 1182 1868 erit
1208 1841 1294 1868 non
1324 1827 1488 1868 obstare
1515 1829 1646 1882 scrip-

149 1901 261 1936 tores
290 1907 429 1935 rerum
458 1896 757 1941 Romanarum,
785 1894 886 1945 quin
923 1898 963 1933 et
996 1906 1161 1933 necesse
1194 1894 1287 1944 erit,
1316 1898 1362 1932 ut
1394 1893 1645 1945 conjecturae

150 1959 382 2001 manifestis
409 1959 546 1999 verbis
575 1959 757 2008 faveant,
787 1971 923 2011 neque
952 1959 1039 1999 ulla
1072 1971 1124 1998 ex
1156 1971 1302 1998 eorum
1335 1958 1499 1998 silentio
1533 1971 1647 1998 com-

150 2025 345 2078 probatio
370 2023 587 2064 inferenda
612 2027 686 2063 est.
712 2025 960 2076 Quanquam
991 2024 1093 2063 mihi
1118 2024 1283 2063 videtur
1307 2024 1497 2064 Valerius
1521 2025 1649 2064 Maxi-

152 2103 245 2130 mus
263 2089 446 2129 innuisse
467 2093 624 2129 astrum
643 2089 745 2128 illud
767 2088 919 2127 Caesari
939 2092 1103 2128 tantum
1131 2090 1402 2141 Augustoque
1429 2089 1646 2141 assignari,

151 2167 287 2208 neque
321 2155 364 2194 in
397 2154 637 2194 societatem
677 2154 766 2206 ejus
798 2166 892 2192 cum
931 2153 981 2192 iis
1019 2153 1230 2193 Tiberium
1269 2154 1356 2194 ullo
1394 2154 1520 2193 modo
1559 2158 1647 2193 tum

150 2220 293 2261 vocari
322 2233 330 2258 :
359 2232 459 2260 nam
491 2219 700 2259 Tiberium
732 2219 988 2271 compellans
1020 2219 1080 2258 ita
1111 2219 1255 2258 scribit
1284 2231 1292 2258 :
1326 2235 1345 2255 «
1377 2223 1515 2258 cetera
1546 2219 1648 2258 divi-

152 2285 262 2325 nitas
295 2285 494 2338 opinione
516 2284 752 2335 colligitur,
788 2288 859 2323 tua
895 2284 1091 2336 praesenti
1127 2283 1207 2323 fide
1241 2287 1416 2336 paterno
1453 2283 1648 2334 avitoque

152 2349 279 2389 sideri
306 2361 383 2402 par
413 2349 578 2389 videtur
607 2350 620 2372 ³
651 2365 688 2388 ».
721 2348 907 2400 Denique
943 2361 1038 2388 cum
1080 2348 1124 2387 in
1155 2348 1363 2399 ejusmodi
1396 2348 1649 2399 disputatio—

151 2413 273 2454 nibus
298 2414 403 2454 nihil
428 2418 581 2467 praeter
601 2414 890 2453 necessitatem
917 2413 969 2452 sit
989 2412 1313 2464 conjiciendum,
1336 2425 1410 2453 cur
1430 2413 1650 2452 credamus

151 2479 313 2519 animas
339 2480 423 2519 sive
449 2479 638 2519 omnium
664 2479 876 2519 Caesarum
904 2478 988 2518 sive
1013 2478 1190 2530 Augusti
1215 2478 1259 2517 in
1284 2478 1396 2517 sidus
1421 2477 1527 2517 illud
1556 2489 1650 2517 evo-

149 2542 263 2584 lare?
288 2556 383 2584 cum
406 2557 472 2584 res
494 2543 679 2584 dilucida
699 2544 824 2596 plane
843 2544 934 2595 fiat,
959 2543 1085 2584 modo
1110 2546 1367 2596 reputemus,
1393 2555 1519 2595 quam
1547 2542 1646 2589 vim,

191 2726 221 2757 1.
244 2724 376 2766 Manil.,
398 2725 552 2763 Astron„
571 2726 598 2764 Ι,
620 2727 679 2758 384
702 2735 780 2767 sqq.

191 2772 222 2803 2.
243 2771 375 2810 Freier,
395 2781 450 2814 op.
469 2773 504 2809 l„
524 2783 559 2814 p.
583 2774 633 2805 18.

191 2818 222 2850 3.
243 2817 318 2851 Val.
339 2819 446 2858 Max„
462 2819 635 2861 Proloyus
654 2819 702 2851 ad
723 2818 894 2851 Tiberium
916 2819 1083 2852 caesarem
1104 2819 1316 2860 Auyustum.

250 2877 398 2914 LANson.

1442 2876 1462 2910 *0
