1936 3392
844 289 899 330 69

154 440 325 482 Romani
370 438 464 480 inde
498 453 522 480 a
554 438 687 494 primo
720 437 883 480 saeculo
916 444 1011 479 ante
1046 436 1140 478 Chr.
1174 442 1258 478 nat.
1299 437 1447 479 addere
1488 437 1587 478 sole-

151 519 263 562 bant.
330 517 400 560 Vs.
444 518 528 560 567
565 531 679 572 seqq.
714 516 938 566 Manilius,
980 515 1036 558 ibi
1070 515 1292 557 Eudoxum
1325 531 1501 571 sequens
1536 522 1584 557 ut

149 612 274 654 supra
310 597 514 648 diximus,
560 595 763 638 circulum
800 596 1074 638 meridianum
1108 595 1153 636 in
1185 595 1400 649 sexaginta
1434 595 1586 637 dividit

149 681 306 733 partes,
353 675 424 718 sed
468 691 526 717 vs.
571 678 657 717 681
694 675 936 731 signiferum
971 676 1013 716 in
1046 678 1185 731 partes
1218 678 1423 716 trecentas
1456 679 1498 715 et
1530 689 1588 716 se-

106 778 109 781 ·
147 755 341 812 xaginta,
377 769 482 810 quae
517 754 664 797 divisio
699 754 833 797 multo
867 759 929 796 est
962 754 1177 796 recentior.
1209 757 1234 808 ¹)

199 836 267 878 At
314 835 547 877 mirandum
596 849 678 876 non
718 838 779 876 est
811 833 1033 877 Manilium
1066 838 1151 875 tam
1186 834 1425 890 imperitum
1460 834 1587 875 fuisse

147 915 432 958 astronomiae.
498 914 561 956 De
610 914 835 970 astrologia
883 914 990 955 enim
1041 913 1129 969 agit
1179 918 1220 954 et
1260 913 1358 954 haec
1392 927 1454 954 ars
1490 927 1583 954 011111

146 993 333 1037 stabilem
367 997 410 1035 et
442 992 745 1035 immutabilem
777 997 948 1049 poneret
983 992 1206 1043 mundum,
1243 996 1291 1033 ut
1323 996 1464 1034 noster
1487 1007 1586 1047 quo·

147 1089 226 1130 que
258 1073 422 1130 saepius
454 1072 660 1123 inculcat,
696 1071 823 1127 (quod
855 1072 898 1113 ni
934 1075 1086 1113 faceret
1119 1075 1254 1113 totum
1290 1071 1366 1113 hoc
1395 1072 1589 1113 artificio-

143 1168 235 1196 sum
276 1152 512 1195 aedificium
555 1152 800 1207 corrueret),
841 1165 946 1207 quae
980 1149 1174 1192 subtilior
1206 1151 1381 1193 scientia
1413 1151 1588 1193 docebat

144 1247 289 1289 parum
338 1230 520 1274 curabat.
586 1230 690 1273 Inde
739 1230 863 1272 etiam
914 1230 1068 1272 factum
1102 1233 1164 1272 est
1200 1234 1246 1272 ut
1281 1230 1583 1272 Chaldaeorum

107 1324 109 1326 ·
146 1311 358 1368 plerique,
393 1325 642 1367 quamquam
672 1325 790 1352 verae
824 1310 1097 1352 astronomiae
1130 1325 1211 1352 non
1246 1310 1406 1365 ignari,
1441 1309 1491 1352 ad
1526 1312 1586 1353 fu-

145 1394 239 1433 tura
270 1390 545 1447 praedicenda
573 1390 656 1432 iam
674 1389 748 1431 diu
766 1388 994 1431 obsoletam
1013 1388 1241 1431 doctrinam
1260 1395 1543 1444 sequerentur.
1553 1390 1585 1446 2)

208 1468 266 1510 Ut
315 1468 440 1524 vulgo
485 1469 557 1524 qui
591 1468 789 1510 iniuriam
822 1468 922 1510 facit
954 1472 1092 1510 tamen
1126 1468 1300 1524 speciem
1338 1469 1438 1511 iusti
1472 1485 1585 1524 prae-

146 1548 239 1591 bere
272 1551 466 1599 conatur,
501 1548 560 1589 sic
593 1547 719 1589 etiam
753 1547 1101 1604 superstititiosus
1135 1548 1335 1603 quisque,
1371 1549 1469 1590 dum
1499 1550 1586 1591 suis

145 1627 495 1670 alucinationibus
543 1626 756 1683 indulget,
806 1626 1092 1684 philosophiae
1141 1631 1279 1669 tamen
1329 1643 1371 1669 se
1420 1629 1585 1671 studere

144 1706 326 1748 simulat.
413 1706 527 1748 Inter
590 1705 931 1762 philosophorum
997 1707 1204 1748 doctrinas
1269 1711 1408 1748 autem
1468 1708 1584 1750 nulla

143 1786 274 1842 magis
323 1785 541 1841 astrologis
590 1784 777 1841 placebat
824 1800 947 1840 quam
982 1785 1227 1828 Stoicorum.
1295 1785 1383 1828 Nec
1416 1787 1581 1829 mirum.

142 1865 295 1908 Eorum
360 1865 468 1906 enim
536 1864 585 1906 de
649 1864 734 1906 fato
788 1863 940 1920 placita
993 1880 1086 1907 cum
1142 1865 1442 1922 astrologorum
1499 1867 1583 1922 opi-

141 1943 334 1986 nionibus
363 1943 659 1999 congruebant.
706 1942 831 1984 Καθ’
868 1943 1130 1999 εἱμαρμένην
1155 1943 1201 1986 δέ
1225 1959 1327 1998 φασι
1353 1947 1406 1987 τὰ
1430 1950 1582 1989 πάντα

143 2025 372 2075 γίγνεσθαι
395 2025 658 2077 Χρύσιππος
677 2023 723 2064 ἐν
742 2026 832 2071 τοῖς
849 2024 944 2077 περὶ
964 2023 1220 2079 εἱμαρμένης
1241 2027 1312 2065 καὶ
1332 2028 1503 2078 Ζήνων.
1519 2052 1581 2058 —-

141 2102 230 2144 ἔστι
265 2100 540 2157 δἐἱμαρμένη
577 2102 700 2143 odvia
735 2104 824 2144 τῶν
858 2105 997 2146 ὄντων
1033 2104 1231 2159 εἰρομένη
1263 2109 1290 2159 ἦ
1324 2104 1448 2156 λόγος
1472 2105 1578 2146 καθ’

138 2181 189 2222 ὃν
223 2182 247 2222 ό
279 2185 431 2235 κόσμος
465 2179 712 2234 διεξάγεται
751 2215 761 2225 .
792 2185 863 2224 καὶ
896 2186 981 2238 μὴν
1006 2187 1075 2225 καὶ
1100 2188 1317 2238 μαντικὴν
1340 2186 1577 2238 ὑφεστάναι

140 2263 287 2301 πᾶσάν
339 2274 501 2313 φασιν,
553 2263 590 2303 εἰ
634 2263 706 2303 καὶ
741 2267 956 2317 πρόνοιαν
990 2259 1118 2306 εἶναι.
1150 2265 1179 2320 3)
1247 2265 1403 2307 Stoicos
1437 2271 1576 2307 autem

137 2340 354 2397 astrologis
401 2341 548 2383 favisse
597 2342 722 2384 etiam
772 2343 913 2385 Cicero
958 2344 1090 2386 docet.
1160 2345 1269 2394 „Sed
1315 2360 1408 2386 cum
1444 2345 1574 2387 Stoici

136 2419 273 2461 omnia
321 2420 403 2462 fere
441 2420 514 2462 illa
546 2421 829 2477 (divinationis
862 2425 1027 2479 genera)
1063 2424 1353 2477 defenderent,
1389 2425 1499 2479 quod
1534 2429 1575 2467 et

137 2498 243 2540 Zeno
291 2499 334 2541 in
368 2500 453 2542 suis
488 2503 791 2544 commentariis
827 2504 944 2558 quasi
978 2504 1136 2545 semina
1170 2504 1372 2559 quaedam
1406 2505 1575 2561 sparsis-

136 2581 220 2629 set,
255 2582 299 2620 et
329 2594 376 2620 ea
409 2578 629 2622 Cleanthes
662 2581 787 2637 paulo
821 2581 1012 2625 uberiora
1044 2583 1233 2634 fecisset,
1269 2583 1442 2625 accessit
1466 2599 1572 2626 acer-

181 2786 205 2825 ¹)
253 2790 300 2820 Cf.
323 2791 420 2822 Huet.
445 2793 485 2822 ad
510 2802 555 2823 vs.
581 2795 656 2824 679.

181 2848 205 2884 ²)
253 2851 302 2881 Fr.
326 2852 543 2889 Lenormant‚
581 2855 686 2892 Magia
713 2856 775 2886 und
804 2856 926 2886 Wahrs.
958 2866 1029 2894 pag.
1057 2858 1119 2886 415
1147 2861 1179 2887 et
1205 2867 1294 2896 seqq.
1324 2859 1486 2889 Dictionn.
1513 2860 1568 2889 des

136 2911 246 2950 Antiq.
270 2912 292 2942 1.
316 2913 338 2943 1.

178 2970 204 3010 ³)
254 2973 345 3011 Diog.
373 2975 402 3004 L.
431 2975 505 3009 vu,
535 2977 604 3006 149.
