1936 3392
860 288 914 330 53

171 443 412 493 argumenta
445 439 679 487 enumerat;
713 449 807 477 cum
840 439 977 477 tamen
1027 433 1152 490 vulgo
1191 434 1358 476 nomina
1391 438 1526 476 taceat
1561 438 1602 475 et

174 516 344 559 Romani
391 523 537 572 poetae
585 514 833 557 Graecorum
882 514 1059 570 vestigia
1099 513 1244 570 legant
1285 513 1530 570 plerumque
1563 518 1605 555 et

171 599 236 637 tot
282 594 461 637 carmina
508 598 740 651 temporum
787 593 1010 650 iniquitate
1041 592 1299 644 interierint,
1345 591 1509 635 difficile
1542 598 1604 635 est

169 674 418 730 investigare
451 687 649 729 quosnam
682 676 825 730 poetas
857 677 953 715 ante
987 672 1128 715 oculos
1160 670 1368 715 habuerit.
1383 672 1410 728 ¹)
1460 671 1603 714 Cicero

169 753 363 796 laudatur
393 753 504 796 hisce
538 751 672 795 verbis
693 769 701 794 ι
726 767 881 805 „censu
905 751 1068 795 Tullius
1091 752 1173 794 oris
1195 751 1391 794 emeritus
1412 750 1601 794 caelum''

170 831 216 883 Ι,
249 833 360 883 ⁷94·;
410 831 512 874 Cato
545 832 674 874 maior
705 830 767 882 V,
804 832 918 874 454:
963 839 1154 888 „semper
1186 834 1228 872 et
1261 831 1425 887 antiqui
1458 830 1598 873 lauda-

171 911 276 954 bunt
307 910 430 954 verba
461 910 673 953 Gatonis.”
716 909 936 967 Nigidium
969 909 1167 966 Figulum
1200 913 1340 952 noster
1372 909 1602 966 neglexisse

169 991 335 1034 videtur
366 996 570 1047 quatenus
603 990 771 1046 quidem
804 1006 826 1032 e
858 991 958 1033 raris
981 989 1096 1032 illius
1118 990 1356 1045 fragmentis
1370 991 1402 1046 ²)
1426 989 1601 1033 iudicari

169 1074 319 1128 potest.
370 1070 502 1112 Etiam
556 1069 702 1113 dubito
750 1085 803 1112 an
835 1069 950 1112 nulla
983 1069 1158 1112 affinitas
1196 1069 1252 1111 sit
1282 1070 1392 1111 inter
1423 1070 1602 1111 rationes

170 1151 386 1206 utriusque
418 1150 463 1192 in
495 1149 617 1192 rebus
649 1149 865 1205 astrologis
897 1148 1122 1191 tractandis
1135 1167 1147 1202 ;
1197 1151 1308 1191 certe
1338 1149 1484 1191 mo'dus
1518 1164 1601 1204 quo

170 1232 212 1274 in
261 1229 423 1286 Nigidii
471 1228 736 1286 fragmentis,
788 1243 894 1286 quae
943 1228 1180 1271 scholiastes
1223 1229 1274 1270 ad
1309 1228 1599 1272 Germanicum

168 1309 346 1352 servavit
369 1308 422 1364 ³),
473 1308 523 1350 de
570 1308 700 1365 signis
733 1307 898 1351 Zodiaci
931 1308 1158 1360 disseritur,
1194 1322 1360 1365 prorsus
1394 1308 1502 1351 alius
1535 1313 1597 1351 est

170 1394 294 1440 atque
326 1389 362 1430 is
379 1422 390 1440 ‚
423 1403 504 1445 quo
538 1387 737 1430 Manilius
771 1387 821 1429 de
853 1388 982 1443 signis
1016 1387 1126 1443 agit5
1156 1387 1271 1430 illius
1295 1387 1598 1444 disputationes

171 1466 290 1522 longe
339 1471 437 1508 sunt
484 1465 729 1522 copiosiores
777 1469 819 1507 et
868 1465 1094 1517 doctiores,
1155 1469 1204 1507 ut
1252 1465 1422 1508 omnino
1470 1467 1599 1522 magis

171 1545 387 1587 historicus
421 1560 506 1586 esse
539 1544 739 1596 videatur,
773 1543 973 1586 Manilius
995 1545 1126 1600 magis
1148 1544 1382 1602 philosophi
1406 1544 1599 1601 praebeat

168 1628 371 1666 naturam.

229 1702 346 1745 Inter
393 1707 535 1760 poetas
577 1702 783 1745 Romanos
816 1702 960 1744 multis
991 1703 1173 1745 numeris
1205 1702 1422 1745 Lucretius
1454 1718 1598 1760 parens

166 1782 296 1824 nostri
330 1781 409 1824 dici
442 1781 596 1838 possit,
630 1781 852 1838 praecipue
884 1782 918 1824 si
952 1781 1003 1824 ad
1037 1781 1235 1824 orationis
1267 1786 1458 1825 naturam
1488 1798 1598 1839 spec-

165 1866 310 1904 tamus.

370 1973 670 2016 MANILIUS.
1070 1972 1142 2015 LU
1149 1972 1355 2016 CRETIU
1359 1974 1401 2016 S.

227 2069 452 2125 Utriusque
487 2070 782 2126 descriptiones
816 2070 866 2111 de
898 2070 1123 2126 primorum
1157 2069 1369 2113 hominum
1403 2070 1518 2113 cultu
1552 2072 1594 2113 in

168 2149 309 2192 multis
342 2149 589 2191 concinunt:

209 2305 232 2342 ι)
281 2306 313 2336 Si
338 2307 374 2342 l,
399 2307 440 2336 43
466 2315 555 2344 seqq.
581 2307 710 2344 poetam
738 2307 907 2336 Aemilium
933 2307 1071 2339 Macrum
1098 2308 1131 2336 et
1156 2307 1301 2337 Gratiuni
1328 2307 1486 2337 Faliscum
1512 2308 1594 2338 desi-

163 2377 260 2405 gnare
285 2368 374 2398 reete
401 2367 518 2405 scalig.
543 2368 691 2401 iudicat.
718 2377 780 2398 non
806 2367 940 2403 dubito,
966 2368 1042 2405 quin
1068 2376 1115 2398 vs.
1140 2368 1182 2398 46
1207 2376 1315 2406 seqq.:
1366 2368 1467 2406 „Quin
1493 2370 1592 2400 etiam

162 2429 307 2459 tenebris
342 2429 522 2459 immersum
552 2430 703 2460 tartaron
729 2430 834 2459 atrum
859 2430 893 2459 iu
917 2429 1018 2459 lucem
1045 2430 1083 2460 de
1108 2430 1204 2461 nocte
1229 2430 1367 2460 vocant‘'
1393 2430 1433 2460 ad
1458 2430 1590 2461 Aeneid.

159 2490 275 2520 librum
300 2490 340 2520 VI
366 2490 554 2528 respiciant.

206 2549 233 2588 ²)
281 2551 328 2582 Cf.
365 2552 433 2582 Iani
472 2551 637 2589 Rutgersii
676 2552 842 2582 Variarum
878 2553 1054 2583 lectionum
1088 2562 1162 2591 pag.
1194 2553 1369 2584 246—298
1394 2553 1494 2591 Lugd.
1519 2554 1601 2587 Bat..

163 2613 257 2643 1618.
304 2612 464 2650 Quaenam
503 2613 556 2643 hie
579 2613 792 2651 praeterierit
823 2616 991 2644 enumerat
1015 2614 1174 2644 Martinus
1198 2614 1316 2645 Hertz:
1344 2614 1383 2645 de
1406 2614 1440 2645 P.
1466 2614 1590 2652 Nigidii

160 2674 280 2704 studiis
316 2675 413 2711 atque
437 2675 604 2713 operibus,
630 2675 735 2705 Berol.
765 2676 846 2706 1845
873 2685 946 2714 pag.
971 2676 1001 2706 3.
1037 2675 1140 2706 Iulius
1162 2676 1286 2707 Menzel
1315 2676 1426 2714 (Hertz
1454 2685 1527 2715 pag.
1557 2677 1589 2713 3)

161 2735 195 2766 et
229 2735 360 2774 Joseph.
396 2736 509 2767 Klein:
546 2735 676 2774 Quaest.
713 2737 822 2774 Nigid.
858 2737 988 2768 Bonnae
1029 2738 1131 2774 1861,
1166 2746 1240 2776 pag.
1268 2738 1304 2774 1,
1332 2737 1440 2768 omnia
1463 2738 1588 2776 Nigidii

160 2796 342 2834 fragmenta
377 2797 515 2829 collecta
550 2807 584 2829 se
612 2798 759 2829 edituros
784 2807 854 2830 esse
878 2799 1098 2838 scripserunt,
1123 2800 1180 2830 sed
1204 2800 1335 2835 neuter.
1361 2800 1445 2837 quod
1469 2800 1590 2838 seiam,

160 2857 350 2896 promissum
374 2858 483 2888 solvit.

202 2915 229 2956 ⁸)
276 2918 322 2949 De
357 2919 390 2949 P.
427 2919 499 2957 Nig.
535 2920 603 2958 rig.
640 2921 752 2959 fragm.
790 2922 873 2960 apud
913 2921 1019 2953 Schol.
1054 2923 1158 2953 Germ.
1184 2923 1341 2957 servatis;
1367 2923 1482 2953 disset.
1507 2922 1586 2953 Alfr.

160 2979 302 3018 Breysig.
327 2980 431 3012 Berol.
459 2981 552 3012 1854.
