1936 3392
323 366 375 406 14

313 481 412 536 yim'
446 482 672 537 adscm‘psit
707 486 831 538 atque
867 485 975 525 duas
1012 485 1203 538 lacunas,
1241 486 1288 526 de
1322 486 1476 539 quibus
1505 486 1629 540 infra
1657 485 1772 527 vide-

318 551 476 605 bimus,
519 553 731 607 replevit.“
796 552 911 603 Quae
946 556 1122 608 margini
1158 558 1277 596 notas
1315 555 1619 610 adscripserunt
1653 558 1777 610 atque

316 621 485 662 lacunas
522 622 820 677 suppleverunt
854 637 1001 664 manus
1032 649 1086 653 —
1118 628 1216 665 sunt
1252 628 1390 665 autem
1427 624 1550 678 duae,
1593 637 1696 679 quas
1732 626 1776 666 in

317 691 534 732 collatione
570 707 598 732 α
634 695 675 734 et
709 694 738 746 β
773 693 1032 748 signavimus
1070 719 1123 723 —
1161 694 1212 734 ab
1249 694 1321 734 illa
1351 694 1505 735 saeculi
1534 693 1619 734 XV
1649 707 1777 736 manu

316 761 436 815 plane
467 761 652 803 diversae
682 764 811 803 sunt.1

431 830 537 872 Tum
551 831 664 885 quod
675 832 745 873 ille
759 832 862 873 dicit
875 834 925 887 (p.
937 834 996 886 5):
1034 832 1214 886 „Ceteris
1233 857 1276 862 —
1303 834 1483 887 (praeter
1501 831 1713 886 librumI)
1732 857 1776 862 —

315 900 432 941 libris
451 913 586 955 neque
605 914 732 956 supra
749 914 886 955 neque
903 902 1010 943 infra
1030 902 1260 956 quidquam
1279 902 1480 956 scriptum
1498 902 1651 956 legitur
1668 902 1778 943 binis

316 969 506 1012 versibus
537 972 679 1012 vacuis
708 971 908 1024 relictis“,
937 972 982 1012 in
1012 984 1059 1012 eo
1091 972 1355 1013 vehementer
1385 975 1509 1024 errat,
1538 975 1588 1013 ut
1618 984 1671 1013 ex
1695 971 1778 1012 col-

315 1041 467 1082 latione
496 1044 637 1082 nostra
666 1041 766 1082 satis
796 1054 1002 1096 superque
1031 1041 1201 1096 patebit.

434 1109 540 1159 Quid
575 1123 674 1152 vero
704 1110 784 1151 sibi
814 1111 993 1152 voluerit
1023 1124 1120 1152 cum
1151 1111 1364 1152 contendit
1394 1110 1573 1152 codicem
1601 1124 1778 1152 rasuras

310 1193 490 1234 prorsus
519 1181 661 1221 nullas
691 1180 838 1221 habere
869 1181 920 1235 (p.
948 1181 1004 1234 5),
1033 1182 1170 1222 nescio
1202 1181 1370 1235 (largam
1401 1182 1511 1222 enim
1541 1193 1778 1222 rasurarum

316 1251 476 1304 copiam
520 1249 732 1304 praebebit
773 1253 913 1291 nostra
955 1250 1151 1302 collatio);
1200 1251 1284 1291 nisi
1326 1250 1431 1291 forte
1473 1250 1518 1291 id
1559 1250 1778 1304 intellexit,

315 1333 479 1361 rasuras
510 1332 652 1361 omnes
682 1319 732 1360 ab
764 1321 854 1374 ipsa
882 1320 1016 1374 prima
1046 1333 1175 1361 manu
1205 1333 1302 1361 esse.

434 1389 648 1430 Postremo
685 1389 791 1430 male
827 1389 1087 1443 transcripsit
1122 1402 1197 1443 per
1237 1390 1435 1443 „-—-r-—“
1475 1389 1572 1431 vitii
1609 1389 1776 1444 signum

318 1459 430 1514 quod
462 1463 522 1500 est
555 1461 612 1512 7.²

431 1528 495 1570 De
534 1529 751 1570 collatione
787 1532 927 1570 nostra
956 1541 1089 1583 pauca
1122 1532 1221 1569 sunt
1253 1542 1358 1583 quae
1387 1529 1584 1570 lectorem
1613 1541 1780 1570 monea-

315 1612 421 1640 mus.
483 1597 678 1639 Codicem
709 1598 1046 1640 Gemblacensem
1081 1598 1133 1639 ad
1164 1599 1388 1640 editionem
1419 1598 1620 1640 Friderici
1649 1598 1778 1640 Jacob

318 1669 535 1722 (Berolini,
569 1669 695 1723 1846)
731 1669 1017 1710 contulimus³
1077 1667 1331 1722 Compendia
1361 1669 1587 1723 scripturae
1617 1671 1659 1710 et
1686 1681 1780 1724 pra-

316 1751 389 1779 vas
424 1738 648 1779 verborum
685 1738 971 1779 distinctiones
1006 1750 1148 1779 omnes
1180 1739 1349 1778 omnino
1381 1741 1562 1792 enotare,
1597 1750 1663 1780 res
1693 1741 1780 1780 erat

317 1812 359 1850 et
388 1821 557 1863 operosa
587 1811 628 1849 et
656 1821 803 1862 parum
833 1807 968 1858 utilis3
1001 1808 1141 1862 itaque
1171 1820 1220 1848 ea
1247 1807 1469 1862 selegimus
1494 1820 1600 1862 quae
1625 1807 1677 1849 ad
1702 1809 1780 1848 cri-

317 1879 398 1919 sim
426 1878 693 1919 factitandam
723 1877 901 1918 alicuius
931 1882 1068 1918 essent
1097 1878 1308 1918 momenti.
1351 1877 1494 1919 Restat
1523 1881 1571 1918 ut
1600 1877 1779 1932 collegae

317 1948 567 1988 amicissimo
588 1947 770 1988 Henrico
789 1946 983 2000 Pirenne,
1015 1948 1087 2001 qui
1112 1959 1188 1988 nos
1212 1959 1415 2001 propenso
1440 1948 1580 1988 animo
1606 1947 1779 2000 adiuvit,

316 2019 469 2072 gratias
499 2031 670 2072 agamus
699 2019 912 2058 maximas.

436 2158 449 2176 ¹
473 2157 544 2192 Fol.
571 2157 616 2191 99
646 2156 702 2201 v⁰,
739 2158 818 2201 post
854 2156 1143 2201 subscriptionem
1179 2155 1202 2190 l.
1229 2155 1262 2190 V
1298 2155 1578 2200 Astronomicon,
1615 2143 1782 2191 nonnulla

318 2215 448 2260 scripta
471 2216 608 2250 fuerant
631 2225 673 2250 oa
696 2225 819 2258 manu,
845 2225 949 2259 quam
972 2219 995 2259 β
1019 2214 1300 2259 significavimus.
1349 2214 1417 2249 Sed
1440 2214 1574 2250 recisus
1598 2215 1652 2249 est
1674 2213 1780 2249 huius

318 2273 390 2308 folii
419 2283 537 2318 margo
567 2273 708 2308 inferior
737 2275 773 2307 et
802 2273 891 2308 erasi
924 2274 1006 2307 sunt
1036 2273 1121 2317 duo,
1153 2273 1213 2316 qui
1243 2273 1463 2317 supererant,
1494 2282 1636 2316 versus,
1664 2271 1715 2307 ita
1739 2274 1781 2306 ut

318 2332 404 2367 haec
428 2334 565 2366 tantum
583 2331 698 2377 legere
716 2331 948 2376 potuerimus:
974 2331 1070 2375 „Hic
1096 2357 1382 2366 .........
1409 2341 1468 2364 11111
1495 2357 1502 2364 .
1530 2357 1537 2364 .
1563 2330 1618 2365 die
1626 2329 1672 2375 (?)
1690 2330 1779 2366 festo

318 2390 438 2425 Jacobi
463 2417 610 2424 .....
616 2392 632 2408 “

437 2448 450 2467 ²
474 2449 619 2483 Duobus
649 2450 786 2483 tantum
816 2448 903 2483 locis
935 2448 1007 2492 (fol.
1034 2448 1079 2484 30
1103 2447 1143 2482 r⁰
1166 2449 1202 2482 et
1225 2447 1282 2482 sol.
1308 2447 1353 2482 96
1378 2446 1432 2492 r0)
1457 2446 1627 2492 exceptis,
1657 2445 1719 2482 ubi
1741 2455 1779 2490 re

318 2517 402 2542 vera
425 2505 479 2542 est
502 2518 529 2541 r.

437 2565 450 2583 ³
473 2565 567 2599 Vitia
590 2565 856 2610 typographica,
882 2575 971 2609 quae
994 2564 1031 2598 in
1054 2564 1264 2609 praefatione
1285 2563 1334 2608 (p.
1347 2563 1452 2608 XXI)
1475 2562 1643 2598 indicavit
1658 2562 1778 2607 Jacob,

319 2624 482 2658 adnotare
506 2624 776 2668 supersedimus.
813 2623 864 2658 Ea
886 2625 927 2658 ut
944 2623 980 2656 in
999 2622 1188 2667 exemplari
1207 2632 1270 2656 suo
1290 2621 1438 2666 corrigat
1455 2620 1643 2656 benevolus
1658 2619 1777 2664 lector,

319 2682 463 2716 comiter
486 2692 658 2727 rogamus.
