1936 3392
1601 368 1623 408 7

129 492 249 535 Idem
278 491 366 533 iam
391 490 556 533 dudum
581 490 804 531 invenerat
826 489 993 531 Breiter
1018 488 1099 541 (De
1124 488 1284 530 emend.
1311 487 1453 541 Mam,
1487 501 1524 542 p.
1542 488 1624 541 15).

129 563 280 619 Neque
317 562 363 604 id
399 574 570 615 moneo,
609 574 693 616 quo
733 560 785 602 de
821 559 1022 602 laudibus
1059 559 1144 600 viri
1181 559 1229 600 in
1259 560 1408 615 paucis
1440 559 1554 601 docti
1586 562 1627 618 et

128 634 343 691 ingeniosi
380 633 616 689 quidquam
652 632 888 684 detraham3
928 631 1004 673 sed
1042 633 1105 672 est
1140 643 1234 673 mos
1265 631 1529 685 criticorum,
1567 634 1626 684 ut,

127 707 166 749 si
203 707 251 748 in
285 705 347 760 id,
385 705 499 760 quod
530 705 692 760 priores
725 704 1090 759 excogitaverunt,
1127 702 1350 757 incideris,
1386 703 1528 744 statim
1558 703 1625 744 vel

126 778 418 834 neglegentiae
460 777 530 818 vel
573 776 840 832 ignorantiae
877 775 947 818 vel
985 775 1112 817 etiam
1149 775 1251 816 furti
1287 778 1328 816 te
1364 774 1624 816 insimulent.

129 849 214 900 Qui
244 850 282 892 si
311 849 602 905 reputaverint
632 848 760 890 etiam
790 847 896 889 viris
927 850 968 889 et
997 846 1299 889 eruditissimis
1325 849 1367 888 et
1392 845 1625 902 diligentis-

127 922 248 964 simis
282 924 324 964 et
353 920 663 964 honestissimis
693 931 999 974 saepenumero
1031 918 1236 960 accidisse
1267 921 1316 960 ut
1346 918 1520 960 inventa
1549 931 1626 960 sua

126 1006 202 1049 pro
233 994 358 1035 novis
388 993 493 1035 falso
524 991 744 1046 haberent,
777 991 967 1045 mollius,
998 990 1140 1045 credo,
1172 990 1223 1032 de
1254 990 1322 1032 his
1352 989 1479 1032 rebus
1510 989 1625 1032 iudi-

128 1067 238 1120 oent,
273 1065 519 1120 praesertim
556 1077 654 1106 cum
690 1063 978 1105 emendationi
1013 1063 1150 1104 maior
1184 1062 1356 1104 accedat
1385 1062 1625 1116 auctoritaS,

126 1137 164 1179 si
194 1136 336 1192 plures
367 1149 443 1192 per
473 1149 518 1179 se
549 1136 596 1177 in
628 1148 721 1178 eam
753 1135 1008 1178 devenerint.
1054 1133 1112 1176 Cf.
1139 1135 1268 1177 etiam
1294 1134 1347 1176 ad
1371 1134 1398 1175 l.
1418 1133 1471 1189 V,
1496 1148 1534 1175 v.
1556 1134 1624 1176 24.

243 1279 289 1322 L.
320 1279 402 1335 IV,
432 1293 471 1321 v.
497 1280 763 1322 423—424:

269 1363 330 1406 Εἰ
359 1377 480 1406 nune
505 1377 587 1419 per
616 1363 828 1419 scopulos,
860 1376 982 1404 nune
1012 1362 1179 1417 eampis
1210 1362 1373 1404 labitur
1402 1362 1563 1415 amnis,

268 1435 361 1477 Aut
390 1435 559 1491 faciens
588 1435 673 1477 iter
701 1437 781 1477 aut
811 1447 1023 1489 quaereus
1053 1434 1196 1476 musve
1225 1434 1398 1476 reditve.

245 1531 403 1587 Aperte
434 1531 639 1572 vitiosum
665 1533 727 1572 est
750 1529 929 1572 verbum
957 1529 1124 1584 „urit.“
1147 1529 1371 1571 Bentleius
1395 1528 1626 1585 reponebat

126 1602 284 1656 currit,
318 1602 433 1658 quod
463 1615 564 1644 sane
594 1602 776 1657 languet.
838 1600 1032 1643 Fortasse
1063 1614 1140 1643 nos
1171 1601 1326 1644 melius
1357 1601 1436 1643 sic:

268 1684 362 1728 Aut
389 1685 557 1741 faciens
587 1685 671 1727 iter
700 1688 780 1727 aut
810 1699 1021 1740 quaereus
1051 1689 1260 1740 uryetve
1290 1685 1461 1728 reditve.

138 1781 292 1837 Uryere
321 1781 608 1835 intransitive,
640 1784 688 1823 ut
717 1781 742 1822 1.
774 1780 857 1835 III,
887 1795 925 1822 v.
954 1781 1059 1822 675:

273 1864 419 1908 Cetera
447 1879 570 1907 nune
599 1868 756 1921 urgent
786 1865 972 1919 vicibus,
1005 1879 1127 1908 nune
1160 1869 1346 1921 tempore
1377 1866 1545 1920 cedunt,

126 1963 167 2003 et
197 1961 310 2016 apud
339 1960 486 2016 Verg.,
519 1961 687 2017 Georg.,
717 1961 742 2002 1.
775 1960 859 2016 III,
889 1975 927 2002 v.
955 1962 1060 2004 200:

637 2044 879 2100 ‚louyique
908 2048 1066 2101 uryent
1095 2046 1153 2087 ad
1183 2045 1331 2088 littora
1361 2045 1533 2101 fluetus.

244 2187 288 2230 L.
320 2188 379 2242 V,
410 2202 447 2230 V.
475 2189 564 2231 8-
577 2189 621 2230 9;

267 2272 340 2315 Me
364 2286 600 2329 properare
630 2273 751 2315 viam
780 2273 976 2315 muudus
1006 2273 1142 2327 iubet,
1175 2274 1326 2316 omnia
1357 2273 1523 2317 circum

271 2344 425 2387 Sidera
455 2348 670 2387 vectatum
702 2348 786 2387 toto
816 2345 1038 2388 decurrere
1069 2346 1191 2388 eaelo.

243 2439 295 2481 V.
323 2441 350 2482 8
381 2439 520 2482 scribe
552 2453 649 2482 cum
681 2439 897 2496 Scaligero
930 2441 1085 2496 (neque
1117 2442 1157 2483 ei
1188 2441 1423 2498 refragatur
1453 2442 1481 2484 J
1484 2441 1622 2496 acob):

125 2511 199 2554 Me
216 2525 451 2568 properare
475 2511 596 2554 viam
619 2512 804 2554 muudi
830 2512 944 2555 lubet
977 2513 1091 2567 (libet
1116 2513 1276 2556 habent
1301 2526 1448 2556 omnes
1475 2513 1622 2568 codd),

126 2582 176 2625 cf.
206 2583 232 2624 1.
263 2582 344 2638 IV,
373 2597 412 2624 v.
440 2584 544 2626 578:

267 2666 502 2710 Ardentem
531 2667 687 2710 mediis
717 2668 921 2710 animum
953 2668 1053 2711 libet
1081 2668 1146 2711 ire
1171 2683 1253 2724 per
1282 2669 1413 2725 iyrces.

244 2761 297 2804 In
333 2762 396 2804 eis
434 2776 541 2818 quae
578 2766 818 2819 sequuntur
853 2763 1081 2806 molestum
1118 2768 1181 2806 est
1218 2764 1470 2820 asyndeton,
1509 2764 1623 2820 quod

130 2831 216 2874 iam
246 2833 406 2889 pridem
441 2835 538 2877 iure
569 2848 647 2878 suo
680 2835 855 2878 sustulit
884 2835 1125 2878 Bentleius:

516 2953 518 2956 ,
763 2952 772 2960 .
805 2952 814 2961 .
846 2919 999 2962 omnia
1028 2919 1195 2963 eircum-

274 2986 427 3032 Sidera
457 2994 671 3034 vectatum
702 2995 746 3034 et
779 2994 862 3033 toto
893 2992 1115 3034 decurrere
1146 2993 1268 3034 eaelo.
