1936 3392
1096 305 1149 342 22

422 450 555 486 tantas
602 461 802 500 emergere
852 445 973 486 moles
1021 460 1247 499 magnaque
1293 460 1385 487 cum
1422 447 1552 502 parvis
1582 447 1704 489 simili
1735 462 1820 503 per-

754 523 764 539 J

423 538 579 565 currere
627 523 749 564 oura.’
830 523 940 564 Haeo
987 523 1093 563 enim
1127 521 1246 563 verba
1278 537 1397 564 sensu
1428 529 1606 565 carerent
1637 525 1671 565 si
1705 528 1823 580 poeta

422 600 658 656 speravisset
705 601 787 642 fore
835 604 880 641 ut
927 600 1033 640 intra
1075 600 1252 654 spatium
1285 600 1463 654 quinque
1496 615 1690 643 annorum
1723 615 1823 657 opus

424 679 615 719 conficere
668 681 814 732 posset.
879 676 1051 718 Nullum
1099 681 1233 718 tamen
1282 681 1435 718 certum
1485 678 1704 734 vestigium
1751 693 1824 720 nos

424 756 537 797 ducit
583 755 632 796 ad
680 754 900 796 Tiberium.
951 753 1040 795 Lib.
1092 754 1132 804 Ι,
1186 769 1229 794 vs
1281 755 1364 796 798
1398 756 1642 797 enumeratis
1673 755 1825 810 quiex

423 832 518 873 orbe
564 836 699 873 nostro
749 832 1022 885 migraverunt
1055 831 1097 872 in
1131 831 1332 885 galaxiam
1365 846 1565 887 suumque
1596 832 1826 875 habitantes

423 909 576 950 eaelum
609 908 812 950 aethereos
844 909 988 950 vivunt
1020 923 1143 949 annos
1165 909 1398 963 mundoque
1420 910 1638 960 fruuntur,
1661 910 1823 960 heroes,

424 988 481 1028 sic
513 986 720 1028 concludit
751 990 891 1042 poeta:
958 985 1236 1040 „Venerisque
1279 985 1328 1027 ab
1361 987 1519 1041 origine
1550 986 1683 1045 proles
1716 986 1825 1029 Iulia

423 1065 629 1106 descendit
676 1064 784 1105 caelo
831 1063 1067 1117 caelumque
1112 1063 1282 1118 replevit
1292 1081 1304 1114 3
1339 1064 1448 1118 quod
1480 1065 1583 1119 regit
1614 1065 1826 1120 Augustus

424 1142 532 1183 socio
564 1156 635 1197 per
661 1141 776 1196 signa
797 1141 1003 1190 Tonante,
1027 1140 1155 1182 cernit
1178 1145 1217 1181 et
1239 1141 1280 1181 in
1303 1145 1422 1182 coetu
1443 1141 1593 1182 Divum
1616 1155 1825 1196 magnum·

426 1234 503 1273 que
537 1218 753 1270 Quirinum
767 1250 778 1268 ,
814 1218 935 1259 altius
970 1217 1140 1259 aetherei
1163 1233 1284 1272 quam
1307 1218 1452 1259 candet
1472 1218 1648 1260 circulus
1669 1217 1821 1260 orbi-P

427 1297 542 1349 Quae
574 1296 693 1337 verba
725 1296 773 1336 de
807 1298 993 1350 Augusto
1032 1298 1191 1336 mortuo
1224 1299 1262 1336 et
1296 1309 1387 1336 vere
1414 1299 1643 1337 consecrato
1664 1299 1825 1337 tantum

427 1374 610 1428 intellegi
643 1388 755 1428 posse
789 1377 829 1413 et
862 1376 1074 1414 contextus
1108 1375 1147 1413 et
1180 1373 1265 1428 ipsa
1297 1371 1417 1413 verba
1437 1372 1541 1414 clare
1563 1372 1664 1415 mihi
1686 1372 1826 1414 docere

426 1452 626 1492 videntur.
693 1450 794 1490 Cum
826 1454 961 1491 tamen
994 1450 1035 1490 in
1069 1450 1148 1490 fine
1181 1449 1273 1491 libri
1305 1449 1426 1506 primi
1458 1453 1498 1490 et
1525 1450 1658 1504 quarti
1681 1449 1825 1492 diserte

427 1544 554 1570 sermo
602 1529 654 1569 sit
688 1528 735 1568 de
768 1529 957 1582 Augusto
990 1528 1080 1568 vivo
1098 1560 1109 1578 ,
1144 1531 1214 1569 aut
1246 1527 1289 1568 hi
1322 1541 1458 1568 versus
1490 1528 1532 1568 in
1564 1526 1666 1569 libro
1698 1528 1825 1584 primo

427 1611 565 1662 postea
611 1606 693 1646 sint
740 1605 931 1660 adscripti
980 1621 1002 1645 a
1050 1609 1169 1660 poeta
1201 1609 1357 1646 mutata
1387 1609 1474 1646 tota
1505 1609 1682 1648 extrema
1713 1609 1826 1661 parte

425 1685 546 1725 huius
579 1683 679 1733 loci,
714 1688 783 1724 aut
815 1683 974 1738 legatur
1004 1687 1128 1735 reqet,
1163 1687 1290 1724 cernet
1321 1697 1479 1724 neeesse
1512 1686 1584 1725 est.
1598 1683 1624 1737 ¹)

486 1760 599 1802 Libr.
642 1760 702 1801 IV
745 1775 800 1801 vs¹
845 1761 927 1801 764
962 1775 1072 1814 seqq.
1108 1760 1155 1801 de
1187 1759 1329 1802 Rhodo
1362 1760 1522 1816 scripsit
1553 1763 1672 1816 poeta
1705 1760 1826 1802 haec:

427 1837 528 1889 „Est
575 1838 742 1879 Rhodus
790 1838 1009 1893 hospitium
1057 1838 1204 1879 rect-uri
1251 1838 1446 1893 principis
1489 1837 1625 1879 orbem
1656 1841 1827 1892 tumque

428 1916 568 1956 domus
602 1930 692 1956 vere
725 1915 841 1965 solis,
876 1916 939 1956 cui
973 1919 1061 1956 tota
1093 1920 1247 1957 sacrata
1279 1919 1363 1965 est,
1397 1929 1488 1956 eum
1510 1918 1668 1971 caperet
1691 1914 1827 1956 lumen

427 1993 563 2047 magni
612 1991 686 2033 sub
735 1991 900 2034 Caesare
948 1993 1133 2035 mundi.”
1197 1993 1328 2034 Rhodi
1377 1992 1562 2034 Tiberius
1599 1991 1829 2034 morabatur

426 2074 579 2124 septem
614 2085 738 2110 annos
772 2084 898 2123 usque
931 2070 981 2111 ad
1013 2070 1185 2112 alterum
1214 2085 1365 2112 annum
1387 2074 1490 2126 post.
1515 2069 1609 2112 Chr.
1633 2085 1672 2111 n.
1697 2084 1828 2123 neque

427 2153 515 2189 tum
548 2151 732 2188 recturus
764 2148 949 2203 princeps
981 2148 1115 2190 orbem
1149 2148 1230 2190 dici
1261 2152 1433 2204 poterat.
1466 2149 1586 2190 Anno
1611 2150 1650 2188 9.
1673 2162 1713 2204 p.
1732 2147 1826 2189 Chr.

428 2229 536 2275 nat.‚
587 2228 677 2266 aute
729 2239 847 2279 quem
898 2241 1048 2267 annum
1097 2226 1312 2268 Manilium
1362 2225 1509 2267 librum
1540 2226 1715 2281 primum
1747 2239 1828 2267 non

428 2302 632 2358 scripsisse
680 2303 932 2351 monuimus,
982 2303 1166 2345 Tiberius
1214 2307 1298 2345 erat
1346 2304 1387 2344 in
1436 2303 1668 2353 Pannonia,
1712 2302 1827 2344 annis

428 2378 690 2434 sequentibus
743 2380 785 2420 in
834 2374 1077 2430 Germanis,
1136 2381 1244 2423 unde
1292 2394 1398 2422 anno
1452 2382 1547 2421 ll¹¹¹⁰
1594 2383 1684 2435 post
1733 2378 1827 2421 Chr.

477 2563 499 2598 ¹)
547 2566 633 2602 Quod
659 2566 789 2602 negavit
813 2566 948 2595 Huetius
972 2567 1010 2595 ad
1037 2575 1080 2596 vs.
1107 2568 1167 2596 798
1193 2567 1303 2596 allatis
1328 2566 1511 2596 Horatianis
1535 2566 1599 2595 his:

736 2625 801 2654 Hae
825 2626 894 2654 arte
918 2626 1024 2654 Pollux
1053 2628 1085 2655 et
1110 2636 1206 2662 vagus
1231 2627 1381 2656 Hercules

736 2685 862 2713 innixus
887 2694 973 2714 arces
998 2686 1113 2721 attigit
1139 2687 1266 2721 igneas,

735 2754 812 2780 quos
837 2745 920 2773 inter
944 2745 1102 2781 Augustus
1126 2747 1309 2775 recumbens

737 2813 892 2842 purpureo
917 2805 1001 2833 bibit
1025 2814 1078 2833 ore
1102 2806 1213 2834 nectar
1237 2805 1350 2842 (Carni.
1377 2806 1438 2837 111,
1463 2806 1498 2837 3,
1523 2805 1566 2841 9.)

434 2866 484 2894 ubi
534 2865 644 2902 optimi
683 2867 789 2894 tamen
826 2865 950 2893 codices
985 2866 1018 2894 et
1055 2865 1195 2894 editores
1229 2866 1424 2894 recentiores
1458 2864 1585 2903 praeter
1630 2863 1723 2893 Orell.
1752 2863 1829 2891 bibet

432 2926 541 2961 legunt
567 2925 661 2954 reete.
