1930 3320
935 319 1146 361 *86-

298 407 405 453 Quid
445 419 540 445 vero
579 407 728 444 horum
770 406 1009 445 animalium
1054 407 1181 446 moles
1213 407 1362 455 obstat,
1403 407 1501 458 quin
1532 407 1770 459 loquentem

301 470 542 521 magistrum
562 469 758 508 audiant?
769 470 868 508 Cum
887 471 1061 519 feritate⁷
1080 483 1163 510 non
1181 471 1376 523 pondere,
1394 472 1636 523 obsequium
1651 471 1771 523 june-

300 538 389 572 tum
408 533 723 571 admirationem
745 538 894 573 movet.

355 598 403 635 Et
424 596 613 648 quaedam
631 596 815 636 invenias
834 597 876 635 in
897 597 1044 648 quibus
1061 602 1259 650 appareat
1274 611 1358 637 non
1374 611 1395 637 e
1410 598 1611 638 sententia
1627 599 1768 647 verba,

298 661 371 700 sed
392 673 413 699 e
437 660 572 699 verbis
591 660 835 699 sententiam
857 661 1100 712 profluxisse
1124 673 1132 700 :
1156 662 1268 713 quod
1285 675 1376 701 eum
1403 662 1535 701 multa
1563 662 1658 714 alia,
1681 667 1770 702 tum

299 724 389 763 haee
402 723 585 763 indicant
604 735 613 763 :

833 817 1025 864 victorque
1046 817 1094 852 ad
1114 817 1238 853 sidera
1260 817 1376 853 mittit

488 869 653 905 Sidereos
674 869 802 905 oculos
819 871 844 904 ¹.

665 921 762 962 Quid
780 921 932 965 mirum,
954 932 1105 958 noscere
1118 922 1291 957 mundum

486 972 523 1008 Si
542 973 684 1018 possint
702 973 887 1018 homines,
911 974 1040 1016 quibus
1056 977 1108 1008 est
1128 976 1160 1009 et
1178 974 1334 1009 mundus
1353 974 1392 1009 in
1410 974 1499 1019 ipsis
1518 973 1546 1008 ².

352 1094 448 1141 Quis
466 1098 603 1134 autem
626 1095 758 1134 varias
776 1095 938 1134 dicendi
959 1096 1127 1146 figuras,
1147 1096 1519 1147 translationesque
1551 1098 1767 1148 ceteraque

296 1157 342 1196 in
359 1159 549 1197 eumdem
577 1159 745 1198 modum
774 1164 936 1210 reperta
956 1172 1227 1198 annumerare
1246 1160 1388 1211 possit,
1413 1159 1561 1211 quibus
1581 1159 1768 1199 Manilius

293 1221 567 1261 libentissime
590 1235 731 1260 versus
758 1235 852 1262 suos
878 1223 1063 1262 refersit?
1083 1225 1185 1262 Nam
1215 1223 1317 1261 nihil
1346 1225 1429 1262 fere
1462 1223 1700 1274 simpliciter
1728 1227 1769 1262 et

293 1285 417 1336 plane
440 1285 570 1324 dixit:
595 1298 736 1324 omnes
762 1286 986 1325 sententias
1014 1287 1146 1335 torsit,
1169 1287 1294 1326 verba
1319 1287 1446 1334 flexit,
1469 1291 1514 1325 ut
1538 1286 1602 1326 vel
1629 1299 1650 1325 e
1676 1287 1766 1326 vul-

290 1349 403 1400 gatis
422 1349 543 1388 rebus
555 1349 757 1388 subtiliter
770 1349 951 1399 cogitata
971 1353 1011 1388 et
1030 1350 1292 1400 singulariter
1303 1350 1412 1388 dieta
1429 1350 1604 1389 eliceret.
1618 1350 1675 1389 Ac
1695 1363 1770 1401 per

296 1417 432 1452 totum
450 1425 599 1464 poema
613 1413 824 1464 improbus
843 1413 910 1451 hie
922 1413 1122 1452 sentiendi
1137 1417 1176 1452 et
1190 1413 1410 1464 eloquendi
1428 1413 1544 1452 labor
1563 1413 1766 1464 legentem

297 1476 426 1516 modo
440 1489 532 1515 eum
549 1477 752 1516 suavitate
767 1477 961 1528 quadam,
978 1490 1085 1528 saepe
1106 1489 1198 1516 cum
1221 1476 1409 1516 molestia
1422 1477 1628 1516 sollicitat.
1645 1476 1770 1529 Cujus

296 1540 356 1580 rei
378 1540 571 1592 quaedam
591 1541 806 1592 subjiciam
826 1541 1087 1580 documenta.
1112 1542 1207 1580 Haec
1239 1541 1418 1592 primum
1438 1541 1487 1580 de
1506 1541 1607 1580 Jove
1626 1553 1635 1580 :

487 1665 627 1701 Nobilis
648 1668 684 1701 et
703 1666 835 1700 mundi
854 1665 994 1701 nutrito
1014 1676 1102 1712 rege
1124 1665 1277 1711 Capella

486 1718 598 1763 Cujus
617 1718 663 1753 ab
685 1718 860 1753 uberibus
881 1727 1062 1763 magnum
1083 1717 1144 1752 ille
1171 1716 1339 1752 ascendit
1359 1717 1574 1762 Olympum,

484 1771 589 1806 Lacte
605 1771 682 1814 fero
702 1780 856 1806 crescens
874 1770 921 1804 ad
945 1771 1102 1813 fulmina
1122 1772 1262 1812 vimque
1284 1769 1435 1804 tonandi
1460 1769 1483 1804 ³.

298 1888 541 1929 Phaetontis
561 1902 658 1929 casu
680 1890 888 1929 terrestria
908 1890 1096 1929 incendia
1114 1891 1172 1929 ita
1193 1890 1350 1930 solatur
1367 1902 1376 1929 ε

489 2012 569 2054 Quo
591 2012 798 2058 querimur,
815 2013 989 2048 flammas
1008 2015 1133 2048 totum
1152 2013 1294 2049 saevisse
1315 2024 1381 2059 per
1401 2013 1544 2057 orbem,

490 2065 752 2110 Terrarumque
773 2075 899 2109 royum
918 2069 1061 2100 cunctas
1080 2067 1211 2100 arsisse
1225 2076 1292 2110 per
1311 2065 1428 2108 urbes,

487 2115 585 2151 Cum
605 2127 701 2163 vaga
721 2116 877 2162 dispersi
901 2116 1096 2152 fluitarunt
1116 2117 1260 2152 lumina
1282 2127 1423 2160 curruS,

486 2168 531 2203 Et
549 2169 683 2203 caelum
703 2171 878 2204 exustum
900 2168 978 2204 est?
999 2169 1082 2205 Luit
1101 2169 1181 2215 ipse
1201 2169 1374 2204 incendia
1395 2167 1559 2204 mundus

484 2220 528 2254 Et
547 2231 646 2255 nova
667 2221 796 2257 vicinis
815 2221 1025 2268 flagrarunt
1043 2221 1167 2257 sidera
1186 2221 1350 2257 flammis
1369 2222 1397 2257 ⁴.

296 2342 407 2380 Tum
429 2340 500 2379 illa
520 2341 570 2381 de
590 2341 747 2380 diffusis
764 2355 838 2394 per
858 2342 1092 2381 universum
1110 2346 1268 2381 naturae
1292 2342 1435 2381 orbem
1456 2341 1638 2392 ignibus,

491 2460 560 2502 Qui
579 2461 750 2507 gravidas
769 2461 941 2497 habitant
960 2462 1187 2505 fabricantes
1208 2462 1364 2506 fulmina
1380 2462 1514 2497 nubes.

489 2515 532 2548 Et
551 2516 749 2559 penetrant
768 2515 884 2549 terras
904 2516 1117 2560 AEenamque
1135 2516 1322 2550 minantur
1340 2514 1487 2560 Olympo
1507 2514 1537 2549 5.

340 2651 374 2682 1.
393 2650 498 2690 Man„
515 2651 667 2689 Astron„
688 2651 746 2692 lv,
767 2654 835 2684 107.

342 2697 374 2728 2.
395 2696 461 2736 Id.‚
482 2696 577 2735 ibid„
597 2698 652 2735 IV,
674 2699 743 2730 893.

340 2743 376 2774 3.
398 2742 463 2783 Id.‚
483 2742 578 2781 ibid„
600 2742 627 2784 Ι,
647 2745 718 2777 366.

345 2789 376 2821 4.
396 2789 461 2830 Id.‚
482 2789 579 2827 ibid„
597 2790 623 2829 I,
642 2791 713 2822 744.

340 2836 376 2867 5.
398 2835 462 2877 Id.‚
484 2835 579 2874 ibid„
600 2837 627 2876 Ι,
648 2837 718 2869 853.
