<?xml version="1.0" encoding="UTF-8"?>
<!DOCTYPE html PUBLIC "-//W3C//DTD XHTML 1.0 Transitional//EN"
    "http://www.w3.org/TR/xhtml1/DTD/xhtml1-transitional.dtd">
<html xmlns="http://www.w3.org/1999/xhtml" xml:lang="en" lang="en">
 <head>
  <title>
</title>
<meta http-equiv="Content-Type" content="text/html;charset=utf-8" />
  <meta name='ocr-system' content='tesseract 3.04.00' />
  <meta name='ocr-capabilities' content='ocr_page ocr_carea ocr_par ocr_line ocrx_word'/>
</head>
<body>
  <div class='ocr_page' id='page_1' title='image "./lucubrationesman00thomuoft_0248.png"; bbox 0 0 1930 3320; ppageno 0'>
   <div class='ocr_carea' id='block_1_1' title="bbox 951 308 1159 348">
    <p class='ocr_par' dir='ltr' id='par_1_1' title="bbox 951 308 1159 348">
     <span class='ocr_line' id='line_1_1' title="bbox 951 308 1159 348; baseline 0 -10"><span class='ocrx_word' id='word_1_1' title='bbox 951 308 1159 348; x_wconf 55' lang='grc'><strong>,74)-</strong></span> 
     </span>
    </p>
   </div>
   <div class='ocr_carea' id='block_1_2' title="bbox 314 394 1800 1772">
    <p class='ocr_par' dir='ltr' id='par_1_2' title="bbox 314 394 1792 832">
     <span class='ocr_line' id='line_1_2' title="bbox 314 394 1788 447; baseline -0.005 -6"><span class='ocrx_word' id='word_1_2' title='bbox 314 402 422 442; x_wconf 91' lang='lat' dir='ltr'>unde</span> <span class='ocrx_word' id='word_1_3' title='bbox 443 400 510 439; x_wconf 92' lang='lat' dir='ltr'>ille</span> <span class='ocrx_word' id='word_1_4' title='bbox 531 396 842 438; x_wconf 80' lang='lat' dir='ltr'>excusationum</span> <span class='ocrx_word' id='word_1_5' title='bbox 860 395 1068 447; x_wconf 83' lang='lat' dir='ltr'>strepitus,</span> <span class='ocrx_word' id='word_1_6' title='bbox 1091 396 1124 434; x_wconf 88' lang='lat' dir='ltr'>si</span> <span class='ocrx_word' id='word_1_7' title='bbox 1142 395 1306 447; x_wconf 89' lang='lat' dir='ltr'>quando</span> <span class='ocrx_word' id='word_1_8' title='bbox 1326 395 1368 434; x_wconf 91' lang='lat' dir='ltr'>in</span> <span class='ocrx_word' id='word_1_9' title='bbox 1389 394 1640 434; x_wconf 81' lang='lat' dir='ltr'>astronomia</span> <span class='ocrx_word' id='word_1_10' title='bbox 1659 395 1788 446; x_wconf 89' lang='lat' dir='ltr'>expli-</span> 
     </span>
     <span class='ocr_line' id='line_1_3' title="bbox 314 458 1791 510; baseline -0.005 -5"><span class='ocrx_word' id='word_1_11' title='bbox 314 464 446 506; x_wconf 85' lang='lat' dir='ltr'>canda</span> <span class='ocrx_word' id='word_1_12' title='bbox 467 460 628 500; x_wconf 89' lang='lat' dir='ltr'>numeri</span> <span class='ocrx_word' id='word_1_13' title='bbox 646 458 909 510; x_wconf 77' lang='lat' dir='ltr'>rationesque</span> <span class='ocrx_word' id='word_1_14' title='bbox 929 460 1175 498; x_wconf 81' lang='lat' dir='ltr'>occurrunt?</span> <span class='ocrx_word' id='word_1_15' title='bbox 1200 463 1271 499; x_wconf 85' lang='lat' dir='ltr'>aut</span> <span class='ocrx_word' id='word_1_16' title='bbox 1296 472 1344 498; x_wconf 86' lang='lat' dir='ltr'>ea</span> <span class='ocrx_word' id='word_1_17' title='bbox 1370 471 1455 498; x_wconf 93' lang='lat' dir='ltr'>non</span> <span class='ocrx_word' id='word_1_18' title='bbox 1479 458 1664 498; x_wconf 88' lang='lat' dir='ltr'>versibus</span> <span class='ocrx_word' id='word_1_19' title='bbox 1685 470 1791 497; x_wconf 90' lang='lat' dir='ltr'>con-</span> 
     </span>
     <span class='ocr_line' id='line_1_4' title="bbox 314 521 1787 574; baseline -0.005 -7"><span class='ocrx_word' id='word_1_20' title='bbox 314 526 462 573; x_wconf 87' lang='lat' dir='ltr'>denda,</span> <span class='ocrx_word' id='word_1_21' title='bbox 488 527 574 572; x_wconf 83' lang='lat' dir='ltr'>aut,</span> <span class='ocrx_word' id='word_1_22' title='bbox 599 523 631 562; x_wconf 91' lang='lat' dir='ltr'>si</span> <span class='ocrx_word' id='word_1_23' title='bbox 659 523 917 569; x_wconf 80' lang='lat' dir='ltr'><strong>conderetur,</strong></span> <span class='ocrx_word' id='word_1_24' title='bbox 939 523 1072 574; x_wconf 89' lang='lat' dir='ltr'>qualis</span> <span class='ocrx_word' id='word_1_25' title='bbox 1099 526 1204 574; x_wconf 81' lang='lat' dir='ltr'>erat,</span> <span class='ocrx_word' id='word_1_26' title='bbox 1223 523 1367 562; x_wconf 82' lang='lat' dir='ltr'>tetrica</span> <span class='ocrx_word' id='word_1_27' title='bbox 1390 527 1429 561; x_wconf 88' lang='lat' dir='ltr'>et</span> <span class='ocrx_word' id='word_1_28' title='bbox 1454 522 1676 573; x_wconf 90' lang='lat' dir='ltr'>injucunda</span> <span class='ocrx_word' id='word_1_29' title='bbox 1702 521 1787 561; x_wconf 88' lang='lat' dir='ltr'>sine</span> 
     </span>
     <span class='ocr_line' id='line_1_5' title="bbox 315 585 1790 638; baseline -0.003 -9"><span class='ocrx_word' id='word_1_30' title='bbox 315 587 577 630; x_wconf 87' lang='lat' dir='ltr'>excusatione</span> <span class='ocrx_word' id='word_1_31' title='bbox 614 586 895 638; x_wconf 87' lang='lat' dir='ltr'>exprimenda.</span> <span class='ocrx_word' id='word_1_32' title='bbox 933 586 996 625; x_wconf 87' lang='lat' dir='ltr'>Sic</span> <span class='ocrx_word' id='word_1_33' title='bbox 1026 586 1134 625; x_wconf 91' lang='lat' dir='ltr'>enim</span> <span class='ocrx_word' id='word_1_34' title='bbox 1167 586 1392 637; x_wconf 83' lang='lat' dir='ltr'>Lucretius,</span> <span class='ocrx_word' id='word_1_35' title='bbox 1426 586 1623 637; x_wconf 85' lang='lat' dir='ltr'>praefatus</span> <span class='ocrx_word' id='word_1_36' title='bbox 1660 597 1702 624; x_wconf 91' lang='lat' dir='ltr'>se</span> <span class='ocrx_word' id='word_1_37' title='bbox 1739 585 1790 624; x_wconf 90' lang='lat' dir='ltr'>de</span> 
     </span>
     <span class='ocr_line' id='line_1_6' title="bbox 315 648 1792 701; baseline -0.004 -9"><span class='ocrx_word' id='word_1_38' title='bbox 315 652 476 693; x_wconf 89' lang='lat' dir='ltr'>obcuris</span> <span class='ocrx_word' id='word_1_39' title='bbox 491 663 538 690; x_wconf 90' lang='lat' dir='ltr'>ac</span> <span class='ocrx_word' id='word_1_40' title='bbox 558 650 675 690; x_wconf 90' lang='lat' dir='ltr'>novis</span> <span class='ocrx_word' id='word_1_41' title='bbox 695 649 816 688; x_wconf 90' lang='lat' dir='ltr'>rebus</span> <span class='ocrx_word' id='word_1_42' title='bbox 834 649 1098 700; x_wconf 90' lang='lat' dir='ltr'>scripturum,</span> <span class='ocrx_word' id='word_1_43' title='bbox 1116 649 1401 700; x_wconf 74' lang='lat' dir='ltr'>pollicitusque</span> <span class='ocrx_word' id='word_1_44' title='bbox 1416 661 1456 688; x_wconf 86' lang='lat' dir='ltr'>se</span> <span class='ocrx_word' id='word_1_45' title='bbox 1471 661 1595 701; x_wconf 88' lang='lat' dir='ltr'>quam</span> <span class='ocrx_word' id='word_1_46' title='bbox 1610 648 1792 687; x_wconf 78' lang='lat' dir='ltr'>maxime</span> 
     </span>
     <span class='ocr_line' id='line_1_7' title="bbox 315 711 1784 760; baseline -0.003 -4"><span class='ocrx_word' id='word_1_47' title='bbox 315 716 452 756; x_wconf 87' lang='lat' dir='ltr'>lucida</span> <span class='ocrx_word' id='word_1_48' title='bbox 487 715 613 754; x_wconf 87' lang='lat' dir='ltr'>verba</span> <span class='ocrx_word' id='word_1_49' title='bbox 643 714 691 752; x_wconf 87' lang='lat' dir='ltr'>iis</span> <span class='ocrx_word' id='word_1_50' title='bbox 721 713 988 760; x_wconf 87' lang='lat' dir='ltr'>induturum,</span> <span class='ocrx_word' id='word_1_51' title='bbox 1025 725 1110 752; x_wconf 89' lang='lat' dir='ltr'>non</span> <span class='ocrx_word' id='word_1_52' title='bbox 1145 713 1188 751; x_wconf 91' lang='lat' dir='ltr'>in</span> <span class='ocrx_word' id='word_1_53' title='bbox 1225 712 1506 752; x_wconf 89' lang='lat' dir='ltr'>excusationes</span> <span class='ocrx_word' id='word_1_54' title='bbox 1539 711 1784 758; x_wconf 82' lang='lat' dir='ltr'>effunditur,</span> 
     </span>
     <span class='ocr_line' id='line_1_8' title="bbox 315 777 1096 832; baseline -0.004 -12"><span class='ocrx_word' id='word_1_55' title='bbox 315 779 475 832; x_wconf 89' lang='lat' dir='ltr'>quoties</span> <span class='ocrx_word' id='word_1_56' title='bbox 495 777 611 818; x_wconf 87' lang='lat' dir='ltr'>arida</span> <span class='ocrx_word' id='word_1_57' title='bbox 630 782 670 816; x_wconf 88' lang='lat' dir='ltr'>et</span> <span class='ocrx_word' id='word_1_58' title='bbox 690 789 836 828; x_wconf 88' lang='lat' dir='ltr'>aspera</span> <span class='ocrx_word' id='word_1_59' title='bbox 859 780 1096 817; x_wconf 70' lang='lat' dir='ltr'>occurrunt,</span> 
     </span>
    </p>

    <p class='ocr_par' dir='ltr' id='par_1_3' title="bbox 315 837 1800 1772">
     <span class='ocr_line' id='line_1_9' title="bbox 369 837 1791 894; baseline -0.004 -12"><span class='ocrx_word' id='word_1_60' title='bbox 369 843 580 894; x_wconf 78' lang='lat' dir='ltr'>Idemque,</span> <span class='ocrx_word' id='word_1_61' title='bbox 601 840 788 892; x_wconf 89' lang='lat' dir='ltr'>quamvis</span> <span class='ocrx_word' id='word_1_62' title='bbox 809 852 977 879; x_wconf 87' lang='lat' dir='ltr'>usurum</span> <span class='ocrx_word' id='word_1_63' title='bbox 998 852 1040 879; x_wconf 92' lang='lat' dir='ltr'>se</span> <span class='ocrx_word' id='word_1_64' title='bbox 1060 839 1232 891; x_wconf 84' lang='lat' dir='ltr'>poeticis</span> <span class='ocrx_word' id='word_1_65' title='bbox 1260 839 1512 878; x_wconf 80' lang='lat' dir='ltr'>ornamentis</span> <span class='ocrx_word' id='word_1_66' title='bbox 1538 837 1791 890; x_wconf 79' lang='lat' dir='ltr'>praedixerit,</span> 
     </span>
     <span class='ocr_line' id='line_1_10' title="bbox 317 900 1792 957; baseline -0.005 -10"><span class='ocrx_word' id='word_1_67' title='bbox 317 907 375 947; x_wconf 88' lang='lat' dir='ltr'>ita</span> <span class='ocrx_word' id='word_1_68' title='bbox 393 911 532 946; x_wconf 86' lang='lat' dir='ltr'>tamen</span> <span class='ocrx_word' id='word_1_69' title='bbox 548 904 703 957; x_wconf 88' lang='lat' dir='ltr'>poesim</span> <span class='ocrx_word' id='word_1_70' title='bbox 721 903 993 956; x_wconf 73' lang='lat' dir='ltr'>philosophiae</span> <span class='ocrx_word' id='word_1_71' title='bbox 1009 903 1196 952; x_wconf 84' lang='lat' dir='ltr'>involvit,</span> <span class='ocrx_word' id='word_1_72' title='bbox 1213 907 1258 942; x_wconf 92' lang='lat' dir='ltr'>ut</span> <span class='ocrx_word' id='word_1_73' title='bbox 1271 902 1372 941; x_wconf 92' lang='lat' dir='ltr'>nihil</span> <span class='ocrx_word' id='word_1_74' title='bbox 1387 902 1496 941; x_wconf 83' lang='lat' dir='ltr'>dicat</span> <span class='ocrx_word' id='word_1_75' title='bbox 1508 900 1792 941; x_wconf 84' lang='lat' dir='ltr'>delectationis</span> 
     </span>
     <span class='ocr_line' id='line_1_11' title="bbox 318 964 1790 1021; baseline -0.004 -12"><span class='ocrx_word' id='word_1_76' title='bbox 318 982 442 1010; x_wconf 88' lang='lat' dir='ltr'>causa</span> <span class='ocrx_word' id='word_1_77' title='bbox 461 969 570 1021; x_wconf 92' lang='lat' dir='ltr'>quod</span> <span class='ocrx_word' id='word_1_78' title='bbox 591 980 676 1007; x_wconf 92' lang='lat' dir='ltr'>non</span> <span class='ocrx_word' id='word_1_79' title='bbox 694 971 734 1007; x_wconf 84' lang='lat' dir='ltr'>et</span> <span class='ocrx_word' id='word_1_80' title='bbox 755 968 892 1019; x_wconf 88' lang='lat' dir='ltr'>aliquo</span> <span class='ocrx_word' id='word_1_81' title='bbox 915 968 1039 1006; x_wconf 92' lang='lat' dir='ltr'>modo</span> <span class='ocrx_word' id='word_1_82' title='bbox 1057 967 1218 1015; x_wconf 80' lang='lat' dir='ltr'>doceat,</span> <span class='ocrx_word' id='word_1_83' title='bbox 1240 971 1365 1018; x_wconf 89' lang='lat' dir='ltr'>utque</span> <span class='ocrx_word' id='word_1_84' title='bbox 1386 970 1630 1005; x_wconf 85' lang='lat' dir='ltr'>ornamenta</span> <span class='ocrx_word' id='word_1_85' title='bbox 1646 964 1790 1004; x_wconf 88' lang='lat' dir='ltr'>eadem</span> 
     </span>
     <span class='ocr_line' id='line_1_12' title="bbox 319 1029 1790 1085; baseline -0.004 -12"><span class='ocrx_word' id='word_1_86' title='bbox 319 1038 443 1085; x_wconf 88' lang='lat' dir='ltr'>atque</span> <span class='ocrx_word' id='word_1_87' title='bbox 461 1035 706 1083; x_wconf 83' lang='lat' dir='ltr'>argumenta</span> <span class='ocrx_word' id='word_1_88' title='bbox 726 1031 820 1079; x_wconf 87' lang='lat' dir='ltr'>sint,</span> <span class='ocrx_word' id='word_1_89' title='bbox 843 1031 1104 1082; x_wconf 77' lang='lat' dir='ltr'>suavitasque</span> <span class='ocrx_word' id='word_1_90' title='bbox 1124 1043 1216 1069; x_wconf 92' lang='lat' dir='ltr'>cum</span> <span class='ocrx_word' id='word_1_91' title='bbox 1243 1030 1413 1070; x_wconf 85' lang='lat' dir='ltr'>veritate</span> <span class='ocrx_word' id='word_1_92' title='bbox 1436 1041 1598 1081; x_wconf 87' lang='lat' dir='ltr'>semper</span> <span class='ocrx_word' id='word_1_93' title='bbox 1618 1029 1670 1068; x_wconf 88' lang='lat' dir='ltr'>sit</span> <span class='ocrx_word' id='word_1_94' title='bbox 1689 1040 1790 1067; x_wconf 89' lang='lat' dir='ltr'>con-</span> 
     </span>
     <span class='ocr_line' id='line_1_13' title="bbox 315 1094 1793 1150; baseline -0.003 -15"><span class='ocrx_word' id='word_1_95' title='bbox 315 1098 473 1150; x_wconf 89' lang='lat' dir='ltr'>juncta.</span> <span class='ocrx_word' id='word_1_96' title='bbox 491 1094 677 1134; x_wconf 87' lang='lat' dir='ltr'>Manilius</span> <span class='ocrx_word' id='word_1_97' title='bbox 691 1107 806 1142; x_wconf 79' lang='lat' dir='ltr'>vero,</span> <span class='ocrx_word' id='word_1_98' title='bbox 823 1095 892 1145; x_wconf 92' lang='lat' dir='ltr'>qui</span> <span class='ocrx_word' id='word_1_99' title='bbox 910 1095 1007 1133; x_wconf 88' lang='lat' dir='ltr'>satis</span> <span class='ocrx_word' id='word_1_100' title='bbox 1026 1097 1269 1144; x_wconf 82' lang='lat' dir='ltr'>arroganter</span> <span class='ocrx_word' id='word_1_101' title='bbox 1289 1097 1532 1133; x_wconf 87' lang='lat' dir='ltr'>ornamenta</span> <span class='ocrx_word' id='word_1_102' title='bbox 1551 1095 1793 1144; x_wconf 89' lang='lat' dir='ltr'>aspernatus</span> 
     </span>
     <span class='ocr_line' id='line_1_14' title="bbox 319 1156 1796 1210; baseline -0.003 -11"><span class='ocrx_word' id='word_1_103' title='bbox 319 1164 395 1208; x_wconf 89' lang='lat' dir='ltr'>est,</span> <span class='ocrx_word' id='word_1_104' title='bbox 417 1162 664 1199; x_wconf 86' lang='lat' dir='ltr'>ornamenta</span> <span class='ocrx_word' id='word_1_105' title='bbox 687 1158 817 1197; x_wconf 90' lang='lat' dir='ltr'>multa</span> <span class='ocrx_word' id='word_1_106' title='bbox 843 1158 1072 1207; x_wconf 87' lang='lat' dir='ltr'>collocavit,</span> <span class='ocrx_word' id='word_1_107' title='bbox 1093 1171 1184 1210; x_wconf 87' lang='lat' dir='ltr'>quae</span> <span class='ocrx_word' id='word_1_108' title='bbox 1206 1170 1287 1197; x_wconf 93' lang='lat' dir='ltr'>non</span> <span class='ocrx_word' id='word_1_109' title='bbox 1313 1156 1567 1209; x_wconf 80' lang='lat' dir='ltr'>explicandae</span> <span class='ocrx_word' id='word_1_110' title='bbox 1594 1156 1796 1195; x_wconf 69' lang='lat' dir='ltr'>doctrinae</span> 
     </span>
     <span class='ocr_line' id='line_1_15' title="bbox 319 1219 1793 1272; baseline -0.003 -10"><span class='ocrx_word' id='word_1_111' title='bbox 319 1222 551 1263; x_wconf 87' lang='lat' dir='ltr'>necessaria</span> <span class='ocrx_word' id='word_1_112' title='bbox 583 1226 692 1269; x_wconf 86' lang='lat' dir='ltr'>sunt,</span> <span class='ocrx_word' id='word_1_113' title='bbox 722 1221 804 1260; x_wconf 91' lang='lat' dir='ltr'>imo</span> <span class='ocrx_word' id='word_1_114' title='bbox 829 1221 971 1260; x_wconf 88' lang='lat' dir='ltr'>inania</span> <span class='ocrx_word' id='word_1_115' title='bbox 1000 1225 1095 1260; x_wconf 90' lang='lat' dir='ltr'>sunt</span> <span class='ocrx_word' id='word_1_116' title='bbox 1127 1225 1167 1260; x_wconf 86' lang='lat' dir='ltr'>et</span> <span class='ocrx_word' id='word_1_117' title='bbox 1188 1233 1454 1272; x_wconf 86' lang='lat' dir='ltr'>supervacua.</span> <span class='ocrx_word' id='word_1_118' title='bbox 1484 1219 1565 1259; x_wconf 86' lang='lat' dir='ltr'>Cur</span> <span class='ocrx_word' id='word_1_119' title='bbox 1591 1219 1699 1258; x_wconf 90' lang='lat' dir='ltr'>enim</span> <span class='ocrx_word' id='word_1_120' title='bbox 1732 1221 1793 1257; x_wconf 80' lang='lat' dir='ltr'>tot</span> 
     </span>
     <span class='ocr_line' id='line_1_16' title="bbox 321 1281 1796 1335; baseline -0.003 -10"><span class='ocrx_word' id='word_1_121' title='bbox 321 1285 484 1326; x_wconf 86' lang='lat' dir='ltr'>fabulas</span> <span class='ocrx_word' id='word_1_122' title='bbox 499 1297 546 1324; x_wconf 85' lang='lat' dir='ltr'>ac</span> <span class='ocrx_word' id='word_1_123' title='bbox 561 1285 732 1324; x_wconf 88' lang='lat' dir='ltr'>deorum</span> <span class='ocrx_word' id='word_1_124' title='bbox 747 1284 1003 1335; x_wconf 90' lang='lat' dir='ltr'>heroumque</span> <span class='ocrx_word' id='word_1_125' title='bbox 1019 1297 1179 1323; x_wconf 85' lang='lat' dir='ltr'>amores</span> <span class='ocrx_word' id='word_1_126' title='bbox 1202 1288 1242 1323; x_wconf 89' lang='lat' dir='ltr'>et</span> <span class='ocrx_word' id='word_1_127' title='bbox 1261 1284 1438 1331; x_wconf 80' lang='lat' dir='ltr'>labores,</span> <span class='ocrx_word' id='word_1_128' title='bbox 1459 1295 1532 1322; x_wconf 90' lang='lat' dir='ltr'>cur</span> <span class='ocrx_word' id='word_1_129' title='bbox 1558 1286 1640 1322; x_wconf 90' lang='lat' dir='ltr'>tam</span> <span class='ocrx_word' id='word_1_130' title='bbox 1662 1281 1796 1321; x_wconf 83' lang='lat' dir='ltr'>multa</span> 
     </span>
     <span class='ocr_line' id='line_1_17' title="bbox 321 1345 1794 1399; baseline -0.003 -10"><span class='ocrx_word' id='word_1_131' title='bbox 321 1349 544 1390; x_wconf 84' lang='lat' dir='ltr'>illustrium</span> <span class='ocrx_word' id='word_1_132' title='bbox 573 1348 757 1387; x_wconf 85' lang='lat' dir='ltr'>virorum</span> <span class='ocrx_word' id='word_1_133' title='bbox 790 1347 959 1387; x_wconf 86' lang='lat' dir='ltr'>nomina</span> <span class='ocrx_word' id='word_1_134' title='bbox 990 1351 1132 1399; x_wconf 89' lang='lat' dir='ltr'>totque</span> <span class='ocrx_word' id='word_1_135' title='bbox 1161 1347 1315 1398; x_wconf 85' lang='lat' dir='ltr'>judicia</span> <span class='ocrx_word' id='word_1_136' title='bbox 1346 1346 1394 1385; x_wconf 92' lang='lat' dir='ltr'>de</span> <span class='ocrx_word' id='word_1_137' title='bbox 1425 1346 1473 1385; x_wconf 89' lang='lat' dir='ltr'>iis</span> <span class='ocrx_word' id='word_1_138' title='bbox 1505 1350 1545 1385; x_wconf 86' lang='lat' dir='ltr'>et</span> <span class='ocrx_word' id='word_1_139' title='bbox 1572 1345 1794 1385; x_wconf 85' lang='lat' dir='ltr'>sententias</span> 
     </span>
     <span class='ocr_line' id='line_1_18' title="bbox 322 1408 1799 1462; baseline -0.003 -10"><span class='ocrx_word' id='word_1_140' title='bbox 322 1412 523 1452; x_wconf 81' lang='lat' dir='ltr'>inseruit?</span> <span class='ocrx_word' id='word_1_141' title='bbox 549 1411 630 1450; x_wconf 89' lang='lat' dir='ltr'>Cur</span> <span class='ocrx_word' id='word_1_142' title='bbox 655 1411 757 1450; x_wconf 93' lang='lat' dir='ltr'>illud</span> <span class='ocrx_word' id='word_1_143' title='bbox 787 1411 838 1449; x_wconf 91' lang='lat' dir='ltr'>de</span> <span class='ocrx_word' id='word_1_144' title='bbox 867 1411 1129 1450; x_wconf 86' lang='lat' dir='ltr'>Andromeda</span> <span class='ocrx_word' id='word_1_145' title='bbox 1151 1423 1234 1450; x_wconf 90' lang='lat' dir='ltr'>non</span> <span class='ocrx_word' id='word_1_146' title='bbox 1262 1410 1402 1462; x_wconf 89' lang='lat' dir='ltr'>paucis</span> <span class='ocrx_word' id='word_1_147' title='bbox 1435 1421 1533 1448; x_wconf 83' lang='lat' dir='ltr'>sane</span> <span class='ocrx_word' id='word_1_148' title='bbox 1560 1408 1697 1449; x_wconf 82' lang='lat' dir='ltr'>verbis</span> <span class='ocrx_word' id='word_1_149' title='bbox 1721 1421 1799 1448; x_wconf 82' lang='lat' dir='ltr'>nec</span> 
     </span>
     <span class='ocr_line' id='line_1_19' title="bbox 324 1472 1796 1528; baseline -0.003 -13"><span class='ocrx_word' id='word_1_150' title='bbox 324 1475 579 1528; x_wconf 86' lang='lat' dir='ltr'>simplicibus</span> <span class='ocrx_word' id='word_1_151' title='bbox 604 1474 871 1526; x_wconf 85' lang='lat' dir='ltr'>rudibusque,</span> <span class='ocrx_word' id='word_1_152' title='bbox 899 1475 967 1514; x_wconf 91' lang='lat' dir='ltr'>sed</span> <span class='ocrx_word' id='word_1_153' title='bbox 994 1474 1107 1514; x_wconf 90' lang='lat' dir='ltr'>omni</span> <span class='ocrx_word' id='word_1_154' title='bbox 1136 1487 1233 1514; x_wconf 86' lang='lat' dir='ltr'>cura</span> <span class='ocrx_word' id='word_1_155' title='bbox 1261 1473 1488 1526; x_wconf 89' lang='lat' dir='ltr'>expolitum</span> <span class='ocrx_word' id='word_1_156' title='bbox 1517 1485 1564 1512; x_wconf 88' lang='lat' dir='ltr'>ac</span> <span class='ocrx_word' id='word_1_157' title='bbox 1594 1472 1796 1511; x_wconf 78' lang='lat' dir='ltr'>nitidum?</span> 
     </span>
     <span class='ocr_line' id='line_1_20' title="bbox 324 1535 1800 1591; baseline -0.004 -11"><span class='ocrx_word' id='word_1_158' title='bbox 324 1540 533 1591; x_wconf 89' lang='lat' dir='ltr'>Multaque</span> <span class='ocrx_word' id='word_1_159' title='bbox 554 1538 636 1578; x_wconf 91' lang='lat' dir='ltr'>alia</span> <span class='ocrx_word' id='word_1_160' title='bbox 663 1551 754 1590; x_wconf 86' lang='lat' dir='ltr'>quae</span> <span class='ocrx_word' id='word_1_161' title='bbox 771 1538 856 1589; x_wconf 90' lang='lat' dir='ltr'>jam</span> <span class='ocrx_word' id='word_1_162' title='bbox 881 1539 1117 1590; x_wconf 83' lang='lat' dir='ltr'>proferam?</span> <span class='ocrx_word' id='word_1_163' title='bbox 1133 1538 1216 1577; x_wconf 92' lang='lat' dir='ltr'>Nisi</span> <span class='ocrx_word' id='word_1_164' title='bbox 1235 1549 1320 1576; x_wconf 84' lang='lat' dir='ltr'>rem</span> <span class='ocrx_word' id='word_1_165' title='bbox 1345 1549 1491 1576; x_wconf 87' lang='lat' dir='ltr'>ornare</span> <span class='ocrx_word' id='word_1_166' title='bbox 1513 1536 1657 1584; x_wconf 87' lang='lat' dir='ltr'>voluit,</span> <span class='ocrx_word' id='word_1_167' title='bbox 1679 1535 1800 1587; x_wconf 79' lang='lat' dir='ltr'>eique</span> 
     </span>
     <span class='ocr_line' id='line_1_21' title="bbox 325 1599 1796 1656; baseline -0.003 -13"><span class='ocrx_word' id='word_1_168' title='bbox 325 1615 418 1656; x_wconf 82' lang='lat' dir='ltr'>quae</span> <span class='ocrx_word' id='word_1_169' title='bbox 441 1615 526 1643; x_wconf 89' lang='lat' dir='ltr'>non</span> <span class='ocrx_word' id='word_1_170' title='bbox 552 1602 1043 1653; x_wconf 52' lang='lat' dir='ltr'>ineratssdelectationem</span> <span class='ocrx_word' id='word_1_171' title='bbox 1076 1602 1326 1641; x_wconf 88' lang='lat' dir='ltr'>extrinsecus</span> <span class='ocrx_word' id='word_1_172' title='bbox 1356 1600 1570 1652; x_wconf 84' lang='lat' dir='ltr'>quaesitam</span> <span class='ocrx_word' id='word_1_173' title='bbox 1605 1599 1796 1651; x_wconf 87' lang='lat' dir='ltr'>adjicere.</span> 
     </span>
     <span class='ocr_line' id='line_1_22' title="bbox 324 1661 1799 1718; baseline -0.004 -10"><span class='ocrx_word' id='word_1_174' title='bbox 324 1669 431 1708; x_wconf 90' lang='lat' dir='ltr'>Num</span> <span class='ocrx_word' id='word_1_175' title='bbox 468 1666 594 1718; x_wconf 87' lang='lat' dir='ltr'>igitur</span> <span class='ocrx_word' id='word_1_176' title='bbox 630 1678 767 1718; x_wconf 85' lang='lat' dir='ltr'>operae</span> <span class='ocrx_word' id='word_1_177' title='bbox 802 1665 978 1717; x_wconf 89' lang='lat' dir='ltr'>pretium</span> <span class='ocrx_word' id='word_1_178' title='bbox 1010 1665 1088 1705; x_wconf 88' lang='lat' dir='ltr'>fuit</span> <span class='ocrx_word' id='word_1_179' title='bbox 1118 1664 1427 1717; x_wconf 83' lang='lat' dir='ltr'>praestigiatoris</span> <span class='ocrx_word' id='word_1_180' title='bbox 1463 1675 1562 1703; x_wconf 88' lang='lat' dir='ltr'>voce</span> <span class='ocrx_word' id='word_1_181' title='bbox 1598 1661 1799 1702; x_wconf 84' lang='lat' dir='ltr'>miracula</span> 
     </span>
     <span class='ocr_line' id='line_1_23' title="bbox 324 1729 549 1772; baseline -0.013 0"><span class='ocrx_word' id='word_1_182' title='bbox 324 1729 517 1772; x_wconf 85' lang='lat' dir='ltr'>nuntiare</span> <span class='ocrx_word' id='word_1_183' title='bbox 538 1741 549 1769; x_wconf 91' lang='lat'>:</span> 
     </span>
    </p>
   </div>
   <div class='ocr_carea' id='block_1_3' title="bbox 515 1849 1340 1899">
    <p class='ocr_par' dir='ltr' id='par_1_4' title="bbox 515 1849 1340 1899">
     <span class='ocr_line' id='line_1_24' title="bbox 515 1849 1340 1899; baseline -0.002 -12"><span class='ocrx_word' id='word_1_184' title='bbox 515 1850 650 1888; x_wconf 80' lang='lat' dir='ltr'>Ornari</span> <span class='ocrx_word' id='word_1_185' title='bbox 667 1862 727 1888; x_wconf 87' lang='lat' dir='ltr'>res</span> <span class='ocrx_word' id='word_1_186' title='bbox 745 1851 826 1899; x_wconf 89' lang='lat' dir='ltr'>ipsa</span> <span class='ocrx_word' id='word_1_187' title='bbox 846 1855 977 1898; x_wconf 82' lang='lat' dir='ltr'>negat,</span> <span class='ocrx_word' id='word_1_188' title='bbox 994 1854 1172 1888; x_wconf 83' lang='lat' dir='ltr'>contenta</span> <span class='ocrx_word' id='word_1_189' title='bbox 1192 1849 1340 1887; x_wconf 76' lang='lat' dir='ltr'>doceri?</span> 
     </span>
    </p>
   </div>
  </div>
 </body>
</html>
