1910 3250
761 273 1044 319 ss-31—

158 398 234 439 fati
263 398 380 450 qnasi
405 398 562 449 digitos
591 398 823 448 observant,
850 397 903 436 ad
930 395 1130 448 gerendas
1148 407 1212 435 res
1231 395 1429 445 valerent,
1456 395 1631 446 probare

157 471 266 508 certe
292 466 566 507 mathematici
594 469 780 516 potuere.

165 525 171 531 ⁴
262 535 397 585 Quid?
452 535 560 585 quod
613 535 782 574 eundem
835 547 984 573 annum
1028 534 1266 573 denotatum
1310 534 1536 573 invenimus
1582 533 1635 572 iis

156 605 322 644 Manilii
349 605 499 655 verbis,
529 617 630 654 quae
658 604 790 654 prima
817 604 858 642 in
886 605 964 643 hoc
991 604 1124 654 capite
1152 605 1249 643 meis
1277 604 1474 654 apposui:

386 684 504 729 „Quin
530 687 569 720 et
591 683 690 719 bella
715 687 852 720 canunt
875 685 979 730 ignes
1004 685 1218 731 subitosque
1241 684 1418 720 tumultus

385 743 436 778 Et
461 741 696 778 clandestinis
722 743 910 788 surgentia
934 742 1122 778 fraudibus
1148 752 1250 777 arma
1291 761 1294 764 Δ

386 800 573 836 Externas
599 800 709 835 modo
734 811 800 846 per
825 803 954 845 gentes
980 828 988 836 .
1013 800 1045 836 .“

158 882 261 922 Inde
287 882 407 931 enim,
436 882 557 920 etiam
585 882 620 919 si
650 881 740 930 quis
769 881 907 919 modo
936 881 1163 931 particulae
1191 881 1372 930 eandem,
1402 892 1503 930 quac
1532 881 1634 920 alias

160 963 288 990 nunc
323 951 505 1000 voculae,
545 951 623 989 vim
657 962 743 988 esse
781 951 833 988 ob
871 951 1021 988 etiam
1054 951 1297 1001 particulam
1331 963 1369 989 v,
1397 952 1471 990 906
1501 952 1636 990 subse·

159 1023 348 1070 quentem
388 1021 612 1070 negaverit,
653 1024 716 1058 est
751 1023 884 1058 tamen
922 1019 1220 1058 observandum
1256 1019 1307 1057 ad
1343 1021 1505 1058 modum
1541 1033 1634 1059 con-

159 1090 315 1140 spirare
352 1094 516 1140 poetam
548 1101 637 1128 cum
670 1089 920 1138 historicm),
958 1089 1027 1138 qui
1063 1093 1203 1127 narrat
1231 1089 1370 1127 nobis:
1408 1102 1442 1128 a.
1479 1090 1532 1128 U.
1561 1092 1636 1130 770

157 1159 344 1199 turbatas
372 1170 459 1196 esse
488 1159 717 1208 complures
746 1158 935 1196 nationes
957 1157 1140 1196 Orientis
1169 1164 1209 1196 et
1238 1158 1388 1196 bellum
1415 1164 1569 1198 motum
1592 1160 1634 1198 in

156 1226 303 1266 Africa
342 1239 389 1266 ac
429 1231 638 1277 susceptas
680 1227 722 1265 in
765 1239 806 1265 se
847 1226 1009 1264 fraudes
1051 1239 1075 1264 a
1118 1226 1293 1265 ducibus
1331 1226 1636 1267 Germanorum.

156 1295 300 1346 Neque
331 1296 390 1335 ita
418 1296 546 1335 multo
575 1300 684 1344 ante,
712 1298 758 1334 ut
787 1294 982 1345 scriptum
1009 1298 1072 1334 est
1099 1308 1135 1333 v.
1165 1297 1255 1344 906,
1284 1297 1484 1345 „civilis
1514 1297 1636 1336 etiam

157 1369 292 1404 motus
326 1370 583 1415 cognataque
624 1364 732 1403 bella
767 1364 1015 1415 significari“
1050 1367 1274 1414 potuerunt
1309 1366 1474 1416 ignibus
1509 1367 1638 1405 caele-

98 1433 111 1489 s',
161 1434 306 1484 stibus,
333 1434 574 1473 Inciderunt
601 1434 706 1472 enim
735 1434 778 1471 in
805 1446 953 1472 annum
982 1435 1056 1472 769
1086 1437 1126 1472 et
1155 1434 1285 1472 scelus
1314 1434 1490 1473 Libonis
1510 1433 1637 1472 Drusi

102 1488 104 1490 ’
161 1515 226 1542 res
270 1515 395 1542 novas
436 1504 643 1542 molientis
684 1506 726 1543 et
768 1503 943 1542 consilia
979 1502 1202 1542 Clementis
1244 1504 1349 1542 servi
1391 1503 1636 1553 „discordiis

160 1572 361 1622 armisque
409 1572 599 1611 civilibus
647 1573 936 1623 rempublicam
980 1573 1230 1622 percellere“
1274 1573 1481 1623 conantis,
1531 1573 1637 1612 unde

158 1641 343 1680 immanis
378 1653 462 1680 non
494 1644 577 1680 tam
605 1642 772 1680 Tiberio
811 1653 929 1691 quam
964 1641 1122 1680 civibus
1155 1644 1290 1680 terror
1327 1642 1501 1680 iniectus
1531 1642 1637 1691 est.⁵)

162 1709 321 1758 Quibus
366 1711 487 1749 rebus
530 1722 632 1760 qnae
667 1711 778 1749 fuere
813 1712 899 1749 tum
933 1709 1168 1760 graviores?
1222 1710 1291 1748 Ad
1328 1722 1428 1760 quas
1463 1711 1638 1750 refertur

159 1778 410 1818 commodius
438 1791 578 1818 versus
606 1779 640 1829 I,
669 1781 763 1819 922:

367 1849 464 1894 „Sed
489 1849 580 1884 satis
604 1849 676 1884 hoc
700 1848 785 1884 fatis
811 1849 928 1894 fuerit,
952 1850 1026 1885 iam
1051 1849 1150 1885 bella
1175 1850 1415 1896 quiescant“?

263 1922 405 1973 Atque
425 1924 547 1962 etiam
567 1935 827 1973 quaecunque
851 1925 884 1974 Ι,
903 1926 1081 1964 893-95
1102 1925 1383 1975 significantur
1397 1924 1461 1962 bis
1482 1924 1637 1963 verbis:

324 2002 528 2047 „Funera
553 2014 633 2039 cum
659 2003 801 2040 facibus
826 2005 1017 2040 veniunt
1040 2006 1220 2051 terrisque
1244 2006 1431 2041 minantur

323 2061 503 2096 Ardentis
528 2062 606 2096 sine
631 2061 701 2097 fine
725 2073 845 2108 rogos,
872 2073 954 2098 cum
979 2063 1134 2099 mundus
1159 2066 1198 2098 et
1221 2063 1304 2109 ipsa

320 2118 506 2164 Aegrotet
530 2122 697 2155 natura
722 2131 845 2156 suum
871 2122 1045 2156 sortita
1068 2121 1353 2167 sepulcrum“

163 2190 412 2242 acciderunt,
440 2196 604 2232 auctore
634 2194 792 2244 Tacito,
822 2195 962 2234 eodem
989 2197 1184 2246 tempore.
1238 2195 1364 2234 Nam:
1399 2195 1639 2245 „duodecim

160 2261 351 2312 celebres,
392 2262 529 2312 inquit
567 2263 651 2313 ille,
691 2263 818 2303 Asiae
860 2265 980 2303 urbes
1015 2265 1235 2314 conlapsae
1270 2267 1472 2304 nocturno
1508 2270 1640 2304 motu

51 2371 61 2380 ⁸
114 2369 119 2374 .
160 2331 322 2368 terraez.
343 2342 423 2380 quo
445 2331 709 2381 improvisior
729 2334 973 2384 graviorque
993 2334 1155 2384 pestis
1176 2332 1292 2383 fuitss)
1322 2345 1452 2383 neque
1473 2334 1640 2373 solitum

161 2396 204 2438 iu
248 2399 324 2438 tali
369 2412 464 2438 casu
511 2400 700 2451 effugium
747 2403 1014 2441 subveniebat
1060 2403 1102 2440 in
1148 2405 1290 2452 aperta
1333 2403 1640 2454 prorumpendi,

161 2466 259 2516 quia
278 2467 456 2508 diductis
475 2469 597 2508 terris
616 2470 908 2509 hauriebantur
928 2470 1150 2520 „effulsisse
1171 2471 1278 2510 inter
1297 2473 1454 2511 ruinam
1475 2473 1638 2523 ignis“

161 2538 395 2576 memorant.
447 2537 686 2588 Asperrima
716 2539 758 2577 in
788 2538 1011 2578 Sardianos
1041 2539 1128 2578 lues
1156 2540 1375 2589 plurimum
1403 2542 1446 2579 in
1475 2542 1639 2580 eosdem

162 2603 463 2644 misericordiae
498 2607 650 2646 traxit“
681 2607 858 2658 (scilicet
885 2607 1072 2658 inprimis
1102 2608 1290 2659 Tiberii).
1347 2610 1506 2658 Quibus
1538 2623 1638 2649 nnn-

198 2767 200 2771 ’
251 2759 282 2806 ⁴)
311 2760 402 2797 Tac.
426 2761 525 2797 Anu,
548 2761 598 2808 11,
635 2764 733 2799 1—4.
763 2764 820 2800 42.
878 2762 908 2810 5)
935 2763 1023 2800 ibid.
1058 2774 1090 2800 c.
1114 2765 1170 2800 27.
1195 2766 1250 2801 32.
1275 2766 1332 2800 39.
1386 2763 1414 2808 ⁶)
1441 2764 1503 2799 cfr.
1529 2763 1630 2800 Suet.

98 2819 102 2825 “
165 2815 249 2855 Tib.
273 2827 306 2855 c.
327 2818 386 2854 48.
411 2819 450 2853 et
473 2818 573 2855 Man.
596 2818 626 2863 1,
651 2820 730 2856 880.
753 2821 834 2857 884.
