1936 3392
958 311 1164 351 „24-

333 401 424 447 Ubi,
446 404 492 438 ut
522 399 564 437 in
595 398 757 444 ceteris,
786 397 1033 437 contendere
1067 399 1204 437 licebit
1232 399 1280 438 de
1314 400 1495 449 Augusto
1524 403 1685 439 mortuo
1707 399 1787 451 agi.

330 466 474 503 Nonne
503 465 640 499 autem
673 460 849 507 miraris,
877 473 968 500 cum
999 461 1101 501 adeo
1133 462 1281 501 aeriter
1310 463 1384 501 suh
1416 462 1576 501 Tiberio
1608 463 1791 515 principe

332 524 613 566 Astronomica
632 523 753 562 fuisse
780 524 932 574 scripta
946 525 1118 575 jactent,
1146 526 1390 576 paucissima
1412 526 1460 565 de
1487 526 1648 565 Tiberio
1671 538 1790 577 repe-

333 590 419 636 riri,
445 600 573 639 eaque
605 587 730 626 dubia
754 591 794 626 et
815 587 986 638 incerta,
1014 600 1187 639 quaeque
1211 589 1259 627 de
1290 590 1470 639 Augusto
1496 589 1615 628 multi
1643 588 1791 628 intelli-

333 665 427 704 gere
453 651 623 703 possint,
653 651 703 689 de
727 651 910 701 Augusto
936 655 1073 690 autem
1097 651 1301 702 permulta
1325 657 1364 690 et
1390 653 1671 704 apertissima?
1693 654 1791 699 Quae

335 720 469 756 autem
500 715 579 753 ista
603 718 663 753 est
689 714 809 761 ratio,
832 726 973 752 omnes
997 714 1139 752 laudes
1165 719 1206 753 et
1227 715 1483 755 adulationes
1508 728 1591 755 non
1618 716 1661 754 in
1685 716 1793 767 prin-

333 781 479 831 cipem,
513 778 578 817 cui
609 790 726 829 opus,
753 782 796 816 ut
827 777 982 824 dieunt,
1011 777 1087 816 suit
1111 777 1357 826 dedicatum,
1383 778 1453 817 sed
1481 779 1524 817 in
1553 779 1792 818 defunctum

332 855 408 882 nec
442 843 527 892 jam
561 845 804 893 praesentem
836 841 1064 892 principem
1096 841 1336 880 cumulare?
1371 843 1475 880 Sane
1506 843 1603 881 novi
1633 842 1793 892 generis

333 907 573 958 scriptorem
606 904 820 951 habemus,
849 916 941 942 cum
968 916 1111 943 omnes
1137 916 1297 954 semper
1323 909 1453 954 poetae
1479 908 1519 943 et
1541 905 1724 943 rhetores
1751 905 1794 943 in

331 969 556 1009 viventium
577 972 737 1006 tantum
758 972 798 1006 et
818 967 1075 1018 regnantium
1097 967 1331 1006 laudatione
1348 967 1462 1005 nimii
1482 967 1603 1006 fuisse
1623 979 1795 1018 arguan-

334 1037 415 1072 tur.
435 1031 588 1071 Deinde
613 1031 711 1081 quid
735 1031 784 1069 de
810 1030 888 1068 illis
915 1043 1006 1081 quae
1032 1030 1174 1069 dicunt
1198 1031 1427 1069 Germanici
1453 1030 1682 1081 Tiberiique
1707 1030 1794 1070 the-

334 1095 527 1143 matibuS,
547 1095 596 1133 de
617 1094 863 1146 quibusjam
885 1094 1009 1132 verba
1030 1093 1119 1141 feci,
1140 1094 1389 1132 credendum
1406 1094 1471 1141 sit,
1492 1094 1586 1132 hinc
1605 1098 1791 1145 apparet,

336 1172 429 1200 cum
463 1159 529 1197 hic
560 1158 733 1207 Augusti
765 1157 905 1195 thema
937 1157 1069 1196 obiter
1099 1157 1306 1209 attingens
1334 1158 1563 1207 Augustum
1594 1156 1792 1206 nominet,

336 1223 420 1262 illic
452 1226 588 1261 autem
619 1220 783 1259 illorum
818 1220 1016 1270 themata,
1042 1224 1086 1258 ut
1111 1220 1260 1266 serunt,
1288 1219 1415 1258 fusius
1439 1219 1662 1270 explicans,
1691 1231 1794 1258 neu-

335 1291 444 1326 trum
465 1283 633 1336 proprio
654 1283 819 1321 nomine
839 1282 903 1322 vel
925 1283 1008 1321 ullo
1029 1282 1147 1321 titulo
1168 1282 1360 1333 appellet.

389 1350 565 1394 Quartus
595 1358 692 1385 vero
722 1345 824 1383 liber
854 1357 1048 1394 magnam
1075 1344 1374 1384 dubitationem
1399 1345 1540 1384 trahit.
1563 1347 1716 1397 Nempe
1740 1345 1797 1384 ibi

339 1412 523 1451 Tiberius
541 1410 627 1449 sine
646 1408 771 1447 dubio
791 1408 988 1447 innuitur.

517 1517 579 1550 Est
597 1513 761 1556 Rhodos,
782 1511 988 1558 hospitium
1005 1511 1140 1546 recturi
1160 1511 1338 1557 principis
1357 1511 1500 1556 orbem,

521 1567 690 1611 Tumque
711 1564 846 1599 domus
866 1574 952 1599 vere
972 1563 1061 1598 solis
1082 1563 1139 1597 cui
1159 1565 1238 1598 tota
1255 1566 1401 1598 sacrata
1419 1566 1486 1605 est,

523 1618 616 1653 Cum
637 1618 790 1662 caperet
805 1615 935 1651 lumen
955 1614 1083 1661 magni
1102 1614 1169 1649 sub
1190 1615 1332 1650 Caesare
1352 1615 1482 1650 mundi
1502 1616 1528 1649 ¹.

340 1714 417 1755 Sed
437 1714 535 1765 quid
550 1713 648 1760 dixi,
665 1712 872 1752 Tiberium
891 1712 1032 1750 innui?
1049 1713 1151 1751 Nam
1165 1711 1302 1751 Freier
1319 1712 1383 1751 vir
1399 1724 1496 1751 sanc
1510 1724 1604 1751 cum
1624 1712 1801 1763 vulgatis

340 1782 428 1817 tum
448 1777 673 1815 manifestis
692 1775 901 1815 sententiis
917 1775 1217 1823 infestissimus,
1233 1774 1341 1813 hunc
1355 1787 1482 1814 unum
1502 1775 1543 1813 in
1561 1787 1641 1826 quo
1659 1787 1801 1815 omnes

340 1841 637 1881 conveniebant
663 1840 799 1878 locum
826 1842 950 1888 negat
976 1838 1033 1876 ita
1060 1837 1386 1888 intelligendum,
1409 1843 1455 1876 ut
1479 1838 1620 1877 exsilio
1651 1838 1803 1878 Tiberii

339 1904 561 1944 alludatur.
582 1904 634 1941 At
659 1902 817 1942 homini
839 1901 1050 1951 ingenioso
1078 1904 1263 1952 apparet,
1284 1901 1333 1939 de
1359 1901 1600 1940 Germanico
1629 1901 1711 1952 agi,
1733 1901 1804 1952 qui

339 1980 432 2007 cum
454 1967 591 2005 Asiam
613 1970 784 2017 peteret,
806 1965 847 2003 in
866 1965 944 2003 hac
966 1964 1100 2003 insula
1121 1964 1419 2015 aliquantisper
1441 1963 1676 2002 deversatus
1694 1968 1754 2002 est
1771 1963 1799 2002 ².

339 2031 435 2077 Quis
456 2042 554 2069 vero
575 2029 729 2076 credat,
749 2028 855 2067 tanti
874 2028 1075 2067 momenti
1093 2027 1215 2067 fuisse
1233 2026 1298 2066 vel
1316 2031 1400 2066 tam
1420 2026 1622 2077 insignem
1642 2027 1805 2066 Germa-

341 2094 422 2133 nici
447 2094 489 2132 in
515 2093 648 2131 insula
677 2092 820 2131 Rhodo
850 2091 1234 2138 commorationem,
1256 2094 1300 2128 ut
1330 2090 1389 2128 ita
1418 2102 1443 2129 a
1471 2094 1594 2141 poeta
1624 2082 1804 2129 celebra-

340 2157 479 2196 retur?
512 2156 617 2202 Quin
651 2155 775 2206 igitur
808 2155 900 2206 pari
937 2155 1093 2193 honore
1126 2165 1267 2192 omnes
1303 2153 1414 2192 locos
1448 2156 1689 2204 prosecutus
1725 2156 1800 2200 est,

344 2220 491 2271 quibus
515 2219 686 2268 contigit
706 2222 751 2257 ut
770 2230 795 2257 a
818 2217 1057 2257 Germanico
1084 2217 1334 2256 viserentur?
1352 2217 1432 2254 Aut
1450 2227 1534 2254 non
1557 2215 1672 2266 quasi
1697 2227 1804 2255 com-

341 2283 457 2322 muni
481 2294 599 2321 sensu
621 2282 906 2327 admonemur,
928 2293 1021 2320 cum
1048 2280 1098 2319 de
1124 2283 1284 2319 recturo
1310 2279 1451 2318 orbem
1475 2278 1658 2329 principe
1684 2279 1805 2317 Mani-

343 2346 420 2384 lius
451 2345 658 2396 loquatur‚
687 2356 861 2395 eumque
893 2343 1026 2383 Rhodi
1055 2343 1200 2382 vixisse
1229 2342 1352 2390 dicat,
1380 2341 1429 2380 de
1461 2341 1610 2380 Tiberii
1641 2345 1803 2380 tantum

342 2407 491 2459 insigni
522 2407 663 2446 exsilio
693 2407 759 2457 agi
790 2407 936 2458 posse?
963 2407 1015 2445 At
1045 2406 1153 2444 enim
1184 2405 1264 2444 ista
1291 2405 1381 2444 laus
1409 2405 1647 2444 Germanico
1677 2416 1802 2455 quam

345 2471 505 2510 Tiberio
533 2474 594 2509 est
621 2469 785 2519 dignior
812 2483 819 2507 :
851 2469 948 2520 quid
974 2469 1136 2508 cetera?
1163 2481 1246 2507 non
1272 2469 1454 2518 Augusto
1484 2480 1609 2519 quam
1639 2467 1802 2507 Tiberio

343 2534 532 2584 digniora
553 2537 688 2580 erant;
716 2536 757 2571 et
782 2535 922 2571 tamen
947 2544 996 2571 ea
1022 2532 1181 2572 Tiberio
1208 2531 1365 2570 tribuis.
1389 2531 1468 2570 Sed
1491 2531 1581 2582 quis
1602 2535 1686 2570 tam
1706 2530 1800 2569 sim-

341 2598 436 2649 plex
462 2609 510 2636 ac
535 2595 747 2642 candidus,
769 2596 841 2647 qui
867 2595 916 2635 de
943 2594 1132 2635 laudibus
1158 2607 1183 2634 a
1207 2599 1330 2647 poeta
1355 2594 1491 2634 effusis
1516 2597 1690 2646 quaerat,
1712 2597 1803 2633 uter

343 2660 391 2699 iis
408 2660 531 2699 fuerit
549 2659 736 2711 dignior?

383 2759 414 2790 1.
429 2758 560 2798 Manil„
577 2758 727 2795 Astron„
747 2758 803 2796 lv,
823 2759 893 2790 764.

384 2805 413 2836 2.
434 2805 561 2844 Freier,
580 2813 632 2846 op.
654 2804 690 2842 l.‚
711 2813 745 2844 p.
766 2805 804 2836 39
824 2806 858 2836 et
875 2805 926 2836 76.
