1930 3320
1024 281 1231 321 -64-

391 374 487 417 rest,
508 381 600 408 cum
621 369 673 406 ab
693 372 898 406 astrorum
919 367 1111 406 societate
1133 368 1243 415 ficta,
1262 381 1435 420 quaeque
1455 381 1498 408 re
1519 381 1603 408 non
1623 374 1696 418 est,
1720 382 1855 410 mores

392 433 603 471 hominum
626 431 804 481 pendere
831 430 953 469 velit?

443 495 519 534 Sed
548 507 598 532 ne
627 494 948 545 imprudentiam
975 494 1334 546 ignorantiamque
1365 496 1578 548 culpemus
1609 509 1617 535 :
1648 495 1751 536 illud
1780 509 1855 536 au-

390 563 472 597 tem
496 570 579 596 non
604 557 843 609 imprudens
864 558 1115 609 ignarusque
1147 559 1321 610 scripsit,
1354 559 1462 610 quod
1493 572 1575 599 non
1603 559 1732 599 'semel
1768 560 1854 599 ani-

389 620 698 668 madvertimus,
725 621 758 659 si
783 621 949 671 quando
974 634 1056 660 non
1080 627 1373 662 consenserunt
1397 623 1593 674 astrologi
1619 627 1659 662 et
1686 623 1754 662 alii
1777 623 1857 663 alia

388 685 540 724 dixere.
565 684 669 731 Quid
686 688 772 723 tum
793 684 1011 723 Manilius?
1030 686 1176 724 Noster
1193 698 1289 725 sane
1314 686 1433 725 haesit
1450 698 1497 725 ac
1518 685 1735 735 dubitavit,
1757 686 1855 738 quid

389 749 572 799 eligeret,
595 752 635 787 et
655 760 774 799 quem
798 751 1049 799 sequeretur.
1075 749 1256 800 Cumque
1280 761 1363 788 non
1392 753 1476 788 tam
1499 749 1559 788 rei
1584 749 1632 788 de
1658 762 1741 802 qua
1772 750 1854 788 dis-

389 812 644 863 ceptabatur,
680 811 835 862 peritus
873 815 990 860 esset,
1028 816 1070 850 ut
1102 812 1354 864 sapientibus
1393 812 1680 852 dissidentibus
1714 825 1856 852 verum

387 888 515 914 unum
542 875 647 914 inter
676 875 807 913 multa
837 887 883 914 ac
915 876 1122 916 contraria
1148 880 1390 924 secerneret,
1413 875 1515 914 nihil
1545 876 1695 924 omisit,
1718 876 1857 915 omnia

389 939 559 991 accepit,
583 951 713 990 neque
740 939 838 989 quid
865 939 1000 989 potius
1021 944 1127 978 esset
1153 939 1388 990 eligendum
1409 938 1619 985 indicavit.
1645 939 1710 979 Sic
1729 939 1854 987 enim,

388 1003 486 1041 dum
513 1003 652 1042 omnia
679 1007 892 1053 percenset
919 1015 940 1040 e
966 1003 1113 1053 quibus
1140 1003 1273 1041 omnis
1299 1003 1555 1042 nascentium
1581 1002 1664 1042 vita
1689 1003 1854 1054 pendet,

389 1078 463 1105 sua
494 1066 619 1116 signis
651 1069 839 1117 tempora
870 1066 1024 1113 reddit,
1063 1066 1338 1117 describitque
1376 1078 1567 1117 quaenam
1598 1065 1640 1104 in
1675 1066 1856 1116 singulos

387 1129 613 1168 viventium
637 1141 764 1168 annos
785 1133 823 1167 et
845 1141 1004 1168 menses
1025 1134 1064 1168 et
1091 1130 1176 1168 dies
1202 1134 1242 1168 et
1268 1129 1390 1168 horas
1418 1129 1694 1168 dominentur.
1716 1129 1857 1180 Aperit

390 1197 526 1231 autem
547 1192 726 1244 primum
748 1193 841 1231 vitae
863 1205 1017 1231 annum
1038 1193 1125 1244 ejus
1145 1193 1250 1243 signi
1276 1205 1376 1240 esse,
1397 1193 1512 1244 cujus
1531 1193 1574 1231 in
1599 1192 1748 1231 finibus
1768 1192 1855 1244 ipso

388 1255 642 1294 nascentium
671 1259 855 1307 tempore
887 1256 948 1295 sol
983 1261 1179 1306 moretur,
1208 1256 1386 1307 primum
1420 1268 1602 1295 mensem
1634 1255 1722 1306 ejus
1753 1268 1854 1306 esse,

388 1319 505 1369 cujus
536 1319 576 1356 in
614 1318 779 1368 regione
814 1319 913 1357 luna
942 1319 1232 1370 conspiciatur,
1270 1319 1425 1369 primos
1458 1319 1544 1357 dies
1578 1323 1701 1370 atque
1734 1318 1857 1358 horas

387 1382 608 1432 horoscopi
638 1381 776 1420 tutelae
808 1381 1010 1420 committi
1032 1382 1060 1420 ¹.
1095 1382 1146 1420 At
1179 1385 1398 1433 postquam
1429 1381 1487 1420 ita
1514 1393 1579 1420 res
1611 1382 1854 1433 composuit,

388 1446 560 1484 alteram
588 1445 855 1496 computandi
887 1445 1010 1491 viam,
1043 1457 1211 1496 prorsus
1243 1444 1481 1484 dissimilem
1518 1456 1592 1484 nec
1620 1444 1749 1483 ullum
1782 1445 1858 1484 aevi

389 1513 644 1548 momentum
665 1508 807 1547 iisdem
829 1508 949 1547 astris
970 1508 1220 1557 credentem,
1250 1508 1414 1560 expedit
1438 1520 1446 1547 ε
1473 1520 1547 1559 per
1569 1520 1694 1560 quam
1718 1508 1857 1547 omnia

389 1572 440 1611 ab
468 1572 698 1622 horoscopo
725 1572 942 1620 ducuntur,
972 1572 1210 1623 primusque
1238 1575 1278 1611 et
1305 1584 1435 1610 annus
1464 1575 1504 1610 et
1529 1572 1680 1611 mensis
1706 1575 1746 1610 et
1773 1571 1857 1611 dies

388 1640 428 1675 et
463 1636 567 1674 hora
601 1635 733 1686 signo,
773 1636 882 1687 quod
921 1639 1009 1673 tum
1047 1635 1223 1683 oriatur,
1263 1639 1518 1682 asseruntur,
1559 1647 1606 1674 ac
1643 1639 1857 1686 sequentes

388 1700 579 1750 deinceps
611 1699 875 1750 sequentibus
895 1698 923 1736 ².
952 1700 1032 1737 Nec
1064 1711 1191 1736 unam
1225 1699 1355 1737 altera
1385 1698 1598 1737 meliorem
1630 1698 1739 1736 viam
1769 1710 1855 1737 esse

388 1764 554 1813 fatetur,
585 1763 655 1801 sed
686 1762 804 1800 nobis
835 1761 946 1812 quod
982 1761 1080 1799 libet
1107 1761 1334 1812 accipiendi
1365 1761 1604 1800 facultatem
1636 1761 1851 1812 permittit.

388 1828 621 1877 Rursusque
646 1838 757 1872 mox,
781 1824 987 1863 celebrata
1007 1824 1186 1875 graviter
1205 1824 1415 1875 signorum
1438 1824 1690 1875 tropicorum
1712 1828 1856 1875 poten-

387 1890 456 1936 tia,
481 1902 624 1929 eorum
645 1889 797 1928 scilicet
816 1889 857 1926 in
886 1887 1036 1939 quibus

901 2009 1083 2050 Quattuor
1103 2009 1193 2044 anni

713 2063 900 2107 Tempora
917 2064 1124 2105 vertuntur,

386 2189 538 2228 verque
575 2176 753 2215 hiemem
782 2176 945 2228 excipit,
976 2179 1096 2215 aestas
1130 2186 1217 2225 ver,
1247 2178 1468 2213 autumnus
1499 2177 1698 2220 aestatem,
1723 2172 1855 2211 hiems

387 2241 561 2291 denique
597 2244 857 2288 autumnum,
881 2243 1101 2290 postquam
1130 2237 1374 2289 significavit
1405 2249 1488 2276 non
1520 2237 1562 2275 in
1592 2236 1690 2275 totis
1720 2236 1853 2275 conti-

387 2305 476 2342 nuis
503 2303 628 2354 signis
654 2303 848 2342 transitus
868 2302 960 2342 illos
986 2306 1221 2353 temporum
1248 2300 1350 2348 fieri,
1374 2300 1444 2339 sed
1471 2300 1512 2338 in
1540 2312 1622 2338 una
1648 2311 1853 2351 quemque

385 2366 639 2416 singulorum
670 2371 801 2418 parte,
823 2370 868 2404 ut
895 2365 1041 2405 Arietis
1073 2377 1155 2404 non
1184 2368 1318 2403 totum
1344 2363 1528 2414 signum,
1552 2363 1621 2402 sed
1647 2375 1728 2402 una
1758 2367 1853 2402 tan-

385 2434 473 2469 tum
502 2442 598 2480 pars
628 2442 700 2468 ver
727 2442 801 2480 pro
833 2429 967 2467 hieme
1000 2428 1204 2479 subjiciat,
1235 2439 1318 2466 non
1350 2426 1545 2473 declarat,
1576 2439 1668 2478 quae
1701 2426 1754 2465 sit
1780 2426 1852 2464 illa

384 2505 493 2545 pars,
524 2506 615 2543 quae
649 2496 763 2531 tanta
795 2495 957 2531 moveat
985 2491 1204 2542 trahatque
1236 2494 1320 2529 tam
1347 2491 1492 2541 gravia
1521 2503 1529 2529 z
1559 2490 1630 2529 sed
1662 2501 1755 2528 cum
1784 2489 1852 2528 alii

385 2557 433 2596 de
474 2556 551 2596 hac
589 2569 632 2595 re
669 2556 787 2595 aliter
821 2556 1034 2602 senserint,
1063 2555 1223 2594 diversa
1261 2554 1398 2606 prodit
1440 2568 1447 2592 :
1488 2553 1546 2593 ita
1584 2557 1629 2592 ut
1670 2553 1854 2592 haereant

386 2621 581 2671 legentes,
605 2632 678 2659 nec
696 2632 838 2659 verum
858 2623 1070 2671 appareat.

425 2741 457 2773 1.
478 2741 627 2778 Astron„
648 2741 702 2777 111,
726 2741 795 2772 510.

426 2789 457 2819 2.
478 2786 576 2824 Ibid„
599 2787 657 2826 111,
677 2788 747 2819 537.
