1936 3392
1001 300 1053 305 —
1080 277 1131 318 16
1158 301 1209 306 .-

366 378 451 405 non
483 365 524 403 C.
555 364 699 409 Julius,
730 363 799 402 sed
830 363 915 414 ipse
944 364 1150 414 Augustus
1175 377 1261 404 esse
1288 365 1556 416 intelligatur.
1589 367 1833 420 Quanquam

319 451 322 465 .
365 429 432 468 hic
463 427 672 480 paulisper
702 426 873 474 haemnt,
898 426 967 465 ubi
993 426 1129 466 Caesar
1150 427 1436 530 illeTPLi-f'ss—QP}
1452 430 1834 485 patriae-paterque

321 503 324 539 ’ς
363 491 568 545 salutatur
591 501 599 529 :
623 501 718 528 nam
737 489 800 528 his
820 490 1055 529 nominibus
1079 504 1120 530 se
1141 491 1224 543 pub
1244 504 1303 531 1ce
1325 493 1523 544 appellari
1544 492 1728 534 Tiberias
1749 509 1834 536 non

363 544 566 594 toleravit.
589 554 795 599 Attamen,
819 557 864 592 ut
883 553 1060 605 populus
1082 555 1310 607 principem
1329 569 1436 607 saepe
1457 556 1536 596 hoc
1556 558 1721 598 nomine
1742 572 1835 610 pro-

364 618 479 669 sequi
516 616 658 665 voluit,
689 617 748 656 ita
781 616 988 655 Manilium
1026 630 1188 669 quoque
1223 619 1481 670 suspicantur
1510 620 1626 660 illum
1663 622 1833 662 honoris

361 694 488 721 causa
523 693 719 731 usurpare
754 681 933 732 potuisse
968 681 995 720 ¹.
1028 681 1104 720 Illa
1135 695 1230 721 vero
1270 683 1322 721 ad
1361 683 1547 723 eamdem
1575 686 1831 726 ‚sententiam

363 745 662 784 defendendam
683 744 829 783 extulit
848 745 997 793 Freier,
1020 757 1069 784 ex
1090 745 1167 784 hoc
1187 758 1306 785 versu

550 863 619 905 Qui
639 863 739 909 regis
760 863 937 909 Augustis
958 864 1314 914 parentemlegibus
1337 865 1480 909 orbem,

363 1002 576 1041 apparere,
599 990 647 1029 de
667 991 828 1030 Tiberio
851 991 917 1041 agi
937 1004 944 1030 :
966 1003 1061 1030 nam
1082 992 1274 1043 Auyustis
1295 992 1462 1043 leqibus,
1482 992 1588 1031 idem
1611 993 1760 1040 valere,
1783 1005 1830 1032 ac

361 1053 535 1106 Augusti
555 1054 728 1106 leqibus;
747 1055 804 1094 ita
821 1055 944 1105 igitur
963 1058 1123 1094 exstare
1145 1068 1323 1102 sensum,
1341 1055 1547 1103 Tiberium
1567 1055 1726 1107 legibus
1745 1056 1830 1094 Au-

362 1117 470 1167 gusti
496 1117 637 1157 orbem
668 1130 807 1168 regere
829 1118 856 1157 ².
879 1119 930 1157 At
958 1118 1048 1170 quis
1081 1119 1220 1157 credat
1246 1119 1492 1170 adjectivum
1522 1118 1729 1171 Auqustus
1755 1131 1830 1171 pro

361 1181 548 1229 genetivo
573 1181 748 1233 Auqusli
773 1182 922 1233 valere,
947 1182 1296 1232 quemadmodum
1325 1182 1549 1233 adjectivus
1579 1182 1830 1222 Caesarc'anus

361 1255 435 1294 pro
462 1245 651 1295 genetivo
678 1243 845 1283 Caesaris
871 1246 1004 1284 valet?
1031 1245 1184 1284 Contra
1206 1246 1395 1297 equidem
1425 1246 1672 1296 adjectivum
1697 1246 1829 1294 illum,

361 1308 570 1346 communi
601 1320 723 1346 sensu
762 1312 1019 1359 usurpatum,
1052 1309 1109 1347 ita
1143 1309 1379 1358 cognomini
1415 1309 1611 1360 principis
1649 1309 1830 1349 alludere

361 1369 576 1420 voluerim,
599 1375 644 1409 ut
660 1371 868 1421 Augustus
889 1371 975 1423 ipse
997 1371 1261 1422 significetur.

412 1435 492 1472 Nec
524 1434 656 1484 magis
688 1446 857 1473 moveor
888 1435 969 1473 alio
997 1438 1259 1485 argumento,
1289 1435 1397 1486 quod
1424 1435 1562 1475 Freier
1587 1435 1650 1474 his
1674 1435 1830 1476 Manilii

359 1497 493 1536 verbis
514 1497 660 1536 fundat
683 1512 690 1536 :
712 1497 799 1537 Hoc
819 1498 888 1536 sub
909 1511 1009 1550 pace
1029 1505 1157 1537 vocat.
1181 1498 1241 1536 Ibi
1262 1498 1362 1536 illud
1386 1499 1427 1537 in
1446 1499 1587 1550 primis
1605 1503 1665 1538 est
1684 1503 1828 1539 notan-

359 1561 472 1610 dum,
494 1562 653 1612 quoties
680 1562 900 1613 propositae
929 1562 1270 1601 demonstrationi
1287 1562 1440 1610 favent,
1460 1563 1630 1602 Bentleii
1651 1562 1830 1603 lectioni-

359 1624 435 1663 bus
455 1624 665 1664 hominem
695 1630 896 1673 nostrum,
919 1626 1105 1675 neglecto
1131 1625 1300 1672 Jacobo,
1323 1626 1442 1665 facile
1469 1626 1664 1666 assentire
1687 1639 1696 1666 :
1719 1627 1830 1666 velut

358 1688 437 1727 hoc
464 1688 505 1726 in
532 1688 622 1727 loco
651 1701 798 1740 parum
830 1689 945 1727 abest
972 1692 1016 1727 ut
1041 1701 1089 1728 ea
1114 1689 1285 1727 Bentleii
1311 1689 1458 1740 probet
1487 1701 1494 1728 :
1524 1689 1610 1728 Hoc
1636 1689 1705 1728 sub
1727 1702 1830 1742 pace

295 1797 298 1799 Α
358 1758 474 1790 vacat
499 1758 667 1790 tantum.
695 1752 771 1791 Sed
804 1752 912 1791 hunc
941 1765 1119 1799 versum,
1155 1757 1361 1804 utcunque
1390 1753 1553 1804 legitur,
1580 1753 1637 1792 ita
1662 1753 1826 1804 accipit,

358 1820 403 1854 ut
430 1815 542 1867 pacis
575 1827 717 1854 vocem
755 1816 925 1865 Augusti
964 1816 1218 1867 temporibus
1254 1829 1336 1854 non
1374 1817 1591 1855 convenire
1631 1817 1825 1864 declaret,

359 1891 450 1918 cum
475 1879 621 1930 aliquis
648 1892 809 1930 semper
828 1880 870 1917 in
894 1879 1114 1918 Germania
1140 1883 1276 1918 motus
1302 1880 1501 1919 exstiterit
1524 1893 1532 1919 :
1555 1879 1705 1918 Tiberii
1731 1892 1828 1930 ergo

358 1947 546 1994 tempora
578 1942 814 1992 significari,
845 1942 993 1994 quibus
1024 1947 1116 1994 post
1142 1943 1370 1982 Germanici
1400 1943 1655 1995 triumphum
1682 1947 1830 1995 pacata

359 2007 498 2045 omnia
529 2006 641 2045 fuere
672 2008 701 2045 ³.
734 2008 839 2045 Num
872 2019 968 2046 vero
998 2008 1182 2056 Augusto
1216 2006 1414 2058 principe,
1450 2007 1572 2046 etiam
1606 2010 1700 2057 post
1734 2006 1827 2046 Vari

354 2070 530 2118 cladem,
553 2070 610 2108 ita
638 2070 814 2109 turbatae
845 2083 908 2109 res
941 2070 1181 2109 Germanico
1213 2070 1322 2109 bello
1353 2071 1479 2121 suere,
1512 2075 1556 2109 ut
1583 2073 1714 2121 poetae
1745 2083 1827 2110 non

357 2133 532 2172 scribere
553 2134 784 2172 vacaverit?
805 2134 966 2173 Scilicet
990 2146 1134 2185 pacem
1157 2134 1278 2172 istam
1305 2146 1431 2184 quam
1458 2134 1666 2173 Musarum
1693 2133 1828 2173 studia

356 2197 586 2248 requirunt,
610 2210 693 2236 non
719 2198 915 2249 prostrati
940 2198 983 2236 in
1004 2197 1158 2236 ultimis
1183 2197 1343 2248 imperii
1366 2197 1515 2236 finibus
1540 2201 1611 2236 aut
1636 2197 1827 2236 Germani

359 2265 430 2299 aut
454 2261 642 2299 Britanni
665 2266 735 2300 aut
755 2261 897 2300 Parthi
923 2265 993 2300 aut
1013 2261 1197 2300 Numidae
1223 2261 1419 2310 efficiunt,
1443 2260 1511 2300 sed
1539 2260 1689 2300 sedatae
1717 2260 1827 2300 intra

358 2323 519 2374 imperii
543 2323 657 2371 sines,
680 2329 720 2363 et
740 2325 779 2362 in
805 2325 937 2372 Italia,
957 2329 997 2363 et
1017 2324 1058 2362 in
1078 2325 1185 2363 Urbe
1209 2324 1345 2363 civiles
1373 2324 1601 2373 discordiae,
1626 2324 1696 2363 sed
1724 2325 1827 2363 ordi-

358 2390 458 2425 nata
490 2387 720 2437 respublica
751 2391 790 2425 ct
825 2388 865 2425 in
905 2388 1080 2426 sormam
1115 2387 1290 2426 civitatis
1325 2388 1513 2426 restituta
1548 2399 1555 2426 :
1592 2391 1680 2426 tum
1715 2388 1825 2426 enim

355 2449 521 2499 ingenio
542 2450 769 2500 indulgere,
793 2454 878 2488 tum
900 2450 1084 2489 carmina
1105 2450 1295 2498 condere,
1318 2455 1403 2489 tum
1427 2455 1632 2490 astrorum
1655 2450 1826 2490 virtutes

359 2514 517 2565 aperire
549 2517 682 2559 vacat,
714 2518 798 2552 tum
833 2527 997 2565 quoque
1029 2527 1077 2553 ea
1109 2514 1344 2554 evolventes
1380 2514 1519 2553 audire
1553 2515 1651 2554 libet
1681 2514 1709 2554 ⁴.
1737 2515 1826 2554 Non

399 2646 426 2675 1.
447 2644 657 2683 Lachmann,
679 2645 702 2676 l.
722 2645 745 2676 l.
768 2663 806 2667 ——
827 2645 955 2686 Freier,
973 2655 1026 2685 op.
1049 2645 1084 2682 1.,
1104 2655 1136 2685 p.
1156 2647 1186 2676 9.

397 2691 427 2720 2.
449 2690 575 2730 Freier‚
597 2700 648 2731 op.
671 2691 706 2727 A,
727 2701 759 2731 p.
783 2692 834 2722 11.

398 2737 427 2766 3.
450 2736 577 2772 Freier,
596 2746 648 2776 op.
670 2735 705 2772 l.,
728 2746 758 2776 p.
779 2738 827 2768 12.

397 2782 427 2812 4.
451 2782 497 2813 Cf.
517 2782 646 2821 Manil.‚
669 2783 818 2819 Astron„
842 2783 866 2823 I,
888 2784 946 2815 922
964 2792 1052 2824 sqq„
1076 2783 1182 2823 infra,
1203 2793 1235 2823 p.
1258 2784 1363 2815 21-22.
