1936 3392
1142 282 1165 320 2

450 425 503 466 Et
544 425 619 465 hoc
667 424 831 478 quidem
873 429 980 466 recte
1023 424 1092 465 ille
1125 426 1356 480 perspexit,
1390 439 1520 480 neque
1552 426 1690 480 negari
1722 428 1855 480 potest

450 502 740 556 quaestionem,
759 501 799 543 in
821 501 1088 543 elocutionem
1105 501 1228 543 huius
1245 506 1386 558 poetae
1404 503 1649 553 institutam,
1667 517 1854 557 magnam

449 579 595 620 habere
621 593 815 634 suamque
848 579 1094 629 utilitatem3
1128 583 1170 619 at
1201 580 1329 622 nihilo
1361 581 1516 630 minus,
1541 581 1709 622 fortasse
1731 579 1853 621 etiam

450 658 577 711 magis
621 657 866 698 dissentiunt
913 658 989 698 viri
1034 656 1144 698 docti
1175 657 1282 699 inter
1312 673 1354 699 se
1386 659 1429 699 in
1460 657 1613 699 iudicio
1646 657 1698 699 de
1728 656 1855 713 philo·

449 734 591 790 sophia
621 738 662 775 et
693 738 779 776 arte
811 733 974 775 Manilii
1005 733 1182 776 ferendo.

511 811 592 853 Hic
624 812 732 854 enim
765 826 858 853 eum
890 812 939 852 de
972 810 1188 867 astrologia
1219 812 1448 868 scripserit,
1482 812 1567 854 fleri
1588 826 1671 854 non
1692 811 1829 868 potuit
1843 844 1854 863 ‚

452 890 551 943 quin
593 893 665 930 aut
706 904 827 944 supra
868 889 1034 930 modum
1067 888 1255 930 laudibus
1288 888 1556 931 celebraretur
1587 893 1659 932 aut
1691 889 1855 931 omnino

452 971 799 1018 contemneretur,
828 981 901 1022 pro
933 966 1088 1008 iudicio
1099 999 1111 1018 ,
1146 966 1255 1021 quod
1288 966 1456 1008 lectores
1489 966 1538 1009 de
1570 967 1858 1023 superstitione

451 1044 523 1086 illa
560 1043 754 1086 ferebant.
819 1044 871 1085 Et
904 1045 1026 1086 etiam
1059 1059 1189 1096 nunc,
1225 1045 1407 1099 quamvis
1440 1044 1685 1086 concedatur
1716 1044 1857 1086 debere

453 1122 557 1163 nihil
587 1122 756 1163 humani
788 1137 811 1163 a
842 1121 1050 1177 philologo
1082 1122 1258 1164 alienum
1291 1137 1388 1174 esse,
1422 1123 1449 1177 ¹)
1477 1123 1553 1164 hoc
1576 1123 1722 1179 ipsum,
1749 1122 1858 1178 quod

452 1199 550 1241 haec
581 1200 817 1255 superstitio
850 1200 949 1241 adeo
980 1200 1128 1241 nostris
1150 1199 1412 1256 opinionibus
1434 1203 1661 1256 repugnat,
1685 1200 1860 1242 effecisse

453 1277 617 1319 videtur
632 1310 644 1328 ,
690 1281 736 1318 ut
778 1292 907 1331 aequo
950 1277 1083 1319 animo
1116 1277 1199 1333 legi
1230 1281 1272 1318 et
1303 1278 1505 1320 aestimari
1537 1291 1620 1320 non
1650 1277 1832 1333 potuerit
1848 1309 1860 1328 ‚

456 1370 536 1409 quo
579 1355 778 1397 accedunt
820 1359 957 1396 textus
989 1355 1122 1396 adhuc
1161 1354 1303 1397 multis
1346 1355 1503 1397 mendis
1540 1354 1778 1410 inquinatus
1821 1357 1860 1395 et

455 1432 680 1474 obscuritas
698 1464 708 1482 ,
773 1432 967 1474 minorem
1016 1437 1172 1488 partem
1219 1436 1386 1489 poetae,
1448 1432 1638 1474 maiorem
1687 1430 1862 1473 librariis

455 1510 710 1566 imputanda.

517 1587 578 1628 Ex
611 1586 731 1628 initio
763 1586 885 1628 huius
916 1587 1040 1637 novi,
1076 1587 1184 1640 quod
1207 1586 1368 1643 *dicitur
1380 1618 1394 1638 ‚
1426 1585 1542 1638 aevi,
1580 1589 1674 1628 ante
1695 1585 1865 1642 primam

460 1664 773 1720 Scaligerianam
806 1664 1050 1715 editionem,
1085 1679 1190 1718 quae
1211 1679 1319 1706 anno
1342 1662 1684 1705 MDLXXVIIII
1699 1663 1866 1719 prodiit,

458 1757 540 1784 non
572 1742 707 1783 minus
740 1756 861 1796 quam
879 1741 1016 1783 decem
1035 1741 1235 1783 editiones
1251 1741 1415 1783 Manilii
1436 1745 1609 1784 aetatem
1624 1741 1822 1793 tulerunt,
1838 1738 1870 1797 ²)

456 1821 564 1862 inter
607 1835 706 1874 quas
747 1823 829 1861 tres
871 1819 923 1860 ad
965 1819 1151 1861 codicum
1184 1819 1308 1861 fidem
1341 1823 1518 1862 exactae.
1582 1819 1663 1860 Res
1693 1834 1719 1861 a
1748 1821 1870 1875 poeta

458 1897 636 1954 prolatae
685 1897 821 1953 potius
865 1911 986 1951 quam
1030 1900 1173 1952 poetae
1214 1897 1428 1952 ingenium
1468 1901 1508 1938 et
1551 1911 1614 1939 ars
1657 1897 1700 1938 in
1738 1897 1868 1939 causis

512 2106 535 2146 ¹)
583 2108 709 2145 Optime
753 2107 865 2145 Reisig
911 2107 1125 2145 Vorlesungeu
1163 2109 1242 2139 iiber
1279 2109 1472 2139 lateinische
1511 2109 1871 2147 Sprachwissensehaft,

462 2167 545 2200 Einl.
570 2169 587 2205 ξ
611 2169 648 2198 2:
675 2168 883 2205 Ergrsmduug
908 2169 971 2198 und
994 2169 1237 2205 Entwickelung
1255 2169 1383 2205 dessen,
1408 2178 1471 2199 was
1488 2169 1582 2198 unter
1598 2169 1653 2199 der
1669 2169 1873 2199 Mensehheit

465 2229 592 2266 gefuhlt
616 2229 678 2258 und
704 2229 842 2265 gedaeht
867 2229 1014 2265 worden,
1052 2229 1085 2258 in
1111 2229 1217 2259 sofern
1243 2238 1276 2259 es
1299 2229 1332 2259 in
1356 2229 1418 2259 und
1443 2229 1540 2259 durch
1567 2229 1619 2258 die
1643 2229 1782 2267 Sprache
1805 2229 1873 2259 dar-

466 2289 600 2326 gestellt
625 2289 686 2323 ist,
711 2289 756 2318 ist
779 2289 922 2325 Aufgabe
946 2290 1004 2319 der
1026 2289 1217 2326 Philologie.

508 2345 534 2386 ²)
581 2347 628 2378 Cf.
658 2348 808 2384 Graesse,
842 2350 894 2386 qui
923 2350 1030 2380 tamen
1062 2350 1253 2385 editionem,
1283 2350 1380 2380 Basil.
1404 2358 1487 2380 anno
1515 2349 1597 2379 1533
1623 2358 1685 2380 una
1708 2358 1775 2380 eum
1799 2349 1874 2380 aliis

467 2403 586 2433 libellis
614 2404 839 2433 astronomicis
863 2405 1029 2440 emissam,
1054 2405 1244 2442 praeteriit,
1269 2405 1302 2434 et
1326 2405 1375 2434 ed.
1388 2405 1535 2434 Aldiuam
1548 2403 1662 2434 Venet.
1678 2403 1779 2440 1499,
1794 2412 1873 2440 quae

467 2462 565 2493 etiam
591 2463 776 2498 Finnicum,
802 2464 954 2500 Aratum,
980 2465 1060 2494 alios
1086 2465 1234 2495 continet
1258 2464 1310 2502 (cf.
1335 2464 1465 2494 Merkel.
1483 2464 1539 2494 Ov.
1554 2464 1642 2494 Fast.
1658 2472 1689 2502 p.
1706 2463 1873 2493 LXXXVI.

468 2523 554 2560 Quae
579 2523 740 2552 editiones
764 2524 883 2561 publici
909 2524 987 2554 iuris
1010 2524 1117 2555 factae
1141 2525 1216 2554 suut
1240 2524 1331 2554 aunis
1355 2524 1464 2562 (cirea)
1493 2524 1574 2555 1472
1599 2523 1831 2560 Nurembergae
1855 2533 1874 2554 a

469 2582 742 2620 Regiomontano‚
775 2586 855 2614 1474
886 2584 1047 2615 Bononiae
1075 2585 1158 2623 (sine
1186 2585 1311 2614 nomine
1346 2583 1511 2622 editoris),
1539 2583 1620 2614 1475
1644 2583 1778 2621 Neapuli
1803 2583 1875 2621 (sic)

469 2643 711 2674 Astronomissou
748 2644 867 2681 primus
892 2645 982 2682 (sic),
1010 2645 1119 2682 (circa)
1148 2644 1229 2674 1480
1253 2644 1335 2674 liber
1358 2644 1476 2681 primus
1501 2644 1572 2681 (uec
1594 2642 1663 2674 loco
1678 2666 1686 2679 ,
1710 2651 1769 2673 nee
1791 2651 1874 2673 anno

472 2704 654 2741 indicatis),
693 2705 774 2734 1-184
812 2705 928 2734 Romae
965 2706 1131 2735 comment.
1166 2704 1387 2735 Bonincontrii
1425 2713 1491 2733 cum
1521 2704 1613 2734 textu
1637 2703 1756 2739 latino,
1794 2703 1876 2732 1489

472 2764 601 2794 Mediol.
626 2764 659 2794 P.
685 2763 866 2801 Stephanus
893 2765 1055 2794 Dulcinius
1079 2765 1281 2799 emendavit,
1306 2765 1407 2795 denuo
1432 2764 1523 2794 edita
1549 2764 1649 2799 1499,
1669 2764 1751 2794 1499
1765 2763 1876 2793 Venet.

471 2823 594 2859 Amin„
634 2825 716 2854 1510
754 2824 888 2859 Romae,
927 2826 1008 2855 1533
1046 2826 1161 2860 Basil.‚
1200 2826 1299 2860 1551,
1338 2825 1437 2859 1561,
1478 2825 1558 2854 1566
1594 2824 1690 2860 Lugd.
1715 2833 1779 2853 eur.
1804 2826 1878 2853 Ant.

475 2884 619 2914 Moliuio.
644 2884 713 2924 ⁴(tf.
738 2886 804 2913 not.
832 2893 901 2920 pag.
933 2886 962 2912 ll
980 2908 986 2919 ‚
1011 2886 1040 2917 23.
