1936 3392
756 277 1005 352 ¹—33-

142 405 389 459 compositae
415 403 544 443 totius
569 405 731 441 naturae
760 401 862 441 moli
889 400 1070 441 adfuisse
1095 401 1422 454 compositorem
1451 402 1650 443 demons-

142 475 274 520 trant,
302 481 426 523 quem
452 471 604 508 vocant
623 467 772 507 Deum.
798 466 877 506 Sed
907 470 949 506 et
977 466 1102 506 deum
1133 466 1254 506 illum
1282 466 1419 519 ipsum
1446 467 1650 508 mundum

145 550 232 578 esse
258 534 452 576 Manilius
480 533 680 582 affirmat,
710 536 751 571 et
779 531 1060 584 compositum
1092 532 1286 571 eumdem
1318 545 1367 572 ac
1399 533 1652 585 composito-

146 613 250 650 rem,
269 599 480 651 totiusque
507 597 654 650 figurae
681 596 908 636 concordia
935 597 1020 636 vim
1053 597 1262 636 interioris
1289 597 1460 649 spiritus
1488 598 1612 651 prodi
1640 611 1650 639 ε

144 667 188 707 in
207 664 359 718 quibus
381 663 651 703 manifestum
670 662 792 701 illum
813 662 991 701 stoicum
1013 661 1380 714 deprehendimus.

196 729 360 770 Addam
381 729 522 778 etiam,
544 740 595 767 nc
616 727 718 780 quid
736 727 928 767 omittere
948 727 1106 775 videar,
1124 726 1264 766 stoicis
1282 726 1542 768 reddendum
1563 741 1651 769 esse

144 795 416 837 Manilianum
435 793 541 833 illud
559 793 610 833 de
627 793 667 832 vi
688 792 864 832 rationis
881 804 1047 832 summa
1069 804 1078 832 :

335 920 411 956 Nec
429 921 632 955 contemne
652 921 737 954 tuas
759 918 870 965 quasi
891 929 1006 965 parvo
1027 917 1066 954 in
1088 927 1245 964 corpore
1261 916 1383 953 vires:

324 973 418 1015 Quo
437 972 550 1017 valet,
571 972 807 1007 immensum
828 974 930 1008 est...

334 1026 499 1062 Materiae
519 1037 567 1061 ne
590 1037 715 1073 quaere
736 1025 910 1068 modum,
933 1024 1002 1060 sed
1019 1023 1192 1070 perspice
1213 1023 1326 1069 vires,

335 1079 436 1121 Quas
455 1079 566 1124 ratio,
590 1089 668 1115 non
687 1078 840 1126 pondus
861 1077 991 1114 habet.
1014 1077 1124 1114 Ratio
1146 1077 1275 1114 omnia
1295 1077 1411 1114 vincit
1426 1080 1453 1113 ¹.

882 1294 919 1337 II

203 1441 283 1482 Sed
305 1440 439 1480 multa
461 1440 545 1480 alia
574 1440 825 1492 allegantur,
848 1453 942 1492 quae
964 1452 1208 1492 quanquam
1230 1453 1251 1480 e
1275 1440 1406 1481 stoica
1434 1440 1657 1493 disciplina

147 1505 248 1546 oriri
276 1510 466 1558 possunt,
489 1518 575 1546 non
601 1510 741 1545 tamen
771 1518 937 1545 necesse
964 1510 1027 1545 est
1053 1508 1099 1544 ut
1125 1518 1176 1544 ex
1202 1518 1252 1545 ea
1273 1506 1478 1554 oriantur,
1502 1518 1596 1558 quae
1618 1505 1655 1545 ei

147 1574 194 1610 ut
214 1582 300 1611 non
317 1571 542 1618 contraria,
566 1570 624 1610 ita
644 1583 727 1610 non
750 1571 934 1623 propria,
959 1574 1056 1610 sunt
1078 1574 1219 1610 autem
1239 1570 1418 1611 Zenonis
1438 1570 1653 1623 discipulis

142 1635 386 1675 communia
403 1648 499 1676 cum
519 1635 711 1688 plurimis
731 1635 1010 1687 philosophis.

198 1700 304 1747 Quid
332 1700 443 1740 enim
473 1713 568 1740 vere
598 1700 776 1740 stoicum
802 1700 961 1740 habent
987 1700 1262 1753 pulcherrimi
1285 1701 1347 1740 illi
1366 1713 1526 1750 versus,
1555 1713 1652 1741 cum

145 1777 290 1806 omnes
325 1765 515 1816 gentium
546 1777 593 1804 ac
623 1778 850 1817 regnorum
883 1765 1062 1805 vicissim
1097 1766 1280 1818 origines
1312 1770 1352 1806 et
1381 1766 1523 1806 ruinas
1556 1779 1650 1806 cum

145 1829 401 1883 sempiterna
417 1830 563 1870 mundi
583 1830 824 1883 aequalitate
846 1831 1022 1882 confert,
1042 1843 1327 1884 magnamque
1353 1830 1471 1871 illam
1493 1832 1650 1884 cogita·

145 1895 302 1935 tionem
323 1895 474 1935 animis
493 1895 722 1948 legentium
742 1896 892 1947 infigit,
918 1896 958 1935 in
982 1909 1067 1949 qua
1087 1896 1501 1949 magnificentissime
1522 1897 1654 1938 nostri

141 1973 256 2013 saepe
276 1964 463 2001 oratores
484 1973 533 2001 ac
552 1965 689 2013 poetae
709 1965 805 2001 sunt
821 1961 975 2002 morati
996 1973 1006 2002 :

333 2087 418 2122 Jam
437 2089 534 2131 tum,
553 2098 642 2122 cum
660 2087 781 2124 Graiae
801 2089 997 2123 verterunt
1017 2089 1206 2134 Pergama
1225 2091 1374 2136 gentes,

329 2141 465 2175 Arctos
482 2142 519 2175 et
537 2139 651 2176 Orion
671 2140 840 2176 adversis
861 2140 1051 2177 frontibus
1073 2141 1179 2178 ibant
1184 2168 1257 2178 .....

330 2193 594 2240 Temporaque
611 2193 783 2229 obscurae
802 2194 923 2230 noctis
941 2194 1177 2241 deprendere
1198 2195 1317 2243 signis

330 2245 413 2282 Jam
434 2247 625 2293 poterant,
647 2247 858 2294 caelumque
880 2258 971 2283 suas
993 2247 1220 2284 distinxerat
1237 2249 1369 2285 horas.

330 2297 431 2341 Quot
449 2301 537 2346 post
556 2299 763 2336 exscidium
783 2300 903 2347 Trojae
925 2304 1015 2337 sunt
1037 2304 1147 2338 eruta
1163 2312 1286 2348 regna
1298 2301 1316 2337 ἱ)

331 2350 431 2393 Quot
450 2352 551 2400 capti
571 2353 734 2400 populi?
754 2354 906 2401 quoties
923 2354 1080 2390 fortuna
1100 2365 1168 2401 per
1192 2355 1326 2391 orbem

330 2403 536 2442 Servitium
555 2406 839 2454 imperiumque
859 2407 948 2443 tulit
966 2408 1146 2456 varieque
1166 2409 1348 2445 revertit?

328 2458 512 2504 Trojanos
533 2459 679 2496 cineres
696 2460 733 2496 in
753 2463 944 2507 quantum
965 2461 1086 2497 oblita
1106 2461 1244 2498 refovit

327 2511 566 2558 Imperium?
586 2512 675 2549 fatis
696 2513 795 2550 Asiae
814 2515 896 2561 jam
918 2514 1061 2550 Graecia
1076 2525 1212 2561 pressa
1233 2517 1304 2551 est.

330 2563 478 2601 Saecula
497 2565 743 2603 dinumerare
760 2567 880 2614 piget,
902 2567 1130 2615 quotiesque
1149 2579 1355 2605 recurrens

330 2617 515 2654 Lustrarit
533 2619 723 2656 mundum
744 2621 845 2657 vario
867 2621 923 2657 sol
943 2621 1079 2669 igneus
1100 2622 1207 2658 orbe.

330 2669 468 2707 Omnia
487 2672 643 2708 mortali
662 2676 860 2710 mutantur
877 2675 962 2722 lege
983 2677 1126 2720 creata,

328 2722 403 2759 Nec
423 2734 463 2760 se
482 2730 714 2772 cognoscunt
734 2730 847 2764 terrae
867 2728 1105 2765 vertentibus
1124 2729 1249 2776 annis,

189 2863 218 2894 1.
237 2861 306 2899 Id„
329 2861 427 2902 ibid„
449 2864 506 2907 IV,
527 2866 677 2908 923-924,
696 2869 848 2901 931-932.

238 2923 386 2959 Lmsom.
1433 2930 1452 2966 3
