1910 3250
4 590 22 746 ,ιβ-*ηειν-
3 557 14 573 ⁴-

8 1134 27 1157 js

7 1265 29 1390 ’ἓ

9 1479 30 1589 Ξ

10 1589 33 1643 ‚³

12 1645 34 1723 ξ,

14 1732 28 1767 Ξ

794 215 1141 301 -35-’

171 382 244 430 sed
274 385 326 429 de
355 385 463 430 Gaio
498 401 581 446 3⁰
590 384 724 441 Lucio
756 384 1016 442 CaesaribuS,
1056 383 1185 426 Iuliae
1226 389 1267 427 et
1301 383 1519 441 Agrippae
1550 380 1702 435 filiolis,

171 472 254 499 non
284 438 518 499 ffiulto
528 462 624 497 ante
645 439 861 509 defunctis,
894 453 1160 511 cogitandum
1191 460 1265 508 est,
1299 453 1481 511 quibus
1470 469 1511 495 1n
1536 452 1706 510 galaxia

172 526 291 568 sedes
321 532 417 567 sunt
448 525 708 568 constitutae.
771 523 968 567 Ceterum
1000 523 1139 581 paullo
1167 523 1405 566 concinnior
1437 528 1546 566 esset
1576 529 1705 564 struc-

172 602 278 649 tura,
323 596 356 637 si
397 595 450 637 ad
481 595 637 636 Divum
680 595 825 637 eodem
867 594 989 636 modo
1029 601 1156 650 atque
1197 593 1249 635 ad
1288 593 1512 644 Quirinum
1555 606 1706 634 ornans

173 665 381 722 quoddam
429 664 615 706 additum
667 671 774 706 esset
815 665 1048 721 epitliet0n3
1103 663 1174 705 sed
1227 670 1363 705 tamen
1405 662 1526 704 huius
1569 661 1707 718 inopia

173 734 275 778 nihil
306 741 489 778 nocetur.
551 733 691 776 Velim
722 740 860 776 autem
902 733 1203 791 propemodum
1243 749 1319 790 pro
1358 735 1404 775 in
1445 737 1558 775 coetu
1599 731 1708 773 adsit

174 807 222 848 in
247 805 374 858 caelo,
390 802 424 857 ¹)
466 818 519 846 ne
551 804 793 861 quantisper
832 803 931 845 mihi
973 818 1076 860 opus
1107 803 1160 844 sit
1197 803 1382 856 haerere,
1424 801 1623 859 quidnam
1652 799 1705 842 ad

175 875 302 917 verba
330 876 379 917 in
407 878 521 916 coetu
551 873 806 931 suppleatur.
868 873 1148 930 Exspectatur
1175 872 1284 914 enim
1307 873 1348 913 in
1371 871 1544 914 deorum
1573 876 1706 922 coetu,

173 943 248 986 sed
275 943 352 986 boc
383 943 424 985 in
456 958 516 997 ea,
546 958 671 1000 quam
702 943 892 1000 legimus,
924 943 1146 985 verborum
1176 942 1484 984 constructione
1509 955 1593 983 non
1623 946 1709 980 tam

175 1011 582 1070 faeileintellegitur
613 1027 736 1070 quam
770 1013 811 1054 in
841 1021 960 1056 coetu
982 1013 1209 1069 signorum.
1259 1011 1411 1056 Utrum
1443 1017 1581 1053 autem
1612 1024 1707 1066 sup-

175 1082 317 1140 plendi
348 1097 483 1139 genus
514 1082 651 1124 verius
682 1097 862 1135 censeaS‚
904 1098 986 1124 non
1020 1082 1272 1139 permultum
1309 1082 1462 1133 refert3
1506 1095 1602 1121 nam
1637 1078 1708 1136 qui

176 1152 314 1209 aliquo
345 1151 492 1194 decore
526 1151 721 1208 egregius
754 1159 827 1204 est,
858 1152 891 1193 is
914 1151 1015 1194 deus
1043 1151 1089 1192 fit
1118 1151 1313 1208 idemque
1339 1150 1469 1192 stellis
1500 1148 1708 1192 inseritur.

178 1219 322 1264 Grave
351 1235 450 1264 vero
480 1221 547 1263 hic
577 1236 666 1264 esse
697 1228 738 1263 et
765 1221 942 1263 multum
972 1221 1111 1264 valere
1132 1221 1233 1262 mihi
1266 1221 1430 1263 videtur
1460 1218 1709 1261 adverbium

179 1292 321 1343 altius,
359 1306 456 1348 quo,
494 1291 534 1332 ni
565 1291 708 1332 omnia
740 1306 806 1333 me
838 1291 999 1343 fallunt,
1043 1306 1091 1333 eo
1129 1296 1317 1347 spectare
1351 1296 1516 1346 poetam
1547 1287 1708 1344 conspi-

177 1375 299 1402 cuum
332 1366 406 1413 est,
451 1366 496 1401 ut
533 1360 686 1402 circulo
718 1360 864 1414 lacteo,
907 1360 947 1401 in
979 1375 1061 1417 quo
1092 1359 1271 1401 illustres
1302 1359 1378 1400 viri
1410 1364 1503 1416 post
1533 1365 1708 1400 mortem

178 1429 378 1483 habitent,
408 1429 596 1472 altiorem
626 1444 715 1472 esse
741 1430 850 1472 dicat
880 1429 1021 1472 sedem
1054 1429 1240 1472 deorum.
1282 1428 1391 1470 Ecce
1421 1427 1647 1470 Romulum
1670 1432 1712 1468 et

179 1497 400 1542 Caesarem
443 1514 526 1542 non
567 1514 710 1542 eorum
753 1500 792 1541 in
825 1515 998 1542 numero
1029 1499 1158 1557 ponit,
1201 1499 1271 1556 qui
1301 1499 1340 1539 in
1373 1497 1541 1554 galaxia
1575 1496 1711 1538 locum

178 1568 347 1622 habent,
379 1567 450 1611 sed
473 1568 595 1610 altius
608 1570 645 1624 2)
668 1569 775 1611 inter
796 1569 905 1626 ipsos
929 1569 1026 1611 deos
1048 1568 1170 1625 fingit
1190 1574 1417 1611 versantes.
1470 1565 1711 1622 Augustum

178 1637 362 1681 nondum
407 1637 572 1690 ibidem,
588 1638 625 1692 3)
667 1654 750 1696 quo
790 1638 1016 1681 Romulum
1058 1644 1100 1680 et
1130 1636 1354 1680 Caesarem
1395 1636 1529 1678 abisse
1566 1634 1709 1687 credit,

177 1707 319 1750 sedem
355 1707 432 1749 sibi
474 1708 731 1751 constituisse
772 1723 821 1751 ea
863 1723 908 1751 re
949 1708 1130 1750 indicare
1170 1707 1346 1760 videtur,
1390 1705 1500 1763 quod
1532 1705 1622 1746 illos
1661 1705 1713 1746 ab

178 1775 373 1833 Augusto
413 1776 534 1819 altius
566 1778 679 1820 cerni
715 1777 825 1822 dicit.
889 1777 1110 1828 Quomodo
1153 1777 1263 1819 enim
1304 1790 1466 1817 sursum
1507 1780 1714 1831 spectaret

179 1861 333 1904 eosque
359 1846 481 1888 altius
513 1854 713 1902 cerneret,
751 1848 785 1889 si
817 1848 911 1901 iam,
942 1847 999 1889 uti
1035 1846 1166 1889 voluit
1194 1846 1228 1889 F
1234 1846 1352 1899 reier,
1382 1851 1568 1886 mortuus
1600 1850 1641 1885 et
1672 1843 1713 1884 in

180 1915 271 1973 ipsa
301 1930 444 1958 eorum
475 1916 667 1959 contione
692 1916 834 1960 esset?
871 1916 943 1959 Ad
965 1916 1106 1958 vivum
1129 1930 1231 1972 ergo
1260 1914 1551 1971 imperatorem
1580 1913 1716 1955 refero

179 1984 316 2028 locum
349 1985 588 2042 litigiosum.

320 2054 404 2098 Sed
436 2055 586 2098 obiciat
617 2056 777 2113 aliquis,
811 2071 904 2098 eum
933 2072 957 2098 a
985 2062 1108 2114 poeta
1138 2055 1297 2098 caelum
1326 2067 1474 2109 regere
1496 2052 1715 2107 Augustus

323 2171 348 2214 ¹)
373 2171 510 2204 codices
537 2183 654 2205 omnes
686 2173 818 2205 habent
843 2177 940 2213 cotu3
974 2183 994 2213 e
1017 2183 1157 2215 semper
1180 2183 1243 2215 pro
1268 2181 1321 2212 ae,
1357 2181 1375 2203 e
1400 2181 1462 2212 pro
1489 2179 1529 2202 oe
1556 2168 1591 2200 in
1618 2168 1718 2200 libris

183 2229 324 2262 Manilii
348 2230 500 2272 positum
527 2234 591 2267 est„
618 2241 723 2273 quam
749 2231 908 2262 notitiam
936 2231 1105 2263 Becherto
1131 2231 1262 2270 debeo3
1290 2231 1332 2262 cs.
1350 2228 1504 2262 Thomas
1530 2228 1553 2259 l.
1570 2227 1592 2259 l.
1610 2238 1643 2269 p,
1660 2227 1717 2267 20,

184 2289 244 2330 qui
268 2288 307 2320 in
333 2288 453 2321 codice
478 2288 509 2321 G
535 2289 700 2332 scriptum
727 2299 802 2321 esse
827 2289 914 2321 dicit
940 2292 1080 2322 caetu.

322 2346 349 2386 ²)
374 2345 416 2377 In
443 2357 474 2378 v.
500 2346 569 2379 802
594 2350 666 2379 toto
691 2347 878 2378 verborum
905 2357 1001 2379 nexu
1027 2347 1230 2388 postulatur
1264 2356 1387 2388 quam
1416 2344 1503 2388 (non
1531 2340 1654 2385 qua];
1682 2341 1719 2373 id

185 2406 300 2436 autem
333 2403 439 2437 habet
473 2405 624 2447 optimus
658 2405 748 2437 liber
774 2405 803 2438 G
836 2405 1005 2447 idemque
1037 2405 1099 2437 alii
1133 2404 1218 2437 boni
1251 2403 1334 2436 libri
1373 2403 1503 2434 habere
1535 2400 1719 2433 videntur:

185 2471 266 2494 nam
292 2461 438 2495 Iacobus
464 2461 556 2494 hanc
582 2462 770 2494 lectionem
797 2463 834 2494 in
860 2465 992 2495 textum
1019 2463 1153 2506 recepit
1184 2471 1300 2504 neque
1327 2460 1521 2502 quidquam
1547 2459 1590 2490 de
1615 2458 1720 2490 variis

184 2519 341 2552 codicum
378 2520 588 2554 lectionibus
627 2520 820 2553 annotavit.
868 2521 946 2553 Eoo
983 2524 1115 2554 certum
1142 2524 1196 2553 est
1228 2530 1354 2562 quam
1382 2528 1449 2550 non
1486 2527 1613 2549 meram
1647 2525 1721 2548 esse

186 2577 342 2610 Bentleii
369 2577 620 2618 coniecturam,
647 2589 719 2620 qua
745 2578 910 2621 opinione
936 2582 1056 2621 captus
1083 2582 1134 2611 est
1158 2579 1203 2611 K.
1229 2578 1403 2619 Rossberg
1428 2575 1592 2608 kritisehe
1608 2574 1721 2606 Nach-

187 2635 259 2668 lese
293 2645 334 2668 zu
361 2636 569 2669 Dracontius
594 2636 668 2669 und
693 2636 754 2669 der
779 2639 1020 2679 sogenannten
1047 2635 1181 2669 Orestis
1209 2633 1392 2677 tragoedia
1419 2632 1528 2675 (neue
1553 2632 1674 2665 Jahrb.
1699 2630 1723 2663 f.

186 2691 237 2725 kl.
262 2692 353 2725 Phil.
384 2696 466 2725 tom.
494 2694 570 2726 119.
604 2692 749 2735 Lipsiae
777 2694 865 2726 1879
897 2705 930 2737 p.
955 2693 1023 2726 475
1048 2691 1120 2736 sq.)
1171 2692 1238 2733 Qui
1274 2692 1366 2734 apud
1395 2690 1575 2722 Manilium
1603 2689 1721 2731 legen-

188 2748 270 2783 dum
293 2754 395 2794 putat
420 2761 528 2793 qua,
567 2751 650 2793 quia
675 2751 885 2784 Dracontius
918 2751 952 2783 in
978 2762 1010 2783 v.
1039 2752 1106 2783 326
1132 2749 1230 2782 hune
1255 2748 1397 2781 Manilii
1427 2748 1540 2780 locum
1566 2745 1721 2778 imitatus

187 2807 243 2841 eit.
299 2809 346 2840 At
369 2818 450 2841 vero
475 2807 548 2840 alia
573 2811 627 2840 eet
661 2807 845 2850 utriusque
878 2808 946 2841 loci
979 2811 1175 2841 structura:
1226 2806 1395 2839 Manilius
1429 2805 1538 2837 habet
1575 2803 1721 2836 altius

189 2876 334 2910 quam:
359 2866 456 2910 apud
473 2866 713 2908 Dracontium,
730 2877 806 2899 oum
825 2877 894 2900 non
909 2865 1040 2900 habeat
1054 2865 1341 2910 comparativum,
1358 2864 1448 2896 bene
1465 2862 1612 2906 quadrat
1627 2872 1646 2905 q
1658 2871 1680 2893 u
1691 2871 1722 2894 a.

326 2924 354 2969 8)
378 2924 421 2960 ef.
448 2925 590 2959 Lanson
614 2934 649 2968 p.
675 2925 730 2960 19.

1631 2986 1676 3026 3*
