1930 3320
877 271 1152 311 —12-

292 390 429 427 orbem
457 393 651 428 terrarum
677 390 832 439 legibus
858 390 1071 440 Augusti“.
1113 391 1219 431 Sana
1246 397 1377 432 autem
1403 399 1442 434 et
1459 408 1550 435 vere
1569 397 1736 446 pulchra.
1783 375 1786 378 >

291 461 488 505 nascetur,
531 457 564 494 si
605 459 696 494 ante
739 457 876 495 oculos
918 459 1129 498 scribentis
1171 460 1375 500 Tiberium
1415 468 1637 502 versantem
1671 476 1735 503 eo-

291 525 487 573 gitatione
542 525 747 573 fingemus.
815 525 893 572 Qui
943 527 1129 574 quoniam
1175 529 1420 577 reipublicae
1467 531 1736 578 gubernacula
1760 523 1762 525 ’

290 591 490 640 prendens
519 591 559 628 in
587 594 676 629 aeta
695 592 870 641 Augusti
897 593 1046 632 iuravit
1071 606 1117 632 ac
1144 600 1286 644 postea
1314 597 1516 636 dictitavit
1543 610 1582 636 se
1603 599 1736 638 omnia

291 659 396 695 facta
435 658 620 707 dietaque
662 659 745 697 eius
786 660 870 698 vioe
911 660 1011 708 legis
1047 656 1308 711 observare9),
1349 664 1512 703 dubium
1549 677 1627 703 non
1662 669 1735 715 est,

292 725 386 772 quin
414 725 557 763 iterum
586 726 753 774 imperio
783 727 966 765 Romano
994 728 1170 777 Augusti
1199 729 1306 778 leges
1334 730 1580 780 imposuerit.
1627 731 1735 781 Quin

290 792 396 841 apud
432 792 666 842 Tacitumw)
703 795 868 843 legitur:
909 795 1073 843 „Neque
1111 796 1150 833 in
1185 801 1274 833 acta
1309 809 1394 834 sua
1427 798 1564 848 iurari,
1604 810 1735 848 quam-

291 871 406 907 quam
434 864 619 898 censente
648 866 800 909 senatu,
826 862 1046 911 permisit.“
1095 862 1173 900 His
1201 864 1374 912 cognitis
1402 867 1586 914 potuitne
1614 871 1736 916 poeta

280 927 506 974 quidquam
552 927 594 965 in
635 928 788 966 Tiberii
835 929 991 967 laudem
1037 931 1177 968 melius
1223 931 1404 980 proferre
1456 944 1572 980 quam
1615 935 1736 973 istum

290 1006 466 1032 versum:

538 1062 629 1106 ‚,Tu‚
655 1061 803 1106 Caesar,
826 1063 967 1108 patriae
992 1063 1229 1108 princepsque
1253 1067 1440 1109 paterque,

538 1117 606 1160 Qui
630 1119 724 1163 regis
749 1119 925 1164 Augustis
949 1121 1136 1163 parentem
1160 1120 1298 1164 legibus
1325 1121 1490 1156 01·bem“?

290 1195 432 1234 Nihilo
481 1197 608 1234 secius
653 1201 781 1234 tamen
827 1197 860 1234 si
908 1197 995 1245 quis
1040 1197 1245 1246 Augustas
1290 1199 1397 1248 leges
1443 1199 1570 1248 ipsius
1617 1200 1736 1240 Octa-

291 1263 399 1300 viani
441 1275 526 1302 esse
566 1265 797 1313 agnoverit,
839 1265 889 1302 ad
932 1264 1136 1302 Tiberium
1179 1276 1334 1303 carmen
1370 1267 1579 1304 missurum
1614 1267 1736 1308 fuisse

293 1332 453 1378 poetam
495 1335 599 1369 certe
635 1345 684 1370 ne
719 1335 935 1381 propterea
973 1331 1130 1379 quidem
1165 1333 1340 1382 negabit,
1383 1333 1489 1380 quod
1524 1334 1655 1372 edicta
1688 1337 1738 1374 ab

292 1397 378 1445 illo,
406 1411 486 1436 non
514 1399 622 1448 leges
641 1400 728 1437 dari
748 1399 928 1448 potuisse
947 1398 1165 1436 Merkelius
1187 1400 1230 1447 (l.
1256 1412 1277 1437 c
1307 1413 1343 1449 p.
1366 1400 1456 1450 403)
1483 1403 1740 1453 persuaserit,

293 1465 360 1512 qui
406 1465 490 1515 ipse
532 1467 710 1504 diversas
755 1479 820 1504 eas
853 1477 915 1504 res
951 1466 1192 1504 confundere
1227 1472 1490 1516 poetaeesse
1524 1470 1739 1519 eoncessit3

291 1544 419 1581 neque
459 1534 563 1572 enim
603 1534 808 1582 ignorabit
848 1534 969 1582 leges,
1011 1545 1110 1581 quae
1150 1534 1234 1572 iure
1273 1535 1437 1584 publico
1478 1535 1559 1573 diei
1595 1537 1738 1585 solent,

293 1599 437 1638 Julias.

393 1667 577 1716 Denique
604 1680 779 1706 versum:

475 1734 793 1780 „concessumque
817 1735 912 1780 patri
938 1734 1107 1768 mundum
1133 1734 1241 1768 deus
1266 1734 1362 1779 ipse
1388 1736 1568 1772 mera-1⁸3⁴

292 1802 350 1840 ita
378 1802 720 1852 interpretandum
749 1814 832 1840 esse
861 1802 956 1840 licet
973 1813 1145 1850 censeas,
1174 1805 1218 1838 ut
1236 1805 1389 1850 patrem
1411 1802 1632 1852 Caesarem,
1661 1805 1738 1844 Oc-

293 1870 495 1908 tavianum
535 1870 651 1907 deum
691 1870 915 1918 intellegas,
955 1869 1022 1906 vix
1062 1871 1191 1907 tamen
1233 1869 1426 1906 rationem
1467 1870 1641 1919 aliquam
1681 1873 1738 1910 in-

295 1938 441 1986 venias,
477 1949 554 1986 qua.
589 1949 647 1986 ea,
683 1949 782 1985 quae
817 1937 1122 1984 subsequuntur,
1157 1936 1308 1984 pin-iter
1341 1936 1389 1974 de
1417 1937 1492 1975 hoc
1518 1937 1626 1976 dicta
1653 1950 1739 1978 esse

293 2017 447 2055 arguas.
502 2005 602 2044 Inde
630 2005 733 2043 enim
762 2017 784 2042 a
811 2006 845 2052 I,
874 2006 920 2042 10
947 2004 1045 2042 haec
1072 2005 1250 2055 exstant:

473 2095 603 2138 „Hunc
626 2094 711 2129 mihi
737 2121 746 2130 .
771 2121 778 2130 .
805 2121 812 2129 .

477 2151 576 2193 „Das
602 2152 759 2186 animum
784 2151 948 2195 viresque
973 2150 1063 2184 fucis
1089 2150 1133 2184 ad
1159 2152 1265 2184 tanta
1290 2151 1470 2194 canenda3

476 2208 578 2250 „Iam
603 2209 840 2253 propriusque
865 2207 962 2241 favet
987 2207 1138 2240 mundus
1163 2207 1406 2241 scrutantibus
1430 2207 1550 2252 ipsum

475 2264 546 2306 „Et
571 2264 670 2309 cupit
695 2263 874 2298 aetherios
897 2273 962 2308 pei·
986 2262 1146 2298 carmina
1169 2263 1327 2308 pandere
1352 2273 1492 2299 census.

477 2320 581 2363 „Hoc
605 2321 670 2355 sub
695 2330 807 2365 pace
831 2319 971 2354 vocat.“

402 2410 580 2448 Canente
621 2410 746 2458 igitur
786 2409 935 2446 caelum
977 2409 1191 2456 stellasque
1229 2420 1438 2456 earumque
1471 2409 1575 2446 vires
1608 2413 1742 2459 poeta,

298 2477 403 2515 cives
431 2477 640 2514 dulcedine
668 2476 778 2525 pacis
806 2476 1003 2513 fruuntur.
1047 2475 1149 2514 Post
1176 2476 1326 2514 cladem
1346 2475 1605 2526 Varianam*)
1634 2481 1743 2514 ante—

298 2556 415 2593 quam
436 2543 681 2582 Octavianus
716 2544 821 2582 diem
849 2555 1071 2592 supremum
1099 2543 1278 2590 obiisset,
1307 2555 1399 2581 uum
1425 2556 1526 2580 unus
1554 2543 1632 2582 fuit
1659 2543 1743 2582 sine

296 2612 410 2662 gravi
444 2611 550 2649 bello
587 2611 739 2649 annus?
792 2611 916 2649 Immo
950 2612 1114 2659 accepta
1146 2610 1217 2648 illa
1245 2610 1368 2658 clade,
1406 2622 1522 2658 quam
1549 2609 1742 2648 Manilius

387 2752 416 2799 9)
443 2753 532 2787 Tae.
557 2752 652 2787 Anu.
677 2751 743 2795 111,
765 2752 820 2786 28.
845 2751 912 2794 lv,
936 2751 989 2785 42.
1039 2750 1078 2795 ίο)
1104 2750 1200 2786 Ann.
1225 2751 1254 2794 1,
1277 2753 1330 2787 72.
1378 2750 1412 2796 *)
1439 2751 1537 2786 Man.
1560 2749 1589 2794 1,
1611 2750 1688 2787 899.
1745 2778 1748 2783 .
