1936 3392
1053 297 1105 337 10

437 440 474 482 7.
539 439 699 480 Codicis
731 438 920 479 Vaticani
952 438 1104 479 saeculi
1137 438 1200 480 vel
1231 438 1309 479 XV
1343 439 1404 482 vel
1435 439 1535 481 XVI
1558 440 1784 496 inscriptio,

370 517 412 557 in
460 516 636 557 secundo
684 515 788 557 libro
827 516 1022 571 repetita,
1057 515 1155 557 haec
1188 520 1274 558 est:
1346 518 1438 568 ‚‚M.
1478 518 1623 559 Mallii
1649 522 1786 572 poetae

369 593 539 634 illustris
575 594 630 634 ad
664 593 923 634 Octavianum
957 594 1170 646 Auqustum
1203 594 1487 636 astronomicam
1518 595 1617 636 liber
1630 595 1785 648 primus

371 670 590 726 (secundus)
623 670 767 724 incipit
797 669 1018 719 feliciter?

435 750 459 789 8
511 751 552 789 et
602 749 642 790 9.
705 748 799 789 Duo
848 748 1003 789 codices
1052 747 1294 801 Urbinates,
1343 748 1502 790 saeculo
1533 747 1612 789 XV
1643 748 1786 804 scripti

374 824 650 867 inscribuntur
671 825 785 867 alter:
811 826 903 876 ‚‚M.
929 825 1100 867 Manilii
1120 826 1241 867 Boeci
1262 826 1510 868 astronomici
1525 826 1788 880 liberprimns

374 902 558 956 1ηοὶρὶέῆ
593 903 693 944 alter
725 918 846 945 vero:
882 903 974 953 ,‚M.
1011 903 1182 944 Manilii
1210 903 1499 946 Astronomicon
1520 903 1620 946 liber
1630 904 1788 958 primus

376 980 560 1034 incipit.’'

439 1059 509 1099 10.
574 1057 674 1100 cod.
708 1058 956 1099 Cassinensis
970 1090 982 1108 ,
1016 1057 1132 1099 cuius
1165 1058 1454 1112 antiquitatem
1485 1061 1696 1114 tantopere
1716 1058 1787 1100 sed

373 1136 522 1177 frustra
568 1136 750 1177 iactitare
805 1135 1144 1177 Bonincontrium
1188 1135 1400 1177 Bentleius
1432 1136 1646 1192 opinatur,
1695 1150 1786 1177 uam

379 1228 480 1269 quas
513 1229 561 1254 ex
593 1228 639 1255 eo
671 1213 849 1268 proferat
880 1212 1075 1254 lectiones
1106 1228 1244 1254 omnes
1276 1213 1358 1254 fere
1385 1228 1469 1254 esse
1491 1213 1620 1255 malae
1642 1216 1785 1263 notae,

377 1295 418 1332 et
460 1306 509 1332 ex
541 1291 678 1332 codice
711 1291 975 1346 transcriptas
1009 1289 1290 1332 Gemblacensi
1325 1290 1445 1346 longe
1477 1290 1698 1333 recentiore
1723 1293 1784 1346 ¹),

378 1369 482 1410 hanc
530 1369 836 1424 inscriptionem
884 1367 1067 1410 exhibet:
1119 1367 1164 1410 C.
1210 1368 1443 1410 MANILII
1476 1385 1486 1394 ·
1520 1367 1740 1410 POETAE
1771 1381 1784 1395 ⁰

381 1445 668 1488 ILLUSTRIS
692 1462 701 1471 ·
725 1445 1176 1488 ASTRONOMICON
1200 1461 1210 1471 ·
1234 1446 1461 1487 INCIPIT.

444 1526 515 1566 11.
580 1524 716 1566 Codex
757 1523 981 1565 Vossianus
1011 1524 1180 1576 tertius,
1215 1538 1334 1578 quem
1367 1523 1579 1566 Bentleius
1613 1524 1790 1566 ineuntis

379 1603 460 1644 fere
482 1601 633 1643 saeculi
655 1601 733 1642 XV
756 1616 840 1642 esse
858 1601 981 1652 dicit,
1004 1601 1223 1657 inscriptus
1241 1605 1322 1643 est:
1342 1600 1521 1643 MAROI
1535 1617 1544 1626 ·
1557 1601 1761 1643 MALLII
1774 1615 1784 1626 ·

378 1678 658 1722 ANTIOCHI
682 1695 690 1704 ·
718 1679 893 1720 POENI
918 1694 928 1704 ·
951 1678 1427 1720 ASTRONOMICON·
1446 1678 1585 1720 DIVO
1600 1678 1788 1720 ὈΟΤΑ-

378 1755 479 1798 VIO
505 1771 514 1781 ·
539 1755 783 1808 QUIRINO
809 1771 819 1781 ·
843 1755 1119 1797 AUGUSTO.

440 1834 496 1876 Hi
545 1838 640 1876 sunt
688 1834 844 1875 codices
894 1848 1068 1887 quorum
1101 1833 1266 1888 quidem
1299 1833 1510 1889 inscriptio
1542 1833 1643 1874 mihi
1675 1834 1790 1874 inno-

382 1912 522 1954 tuerit.
587 1911 794 1963 Quattuor
841 1911 1020 1966 priorum
1068 1911 1240 1952 affinitas
1272 1910 1348 1952 hoc
1378 1914 1590 1952 stemmate
1621 1911 1789 1968 depingi

383 1993 540 2045 potest:

1075 2082 1112 2123 A

636 2258 643 2313 ,
805 2258 1448 2349 ............................................................
1532 2255 1540 2316 ι

476 2370 638 2413 Gembl.
700 2371 813 2428 Lips.
1072 2372 1108 2414 L
1139 2374 1340 2427 (correct.)
1387 2370 1434 2426 V,
1651 2366 1710 2424 V2

444 2464 609 2519 Reliqui
641 2480 777 2508 omnes
809 2471 928 2508 notae
962 2471 1058 2508 sunt
1090 2466 1312 2508 deterioris.

443 2542 622 2598 Apparet
644 2543 772 2598 igitur
793 2544 954 2586 illorum
979 2547 1172 2599 quattuor
1192 2547 1273 2585 tres
1292 2541 1587 2584 vetustissimos
1605 2538 1783 2582 indicare

383 2634 531 2662 nomen
575 2625 718 2676 poetae
762 2637 844 2663 non
886 2621 1023 2663 Latini
1067 2622 1136 2663 sed
1169 2621 1335 2671 Graeci,
1372 2635 1420 2661 ex
1458 2633 1538 2673 quo
1570 2617 1641 2659 1116
1669 2631 1788 2671 quae·

387 2697 481 2739 dam
529 2697 607 2739 sibi
655 2699 896 2754 assumpsit,
945 2715 1038 2741 nam
1088 2698 1389 2741 Gemblacensis
1437 2711 1549 2738 erasa
1579 2694 1789 2750 inscriptio

435 2921 458 2962 ¹)
503 2925 578 2962 Psg.
606 2925 654 2954 12.
