1936 3392
803 279 1020 321 -19-

213 374 461 424 Quanquam
478 369 614 409 fateor
630 368 804 408 nimiam
822 372 864 408 et
883 368 986 408 mihi
1003 368 1135 408 videri
1154 367 1280 420 hujus
1296 366 1490 408 dictionis
1509 367 1664 420 hyper-

158 437 303 486 bolen,
325 447 399 476 nec
425 433 597 487 plenum
624 433 786 473 Caesare
817 434 967 473 caelum
991 433 1172 485 placere.
1199 433 1279 473 Sed
1305 433 1366 472 illi
1392 432 1496 472 mihi
1522 445 1662 473 errare

158 502 367 549 videntur,
390 499 463 552 qui
483 498 656 539 Veneris
679 498 841 550 prolem
864 498 1019 538 Juliam
1046 499 1111 537 vel
1134 494 1185 538 d'e
1211 499 1372 538 Gaesare
1399 498 1503 546 solo,
1523 498 1590 537 vel
1613 497 1664 538 de

162 566 325 607 Gaesare
342 570 383 605 et
398 566 586 615 Augusto
601 563 682 603 dici
696 567 860 615 putant.
875 565 972 603 Haec
990 563 1101 603 enim
1116 563 1244 603 verba
1259 563 1311 602 ad
1325 566 1493 614 gentem
1506 563 1528 603 J
1534 562 1662 602 uliam

161 635 258 671 sunt
277 629 509 680 referenda,
530 641 622 680 quae
646 640 741 668 cum
763 628 968 680 originem
988 642 1012 668 a
1032 629 1189 669 Venere
1209 628 1348 677 ducat,
1372 627 1475 667 caelo
1496 628 1663 667 descen-

161 696 270 736 disse
295 695 390 734 ideo
416 707 441 734 a
461 697 586 746 poeta
606 693 772 743 dieitur,
794 706 886 733 cum
916 698 1057 733 autem
1084 698 1126 732 et
1143 693 1294 732 Divum
1310 692 1468 732 Julium
1495 696 1536 732 et
1562 692 1663 739 Qui-

162 760 301 800 rinum
336 759 510 799 deorum
541 771 716 798 numero
755 758 991 806 inseruerit,
1027 769 1255 809 omnesque
1291 756 1486 808 deinceps
1519 769 1666 797 eorum

163 829 353 879 posteros
373 823 608 877 promittat,
631 823 724 863 ideo
743 828 945 876 tanquam
964 823 1115 863 caelum
1137 821 1312 874 repleat,
1329 819 1494 861 laudari
1513 825 1664 873 potest.

162 891 372 930 Praeterea
390 889 566 930 verbum
588 888 747 942 replere
770 889 830 929 ita
850 888 1046 941 usurpari
1063 887 1216 940 potuit,
1237 891 1286 926 ut
1305 886 1415 926 idern
1440 886 1553 938 quod
1577 899 1670 939 sup-

164 955 277 1007 plere
298 955 471 995 valeret.

222 1036 241 1057 «
267 1021 362 1060 Jam
395 1032 508 1070 vero,
539 1019 676 1071 inquit
707 1019 862 1066 Freier,
891 1019 933 1058 in
967 1018 1100 1058 sidere
1132 1019 1320 1069 Augusto
1356 1017 1517 1056 animas
1546 1016 1667 1056 Juliae

165 1084 300 1136 gentis
337 1084 528 1124 habitare
575 1088 702 1136 atque
742 1084 838 1123 inde
878 1084 1066 1136 principe
1104 1084 1292 1134 Augusto
1338 1086 1474 1122 lotum
1519 1082 1668 1121 caelum

164 1162 309 1201 regere
335 1148 469 1188 multo
503 1148 656 1189 clarius
690 1153 866 1201 apparet
896 1162 946 1188 ex
979 1162 1028 1188 eo
1062 1148 1155 1188 loco
1191 1149 1254 1187 ¹...
1286 1148 1512 1198 Augustus,
1534 1147 1669 1199 inquit

164 1218 304 1267 poeta,
328 1213 461 1254 cernit
486 1213 529 1253 in
557 1218 669 1254 coetu
695 1214 846 1253 Divum
872 1226 1159 1266 magnumque
1188 1213 1422 1260 Quirinum.
1446 1212 1518 1251 Est
1542 1212 1671 1263 igitur

163 1278 235 1319 ille
272 1291 358 1319 non
397 1279 442 1318 in
480 1279 672 1328 terris...‚
695 1278 768 1319 sed
808 1279 956 1319 eodem
996 1278 1105 1327 loco,
1145 1291 1227 1330 quo
1268 1277 1418 1317 abiisse
1459 1277 1599 1318 Caesar
1630 1279 1671 1316 et

166 1344 370 1384 Romulus
407 1343 635 1384 ereduntur
661 1344 693 1383 ².
738 1361 756 1380 »
792 1345 845 1383 At
885 1356 935 1383 ea
970 1356 1063 1395 quae
1101 1343 1243 1382 Freier
1282 1341 1350 1381 hic
1388 1341 1547 1394 scribit,
1581 1354 1669 1381 non

168 1409 327 1462 optime
361 1409 469 1448 inter
505 1421 547 1447 se
583 1409 850 1448 conveniunt.
882 1409 988 1447 Nam
1022 1406 1162 1447 Caesar
1197 1411 1237 1446 et
1276 1406 1479 1446 Romulus
1511 1419 1597 1447 non
1628 1406 1671 1446 in

171 1473 339 1526 galaxia
364 1485 459 1513 cum
482 1472 713 1512 illustribus
736 1473 836 1512 viris
856 1472 1066 1520 habitant,
1090 1472 1163 1511 sed
1189 1484 1284 1511 cum
1306 1471 1399 1520 diis,

355 1597 477 1634 Altius
498 1596 654 1633 aetherei
672 1607 790 1644 quam
808 1596 945 1632 candet
967 1595 1126 1632 circulus
1148 1595 1262 1640 orbis,

354 1650 423 1686 Illa
442 1651 557 1686 deum
577 1650 701 1694 sedes,
722 1650 816 1693 haec,
839 1649 911 1685 illis
931 1649 1120 1696 proxima,
1138 1648 1270 1684 divum

357 1702 431 1746 Qui
449 1702 586 1739 virtute
606 1714 673 1738 sua
693 1702 836 1738 similes
852 1702 1014 1750 vestigia
1033 1704 1214 1748 tangunt.

165 1823 276 1874 Ergo
296 1821 332 1862 si
359 1824 549 1861 mortuus
573 1821 785 1871 Augustus
817 1835 837 1857 «
868 1819 1016 1860 eodem
1048 1819 1141 1859 loco
1175 1832 1260 1872 quo
1288 1819 1440 1860 abiisse
1467 1821 1606 1860 Caesar
1633 1824 1673 1860 et

168 1885 371 1927 Romulus
393 1885 621 1926 creduntur
651 1901 671 1922 »
696 1897 766 1924 eos
792 1885 1118 1937 contemplatur,
1145 1897 1230 1924 non
1254 1886 1443 1937 profecto
1469 1885 1511 1924 in
1539 1886 1671 1925 sidere

169 1964 243 1991 suo
265 1951 404 1991 sedem
422 1949 563 1990 habet.
581 1951 678 1998 Nec,
695 1963 791 1989 cum
812 1949 931 1989 divus
947 1950 1013 1998 sit,
1038 1950 1165 1989 aliam
1183 1950 1323 1989 sedem
1347 1963 1474 2002 quam
1495 1950 1671 1990 deorum

167 2016 323 2056 habere
349 2019 499 2068 potest.
533 2015 823 2066 Relinquenda
849 2014 978 2065 igitur
1000 2015 1137 2054 omnis
1164 2015 1290 2066 hujus
1324 2015 1470 2054 sideris
1498 2015 1670 2062 mentio,

170 2093 246 2121 nec
281 2079 464 2120 diversos
501 2079 681 2119 duorum
717 2079 907 2119 locorum
945 2092 1091 2118 sensus
1127 2079 1302 2119 miscere
1338 2084 1379 2119 et
1418 2080 1673 2120 confundere

171 2144 385 2185 debemus.
408 2144 483 2184 Hic
508 2144 620 2184 enim
641 2143 746 2183 nihil
765 2143 879 2183 aliud
901 2143 1066 2196 scripsit
1087 2148 1226 2196 poeta,
1250 2144 1331 2184 nisi
1354 2145 1537 2184 illustres
1563 2145 1674 2184 viros

170 2213 266 2264 post
294 2213 474 2250 mortem
500 2210 543 2248 in
569 2209 750 2249 lacteum
778 2208 979 2249 circulum
1002 2208 1134 2257 abire,
1158 2213 1325 2261 gentem
1355 2213 1496 2249 autem
1519 2209 1673 2249 Juliam

169 2287 256 2316 non
269 2274 492 2323 humanos,
508 2274 579 2314 sed
597 2274 760 2314 divinos
777 2273 974 2322 honores,
993 2278 1038 2313 ut
1056 2286 1081 2313 a
1097 2275 1259 2314 Venere
1280 2277 1433 2325 ortam,
1450 2274 1670 2326 consequi;

172 2338 381 2382 Gaesarem
412 2339 506 2379 ideo
539 2343 580 2379 et
606 2339 831 2379 Romulum
867 2338 1062 2378 altiorem
1094 2338 1137 2378 in
1167 2339 1310 2378 sedem
1341 2339 1501 2379 delatos
1530 2340 1670 2385 fuisse,

151 2417 265 2457 *quae
288 2405 461 2457 propria
488 2404 663 2444 deorum
689 2408 771 2454 est3
795 2408 885 2444 tum
907 2405 1144 2455 Augustum
1165 2416 1310 2455 regere
1334 2404 1484 2444 caelum
1508 2420 1528 2442 «
1557 2404 1670 2444 socio

169 2481 246 2522 per
263 2469 383 2521 signa
411 2470 600 2510 Tonante
625 2485 662 2522 »,
685 2473 726 2509 et
751 2470 796 2509 in
823 2469 999 2509 deorum
1026 2469 1123 2509 sede
1145 2481 1315 2509 cernere
1337 2469 1487 2509 Divum
1512 2469 1534 2509 J
1540 2469 1671 2509 ulium

170 2546 454 2587 magnumque
487 2535 720 2582 Quirinum.
749 2535 802 2575 At
827 2547 915 2575 non
939 2534 1061 2575 video
1091 2535 1308 2587 quomodo
1338 2534 1436 2575 inde
1467 2538 1672 2587 appareat

170 2611 258 2640 non
275 2599 413 2639 vivere
432 2601 681 2652 Augustum.

223 2664 343 2712 Nam,
370 2664 508 2714 credo,
528 2677 615 2704 non
645 2664 770 2705 unica
797 2664 889 2705 haec
921 2677 970 2705 ac
999 2665 1234 2718 singularis
1258 2664 1446 2706 adulatio
1481 2668 1559 2716 est,
1589 2676 1673 2716 qua

217 2798 247 2829 1.
265 2796 396 2838 Freier,
416 2807 470 2839 op.
493 2799 529 2836 l.,
551 2808 585 2839 p.
609 2800 658 2832 19.

216 2844 246 2876 2.
268 2843 333 2883 Id.‚
354 2844 453 2883 ibid„
475 2855 509 2887 p.
530 2847 582 2879 20.
