1942 3308
881 499 1254 555 VITA.

1010 622 1144 631 mm

451 702 581 742 Natus
616 715 703 741 sum
736 701 951 755 Augustus
982 700 1196 753 Kraemer,
1239 702 1332 743 fidei
1364 702 1547 745 addictus
1579 705 1817 758 catholicae,

314 775 350 801 a.
382 759 421 800 h.
454 773 483 800 s.
509 759 561 798 66
595 773 646 800 m.
680 758 781 797 Iunii
815 757 879 798 die
909 757 1036 798 altero
1059 758 1352 812 WVilinaburgi,
1385 759 1423 799 in
1453 761 1553 801 urbe
1583 761 1819 814 Nassoviae,

316 822 431 870 patre
471 814 653 868 Georgio
696 814 893 868 operario,
931 820 1059 855 matre
1099 814 1228 854 Maria
1270 829 1292 855 e
1329 823 1452 868 gente
1482 815 1712 869 Goldbeck,
1754 817 1821 858 cui

315 878 572 926 praematura
603 876 732 911 morte
755 871 947 924 abreptae
968 871 1157 911 successit
1186 870 1422 911 Elisabetha
1453 887 1474 912 e
1495 879 1619 927 gente
1643 873 1818 916 Hubert.

314 928 494 968 Puerum
535 926 629 967 ludo
670 927 832 981 publico
874 926 1012 981 primis
1055 926 1266 968 elementis
1309 928 1510 968 imbutum
1552 929 1592 968 in
1634 929 1820 970 Matzatii

314 984 492 1024 scholam
526 990 641 1038 pater
677 983 803 1023 misit:
848 982 954 1022 unde
997 997 1043 1023 eo
1074 983 1292 1023 instructus
1320 984 1561 1034 testimonio,
1603 986 1711 1040 quod
1744 999 1820 1041 per

315 1055 439 1080 unum
478 1054 627 1080 annum
668 1039 868 1094 stipendia
907 1039 1111 1079 merituris
1154 1054 1254 1094 opus
1285 1046 1356 1091 est,
1398 1055 1489 1080 cum
1522 1055 1616 1082 vere
1647 1058 1682 1084 a.
1715 1042 1755 1084 h.
1784 1056 1817 1084 ε.

313 1097 366 1138 81
412 1096 596 1146 abissem,
649 1102 842 1135 autumno
889 1095 928 1134 in
971 1096 1176 1150 gymnasii
1216 1095 1604 1151 W'ilinaburgiensis
1645 1098 1819 1139 alteram

314 1153 485 1193 classem
527 1158 710 1207 receptus
749 1167 851 1203 sum,
898 1159 1110 1206 postquam
1150 1166 1223 1206 per
1263 1158 1457 1193 aestatem
1495 1168 1586 1193 cum
1625 1153 1817 1194 Latinam

314 1216 399 1248 tum
430 1208 629 1250 Graecam
672 1208 855 1262 linguam
889 1208 968 1248 duo
999 1223 1063 1250 vv,
1094 1207 1160 1250 dd.
1192 1223 1431 1262 summaque
1462 1209 1562 1249 mihi
1594 1209 1818 1250 venerandi

314 1266 463 1319 pietate
485 1279 550 1305 me
570 1265 806 1316 docuerunt,
832 1270 871 1304 et
895 1271 1032 1319 pastor
1053 1265 1228 1319 optimus
1257 1267 1284 1316 ἢ·
1302 1265 1470 1305 Iacobus
1492 1265 1607 1307 Stein
1630 1273 1670 1307 et
1691 1265 1818 1320 Hugo

314 1321 525 1373 Ottmann,
549 1321 646 1376 phil.
677 1322 765 1373 Dr„
799 1321 944 1375 quibus
969 1321 1045 1360 iam
1068 1327 1187 1361 antea
1219 1335 1313 1360 usus
1336 1335 1445 1362 eram
1469 1322 1815 1377 praeceptoribus,

313 1377 500 1427 Quorum
532 1377 640 1433 quod
681 1378 744 1418 hic
776 1383 931 1417 tantum
963 1377 1114 1431 gratias
1145 1377 1279 1418 animo
1321 1377 1467 1418 effusas
1498 1378 1640 1418 audire
1669 1385 1815 1433 potest,

311 1448 570 1490 summopere
602 1434 740 1484 doleo;
778 1433 895 1484 illius,
930 1433 999 1488 qui
1032 1440 1074 1473 ut
1102 1432 1243 1473 studiis
1276 1434 1431 1488 (eisque
1463 1434 1720 1488 theologicis)
1751 1448 1818 1475 me

314 1492 463 1532 dedere
495 1491 780 1532 constituerem
811 1490 967 1545 primus
1000 1490 1139 1540 movit,
1172 1490 1363 1544 quoniam
1392 1505 1483 1541 cum
1518 1491 1696 1531 maximo
1725 1505 1816 1532 meo

312 1562 496 1589 maerore
535 1548 617 1587 vita
648 1547 778 1598 cessit,
823 1546 878 1586 nil
915 1546 990 1586 nisi
1029 1546 1206 1586 animam
1243 1560 1365 1587 avere
1406 1561 1453 1587 ac
1481 1546 1619 1587 valere
1650 1561 1815 1602 possum

312 1605 446 1645 dicere
495 1604 602 1658 piam
653 1609 774 1658 atque
819 1602 1044 1644 candidam.
1119 1602 1363 1642 Maturitatis
1401 1603 1678 1644 testimonium
1719 1617 1817 1644 vere

312 1677 348 1703 a.
381 1661 419 1702 h.
453 1675 483 1702 S.
513 1660 567 1702 85
604 1659 774 1714 adeptus
804 1659 1195 1713 Argentoratensem
1228 1659 1326 1714 petii
1357 1659 1606 1699 academiam
1635 1666 1675 1700 ct
1706 1658 1818 1714 apud

312 1718 503 1772 physicos
534 1731 678 1757 nomen
712 1716 830 1767 dedi3
863 1715 933 1755 sed
964 1729 1037 1755 sex
1070 1715 1274 1756 mensibus
1307 1722 1396 1769 post
1421 1714 1690 1769 Mai-burgum
1721 1730 1817 1770 pro-

313 1775 441 1815 fectus
482 1773 717 1829 impetravi,
766 1780 809 1812 ut
847 1772 951 1812 inter
990 1771 1219 1826 philologos
1260 1772 1446 1813 referi-er.
1516 1771 1688 1812 Peracto
1722 1771 1815 1812 dein

312 1846 419 1871 anno
450 1845 514 1871 me
545 1829 694 1870 contuli
727 1828 974 1878 Berolinum,
1019 1827 1125 1868 unde
1155 1835 1246 1882 post
1279 1828 1336 1867 bis
1367 1843 1484 1868 senos
1517 1842 1674 1869 menses
1707 1827 1816 1868 Mar-

313 1888 489 1942 burgum
531 1900 718 1927 reversus
755 1901 791 1927 a.
824 1885 861 1926 h.
892 1899 922 1926 s.
956 1884 1008 1925 89
1049 1890 1200 1924 aestate
1228 1898 1400 1924 examen
1443 1899 1515 1939 pro
1548 1884 1623 1927 fae.
1653 1880 1744 1927 doc.
1776 1890 1817 1925 et

313 1945 552 1999 insequente
599 1942 732 1983 hieme
771 1942 812 1982 id
853 1940 962 1996 quod
1004 1947 1150 1981 vocant
1196 1941 1423 1994 rigorosum
1465 1955 1663 1995 prospere·
1697 1954 1817 1996 supe·

313 2001 401 2042 ravi
422 2014 572 2040 annum
591 2014 717 2052 agens
740 1997 910 2038 tirocinii
935 1998 974 2037 in
996 1997 1211 2051 gymnasio
1234 1997 1545 2051 Marburgiensi.
1578 1997 1818 2037 Docuerunt

314 2071 380 2098 me
417 2057 492 2097 viri
523 2055 735 2096 clarissimi
773 2055 864 2106 †de
893 2054 1017 2108 Bary,
1060 2054 1308 2107 Bergmann,
1350 2054 1452 2104 Birt,
1485 2052 1648 2104 Caesar,
1687 2052 1815 2104 Diels,

314 2114 500 2168 Dssthcy,
549 2113 662 2163 Iusti,
717 2111 799 2154 Ad.
840 2110 1068 2161 Kirchhoff,
1113 2109 1242 2162 Koch,
1288 2109 1446 2162 Kundt,
1493 2109 1619 2160 Lenz,
1665 2108 1814 2159 Lucae,

314 2171 397 2213 Ad.
427 2169 648 2219 Michaelis,
688 2168 825 2219 Niese,
859 2168 1047 2218 Paulson,
1079 2166 1247 2216 Robert,
1280 2166 1494 2220 Schering,
1527 2166 1584 2208 Io.
1614 2165 1815 2216 Schmidt,

313 2227 362 2270 L.
384 2226 580 2274 Schmidt,
599 2225 676 2268 Ed.
696 2223 936 2272 Schrocder‚
956 2223 1114 2272 Stosch,
1133 2222 1180 2265 L.
1199 2224 1248 2264 dc
1267 2222 1407 2275 Sybel,
1426 2222 1479 2264 H.
1497 2222 1547 2263 de
1563 2221 1815 2272 Treitschke,

314 2283 490 2334 Vahlen,
524 2281 721 2336 Wigand,
767 2281 981 2331 Wissowa,
1022 2279 1171 2322 Zeller.
1232 2279 1391 2320 Horum
1421 2279 1507 2319 sive
1534 2277 1815 2333 privatissimis

315 2339 670 2381 exercitationibus
701 2339 786 2378 sive
822 2337 1047 2377 seminariis
1075 2350 1140 2376 mc
1171 2336 1365 2377 interesse
1394 2335 1577 2375 siverunt
1607 2334 1658 2374 de
1689 2334 1814 2388 Bary,

314 2397 562 2449 Bergmann‚
622 2395 724 2444 Birt,
780 2393 907 2444 Diels,
954 2393 1001 2433 L.
1043 2391 1241 2442 Schmidt,
1287 2391 1454 2442 Robert,
1499 2390 1617 2432 Koch
1664 2389 1814 2441 Lucae,

315 2452 557 2503 Schroeder,
600 2450 759 2501 Stoseh,
804 2449 928 2500 Lenz‚
970 2449 1105 2491 Niese.
1167 2448 1243 2489 His
1274 2448 1460 2489 omnibus
1490 2461 1543 2488 ex
1573 2447 1695 2487 animi
1725 2460 1815 2488 sen-

314 2510 441 2551 tentia
470 2508 621 2562 gratias
643 2522 735 2560 ago.
795 2506 986 2547 Maximis
1014 2512 1150 2546 autem
1181 2519 1246 2545 me
1274 2505 1579 2545 obstrinxerunt
1610 2502 1815 2544 beneficiis

313 2581 406 2607 cum
440 2565 553 2606 Diels
576 2571 615 2606 et
636 2562 867 2606 Schroeder
890 2562 1188 2613 Bet-olinenseS,
1220 2569 1305 2602 tum
1335 2560 1663 2614 Mai-burgienscs
1691 2559 1816 2601 Niese

314 2630 355 2664 et
384 2623 486 2674 Birt,
529 2622 590 2662 cui
624 2635 704 2661 una
743 2635 835 2661 cum
863 2619 1098 2674 parentibus
1130 2619 1233 2658 hanc
1264 2618 1376 2658 licuit
1407 2617 1540 2658 dicare
1570 2616 1817 2658 dissertatio-

315 2695 420 2723 nem.
