1872 3250
342 191 421 233 702
847 191 1062 227 ThBreiter:
1083 203 1127 226 zu
1146 191 1331 227 Manilius.

453 303 512 340 III
529 302 608 339 423
630 301 800 348 quodque
819 301 878 338 his
897 303 1076 347 exuperat
1096 301 1265 346 demptis,
1286 300 1327 338 id
1346 301 1470 338 ducito
1489 301 1534 339 in
1554 312 1694 349 aequas

627 367 691 394 sex
707 358 846 404 partes,
865 358 1079 401 sextamque
1099 355 1249 392 ardenti
1267 355 1374 393 trade
1392 356 1502 394 leoni.

344 424 423 449 wer
439 413 590 448 anstosz
607 423 654 447 an
672 411 804 448 ducere
824 411 865 447 in
887 421 1028 456 aequas
1043 413 1172 457 partes
1187 409 1312 456 nahm,
1334 410 1558 459 corrigierte
1575 411 1645 448 wie
1663 411 1836 461 Scaliger

343 467 422 504 und
444 466 609 514 Bentley
627 466 766 511 didito,
789 464 882 502 oder
903 466 973 501 wie
991 464 1113 502 Jacob
1134 465 1175 502 in
1196 465 1263 502 der
1282 465 1524 514 anmerkung
1544 466 1728 516 diducit03
1748 479 1835 506 wen

345 522 407 559 die
435 521 572 558 elision
601 521 654 557 im
676 516 1030 571 (vermeintlichen)
1053 520 1216 557 creticus
1237 520 1360 558 ducito
1381 522 1523 568 stiirte,
1551 521 1703 559 schrieb
1722 522 1837 562 diduc-

338 578 380 615 id
411 574 607 626 (LMiiller
634 575 680 612 de
709 587 748 611 re
777 577 889 611 metr.
923 587 952 612 s.
975 575 1053 612 225
1083 575 1174 612 ‘non
1204 578 1263 612 est
1292 575 1478 612 credibile
1505 576 1669 615 diducito
1697 577 1836 616 ultima

341 634 518 679 correpta
538 643 560 667 a
582 630 742 667 Manilio
764 642 846 667 esse
867 629 1102 675 adhibitum,
1134 632 1178 667 ut
1204 642 1273 678 pro
1305 642 1349 667 eo
1372 630 1475 678 quod
1496 630 1536 668 in
1557 631 1754 669 codicibus
1774 634 1835 670 est

340 688 380 725 id
407 687 509 725 ducit
537 685 782 722 scribendum
803 684 855 722 sit
882 685 1009 732 potius
1030 685 1142 723 diduc
1159 685 1248 733 id').
1286 697 1368 722 nun
1387 686 1456 723 hat
1474 685 1565 724 aber
1584 685 1619 724 Gr
1636 687 1678 724 id
1699 687 1834 734 ducito,
1869 714 1872 735 3

341 741 501 790 folglich
521 745 678 778 mtissen
699 739 967 789 gewichtigste
987 740 1136 788 grande
1155 739 1412 788 voi-gebracht
1428 741 1595 786 werden,
1615 753 1728 780 wenn
1743 754 1833 780 man
1868 747 1872 774 i

342 797 489 834 andern
519 795 610 833 will.
659 807 771 832 wenn
800 795 881 832 sich
911 795 967 832 zb.
990 795 1051 832 bei
1073 795 1273 833 Juvenalis
1300 795 1438 833 findet:
1467 799 1542 834 esto
1571 796 1691 835 bonus
1716 798 1835 845 miles,

342 855 443 890 tutor
474 851 613 896 bonus,
640 850 782 888 arbiter
807 851 905 888 idem
926 846 987 900 (8,
1012 850 1079 898 79)
1101 850 1192 887 oder
1219 851 1264 888 de
1283 862 1512 898 quocwmque
1532 852 1630 890 voles
1645 863 1834 899 proavum

340 908 410 945 tibi
437 907 574 944 sumito
601 906 696 943 libro
727 902 833 956 (ebd.
858 903 974 954 134),
1005 917 1046 942 so
1077 905 1171 942 wird
1202 917 1291 942 man
1321 905 1382 943 die
1408 906 1545 944 elision
1569 906 1632 944 bei
1653 907 1836 946 Manilius

341 961 450 999 nicht,
477 961 540 998 fur
569 961 804 998 unstatthaft
830 960 961 998 halten
982 960 1134 997 diirfen.
1183 961 1316 999 ducere
1335 962 1377 998 in
1397 972 1538 1008 aequas
1555 973 1620 1000 sex
1630 965 1764 1010 partes
1782 962 1836 1000 ist

342 1030 387 1054 zu
406 1017 533 1053 fassen
550 1017 621 1053 wie
638 1015 676 1052 II
695 1016 772 1053 732
790 1027 938 1053 summa
954 1016 1082 1053 relicta
1097 1017 1141 1053 in
1157 1016 1268 1054 binas
1278 1019 1408 1063 partes
1420 1044 1429 1054 .
1441 1044 1450 1054 .
1467 1017 1615 1055 locetur.
1643 1018 1685 1055 in
1699 1030 1738 1056 v.
1754 1017 1835 1054 425

341 1072 393 1109 ist„
412 1073 566 1109 nomine
584 1073 702 1109 noctis
718 1083 792 1108 nur
815 1071 855 1108 in
882 1070 941 1107 V1
974 1083 1019 1108 zu
1035 1070 1164 1108 finden
1181 1071 1354 1118 (numine
1369 1068 1432 1122 w),
1456 1072 1550 1109 aber
1565 1071 1684 1110 durch
1700 1085 1737 1110 v.
1753 1072 1833 1109 421

341 1126 546 1176 gesichert.
1823 1136 1825 1138 ·

450 1182 510 1219 III
527 1182 606 1219 448
625 1182 815 1229 principio
836 1181 1021 1228 capienda
1041 1182 1109 1218 tibi
1129 1185 1182 1219 est
1199 1193 1380 1219 mensura
1399 1181 1493 1228 diei,

631 1249 745 1284 quam
764 1237 966 1274 minimam
986 1238 1231 1286 capricornus
1250 1239 1349 1285 aqit,
1369 1237 1561 1284 noctisque
1575 1248 1646 1284 per
1662 1237 1776 1276 horas

632 1304 749 1339 quam
768 1303 958 1329 summam
966 1304 982 1337 ,·
1001 1303 1144 1339 quoque
1163 1293 1211 1330 ab
1231 1294 1329 1330 iusto
1347 1293 1584 1339 superaverit
1602 1293 1742 1331 umbra

631 1350 663 1385 et
682 1347 870 1394 trepident
889 1347 998 1392 luces,
1021 1349 1102 1385 eius
1115 1359 1215 1394 pars
1234 1348 1343 1386 tertia
1361 1348 1470 1395 siyno

634 1403 821 1440 tradenda
841 1405 892 1440 est
911 1403 1031 1440 medio
1050 1414 1206 1450 semper.

341 1458 422 1496 450
438 1459 489 1496 ad
503 1459 601 1496 iusto
617 1470 638 1495 o
681 1458 839 1496 umbras
855 1456 887 1494 G
897 1457 1011 1503 LV2,
1028 1458 1141 1496 horas
1157 1456 1185 1495 O
1196 1457 1271 1496 Vl.
1301 1457 1350 1494 da
1365 1457 1503 1496 umbra
1518 1457 1571 1494 im
1583 1455 1758 1507 singular
1771 1457 1835 1495 fiir

343 1525 419 1553 nox
439 1514 547 1551 nicht
567 1513 852 1551 unbedenklich
872 1513 934 1559 ist,
956 1513 1109 1561 schlage
1129 1513 1190 1550 ich
1207 1513 1279 1550 mit
1293 1513 1513 1562 geringster
1528 1513 1729 1562 anderung
1745 1524 1834 1551 vor:

976 1580 1119 1615 quoque
1138 1569 1190 1607 ad
1207 1569 1336 1606 iustas
1353 1569 1587 1615 superaverit
1603 1568 1769 1607 umbras

633 1627 666 1661 et
685 1624 855 1671 trepidet
872 1624 981 1661 luces,

344 1681 395 1718 ad
422 1679 462 1716 in
490 1679 558 1717 der
585 1679 811 1727 bedeutung
840 1679 895 1715 ‘in
924 1678 1136 1726 beziehung
1165 1677 1244 1715 auf’
1273 1677 1326 1715 ist
1354 1677 1415 1714 bei
1441 1678 1547 1715 Man.
1574 1676 1725 1727 htiufig,
1755 1677 1835 1727 vgl.

342 1735 378 1772 V
402 1736 478 1772 136
499 1746 684 1781 suspensa
704 1732 786 1772 ad*
805 1735 991 1780 strepitus.
1024 1746 1069 1770 zu
1089 1734 1244 1780 trepidet
1263 1733 1304 1770 in
1325 1733 1393 1770 der
1413 1733 1637 1782 bedeutung
1657 1733 1835 1770 ‘zurflck-

339 1789 526 1828 weichen'
543 1789 621 1838 vgl.
640 1789 773 1827 Livius
793 1788 826 1824 V
844 1789 908 1836 47,
922 1789 945 1824 4
962 1789 1052 1826 dum
1070 1790 1177 1826 ceteri
1189 1789 1390 1835 trepidant.
1419 1799 1601 1826 mensura
1618 1788 1672 1826 ist
1683 1788 1836 1837 subJect

341 1859 386 1883 zu
413 1845 647 1892 superaverit
675 1844 754 1881 und
783 1845 949 1891 trepidet.
991 1844 1051 1881 die
1082 1843 1199 1880 ktirze
1229 1844 1294 1881 des
1323 1843 1535 1880 ausdrucks
1562 1843 1719 1892 trepidet
1737 1843 1837 1882 buces

341 1918 394 1932 =
424 1901 579 1948 trepidet
606 1901 657 1938 ad
683 1901 806 1937 iustas
834 1900 932 1937 luces
957 1899 1055 1935 liebt
1082 1898 1282 1936 Manilius:
1317 1897 1394 1947 vgl.
1422 1897 1441 1934 I
1472 1898 1548 1935 192
1570 1897 1598 1936 f.
1633 1909 1778 1946 semper
1803 1901 1839 1937 et

345 1957 502 1995 ulterior
519 1955 745 1993 vadentibus
764 1958 869 1992 ortus
889 1955 940 1992 ad
959 1957 1079 1992 ortus
1101 1951 1170 2004 (Gr)
1191 1965 1407 1991 occasumve
1426 1953 1560 1991 obitus.

455 2011 517 2049 III
532 2011 612 2048 495
633 2013 714 2048 tum
735 2022 806 2057 quo
826 2011 1000 2047 subsistet
1018 2020 1202 2046 numerus
1221 2011 1464 2056 consumptus
1485 2009 1529 2047 in
1547 2006 1669 2054 astro,

632 2077 751 2112 quave
771 2067 815 2103 in
827 2068 940 2112 parte
958 2076 1069 2103 suam
1088 2076 1278 2102 summam
1296 2075 1572 2111 numerumque
1588 2064 1791 2112 relinquet,

632 2121 722 2159 haec
742 2122 811 2159 erit
830 2122 1011 2158 exoriens.
1051 2122 1084 2157 et
1099 2131 1176 2167 par
1194 2122 1246 2158 est
1265 2119 1410 2169 forma,
1424 2131 1496 2167 per
1514 2120 1620 2168 iqnes

947 2188 969 2213 20<
1081 2188 1103 2212 *
1213 2188 1235 2212 ηε

636 2233 826 2270 contineat
838 2234 983 2278 partes.
1024 2230 1091 2268 ubi
1107 2242 1298 2268 summam
1317 2229 1450 2276 feceris
1468 2241 1590 2267 unam
1609 2240 1705 2267 usw.

342 2299 384 2325 so
411 2286 552 2333 Jacob,
582 2287 711 2324 indem
740 2299 781 2324 er
809 2287 892 2324 eine
918 2286 1032 2324 lueke
1059 2286 1219 2323 annimt.
1260 2285 1362 2323 Man.
1385 2285 1506 2322 bietet
1524 2295 1604 2323 von
1625 2296 1662 2322 v.
1682 2284 1764 2322 483
1784 2295 1835 2322 an

342 2342 428 2380 eine
457 2341 636 2380 methodo
665 2342 739 2379 den
765 2342 989 2389 horoscopus
1016 2336 1196 2393 (nascens
1214 2336 1378 2391 astrum)
1398 2351 1444 2376 zu
1470 2339 1617 2385 finden,
1650 2339 1835 2376 zunezchst

343 2396 600 2448 (485—497)
628 2397 690 2434 bei
711 2397 960 2446 tagsgeburt,
990 2409 1065 2434 von
1093 2397 1142 2432 da
1169 2396 1228 2433 bis
1249 2395 1328 2433 502
1352 2395 1413 2432 bei
1434 2394 1541 2431 einer
1560 2394 1833 2442 nachtgeburt.

343 2453 486 2501 richtig
505 2453 794 2500 interpungiett
813 2452 935 2490 Jacob
956 2452 996 2488 in
1018 2464 1054 2488 v.
1075 2451 1154 2488 497
1183 2450 1281 2488 nach
1301 2451 1482 2488 exoriens.
1523 2449 1625 2486 denn
1644 2460 1723 2487 was
1743 2448 1834 2486 Sca-

342 2508 442 2558 liger
467 2507 547 2544 und
575 2507 742 2556 Bentley
769 2507 914 2556 geben:
949 2507 1038 2544 haec
1064 2507 1134 2544 erit
1161 2506 1331 2544 exoriens
1358 2508 1391 2543 et
1414 2516 1512 2552 pars
1538 2507 1572 2542 et
1589 2504 1727 2551 forma.
1763 2515 1835 2553 per

342 2565 449 2613 iynes
469 2564 520 2601 ist
540 2575 640 2600 zwar
657 2562 728 2600 hsl.
745 2562 945 2611 geschtitzt
966 2561 1081 2611 (pars
1094 2564 1128 2599 et
1141 2561 1269 2607 forma
1284 2558 1338 2612 ο),
1360 2561 1450 2598 aber
1466 2559 1526 2597 die
1544 2559 1834 2608 wicderholung

343 2631 423 2658 von
444 2630 540 2667 pars
565 2618 663 2656 nach
691 2629 811 2665 quave
841 2619 883 2655 in
897 2620 1009 2664 parte
1028 2617 1080 2654 ist,
1100 2617 1308 2665 anstoszig.
1348 2629 1413 2653 um
1431 2615 1559 2662 forma
1577 2627 1623 2653 zu
1642 2614 1832 2661 erklziren,

434 2716 454 2737 '³‘
478 2717 531 2748 ad
551 2718 713 2757 strepitus
737 2715 818 2755 hat,
845 2716 910 2748 wie
935 2714 995 2746 ich
1019 2724 1091 2747 nun
1123 2717 1197 2746 erst
1221 2713 1313 2753 sebe,
1339 2713 1524 2746 PThomas
1548 2712 1833 2745 ‘lucubrationes

345 2761 582 2793 Manilianae’
609 2759 720 2802 (Gent
745 2760 845 2799 1888)
872 2771 899 2792 s.
924 2761 958 2797 93
992 2759 1124 2791 ebenso
1151 2759 1265 2790 bietet
1288 2757 1448 2790 derselbe
1473 2757 1531 2790 die
1555 2767 1626 2790 von
1649 2757 1716 2788 mir
1739 2756 1833 2788 oben

346 2816 375 2838 s.
395 2807 457 2838 193
474 2804 777 2846 vorgeschlagene
801 2804 1066 2845 interpunction
1090 2813 1222 2835 munere
1245 2805 1419 2835 caelestum
1442 2801 1474 2844 (1
1490 2802 1560 2843 26).
1598 2800 1656 2833 die
1675 2799 1835 2833 abhand-

346 2850 434 2892 lung
458 2860 529 2883 von
554 2849 710 2882 Thomas
734 2850 782 2881 ist
804 2850 871 2881 mir
896 2851 968 2880 erst
993 2847 1156 2880 kiirzlich
1180 2856 1423 2890 zugegangen.
