1936 3392
847 305 871 344 9

138 456 292 514 saeculi
308 487 322 507 ‚
379 457 427 496 ut
478 452 644 515 videtur
665 483 678 502 ,
736 448 841 492 XVI
890 450 997 491 hanc
1045 446 1308 504 appositam:
1373 444 1582 488 mlius

138 538 268 594 poet
278 549 318 576 a.
351 533 379 588 ¹)

190 615 242 662 ,2.
307 609 537 668 Lipsiensis
571 608 835 665 praecedenti
858 606 999 650 codice
1022 603 1331 661 quinquaginta
1352 603 1437 646 fere
1459 601 1581 645 annis

137 691 341 736 recentior
362 692 428 746 2),
451 688 711 732 inscribitur:
747 686 924 730 ARATI
943 702 953 711 ·
973 682 1331 728 PHILOSOPHI
1351 698 1361 708 ·
1380 681 1585 726 ASTRO·

136 769 412 821 NOMICON
430 784 440 795 ·
458 768 632 812 LIBER
649 784 660 794 ·
679 766 896 811 PRIMUS
917 782 926 792 ·
946 763 1170 808 INCIPIT
1185 778 1196 790 ·
1214 761 1582 806 PRELIBATIO.

137 850 288 898 Manus
335 849 488 901 altera,
538 847 694 891 saeculi
742 846 848 890 XVI
861 879 872 898 ‚
924 850 974 889 ut
1022 844 1214 897 videtur,
1258 842 1582 901 superscripsit:

135 928 320 986 MARCI
339 943 349 954 ·
367 927 622 980 MANILIL
647 928 704 983 ³).
732 974 733 977 Ἴ

198 1012 244 1069 3.
309 1008 448 1051 Codex
479 1007 698 1050 Leidensis
731 1006 891 1063 primus
926 1005 1170 1062 (Vossianus
1191 1003 1271 1061 Vl)
1293 1003 1458 1046 saeculo
1476 1002 1582 1046 XIV

136 1072 314 1146 seriptus
331 1119 344 1140 ,
392 1088 472 1134 hoe
521 1101 684 1130 carmen
733 1084 902 1128 exhibet
951 1085 1012 1127 ita
1043 1084 1319 1141 inscripturus
1371 1083 1549 1128 ARATI
1569 1099 1580 1110 ·

139 1166 493 1221 PHILOSOPHI
522 1181 532 1191 ·
563 1163 1030 1211 ASTRONOMICON
1059 1179 1070 1189 ·
1098 1163 1271 1207 LIBER
1294 1179 1304 1190 ·
1327 1163 1545 1207 PRIMUS
1568 1178 1581 1191 ·

139 1246 359 1303 INCIPIT
385 1263 396 1272 ·
418 1245 796 1297 PRELIBATIO;
836 1259 984 1287 manus
1017 1249 1159 1287 autem
1190 1244 1347 1287 saeculi
1379 1243 1485 1287 XVI
1516 1259 1582 1287 su-

138 1327 378 1384 perscripsit
411 1326 574 1378 „Marci
606 1323 804 1368 Manilii”
838 1324 1120 1382 apposuitque
1155 1325 1268 1376 ‚‚Ad.
1298 1323 1413 1368 Caes.
1436 1323 1580 1380 Aug.’'

202 1408 246 1449 4.
310 1405 451 1449 Codex
482 1405 699 1448 Leidensis
732 1404 837 1447 alter
868 1403 1115 1461 (Vossianus
1148 1401 1227 1460 V2)
1260 1403 1358 1459 qui,
1410 1407 1459 1446 ut
1491 1404 1582 1460 ipse

139 1489 340 1536 testatur,
364 1501 472 1528 anno
499 1485 615 1528 1470
640 1484 820 1542 scriptus
837 1483 919 1527 fuit
930 1516 943 1536 ‚
967 1483 1193 1540 inscriptus
1209 1487 1296 1526 est:
1316 1485 1411 1535 „M-
1431 1483 1581 1526 Mallia·

141 1565 220 1619 EQ
230 1565 266 1608 U
267 1565 353 1607 OM
363 1597 375 1618 ,
424 1564 710 1607 astronomia-on,
755 1564 848 1606 divo
895 1572 968 1606 oet.
1023 1563 1183 1620 quirino
1216 1579 1307 1618 auq.
1335 1562 1580 1619 prooemium

140 1643 242 1686 liber
264 1643 423 1699 prbmss’

205 1726 247 1767 5.
311 1722 476 1766 Codicis
523 1723 830 1775 Bruxellensis,
881 1723 981 1765 olim
1032 1722 1209 1775 Cusani,
1260 1722 1416 1766 saeculi
1459 1722 1577 1775 XII,

106 1794 107 1797 ¹
139 1803 352 1860 inscriptio
386 1817 479 1845 cum
512 1802 742 1860 Lipsiensis
775 1802 997 1860 conspirat.

203 1883 244 1923 6.
311 1881 414 1925 Cod.
446 1882 782 1935 Laurentianus,
817 1882 982 1925 saeculo
1017 1882 1098 1925 XV
1119 1883 1321 1940 scriptus,
1346 1883 1580 1939 inscriptio-

138 1975 231 2010 nem
279 1960 426 2007 habet:
476 1962 651 2013 „Marci
683 1962 842 2005 Manlii
871 1966 1009 2016 poetae
1041 1962 1261 2004 clarissimi
1292 1963 1579 2005 astronomiam

139 2039 236 2081 libri
291 2040 328 2082 V
369 2041 426 2082 ad
465 2042 666 2084 Caesarem
706 2040 970 2096 Aufflcstum.”
1034 2041 1086 2084 In
1120 2043 1201 2084 fine
1235 2042 1397 2093 „Marci
1428 2042 1577 2085 Manlii

139 2117 266 2161 Vita”
297 2120 438 2163 addita
469 2125 544 2164 est.

191 2246 210 2279 'l
258 2248 304 2278 De
328 2258 441 2280 rasura
466 2250 633 2280 Bentleius
658 2241 759 2281 nihil:
793 2249 935 2286 „nullutn
961 2252 982 2282 εί
1003 2240 1108 2289 prima
1132 2260 1226 2281 mauu
1252 2250 1400 2289 praefert
1423 2250 1576 2283 titulum:

138 2309 194 2339 sed
218 2318 312 2340 manu
336 2310 467 2342 tandem
493 2312 636 2346 recenti,
663 2313 747 2349 quod
772 2322 810 2343 ex
836 2313 917 2351 ipsis
933 2313 1120 2343 litterarum
1138 2313 1290 2343 ductibus
1307 2312 1434 2343 abunde
1450 2311 1576 2349 liquet,

138 2369 229 2399 tituli
266 2369 353 2412 loeo„
373 2371 547 2411 ascriptum
585 2373 636 2402 est
671 2373 814 2402 Manlius
853 2373 958 2403 Poeta.
1006 2373 1116 2410 Neque
1149 2382 1226 2404 sane
1258 2359 1310 2408 est
1335 2382 1390 2403 cur
1414 2372 1476 2405 hoc
1499 2380 1575 2402 casu

139 2429 245 2467 aliquo
271 2431 311 2462 ab
336 2432 539 2471 exscriptore
561 2434 693 2464 tantum
710 2435 976 2473 praetermissum
994 2436 1179 2466 credamus:
1205 2444 1274 2466 cum
1292 2435 1320 2464 is
1338 2435 1371 2465 in
1388 2434 1574 2469 Prisciano,

139 2491 192 2527 qui
222 2491 253 2521 in
287 2493 396 2523 eodem
423 2495 474 2524 est
497 2494 658 2525 volumine
684 2496 718 2526 et
743 2497 782 2526 ab
809 2497 919 2526 eadem
946 2497 1046 2527 etiam
1070 2506 1184 2532 manu,
1220 2496 1301 2527 adeo
1326 2505 1360 2527 se
1384 2495 1576 2534 praebuerit

138 2551 349 2590 diligentem,
370 2555 440 2585 cett
463 2565 538 2594 pag.
562 2556 590 2586 X
617 2580 623 2586 .
650 2579 657 2587 .
683 2579 691 2587 .
716 2579 724 2587 .
751 2566 789 2588 ex
815 2567 877 2594 quo
903 2558 1103 2594 certissime,
1128 2558 1167 2588 ut
1190 2558 1321 2597 opinor,
1346 2558 1574 2588 concludamus

138 2613 218 2644 licet
241 2615 477 2655 exscriptorum
501 2617 585 2648 hune
610 2618 730 2649 nullum
756 2619 919 2650 invenisse
942 2619 1087 2650 auctoris
1103 2628 1221 2651 nomen
1237 2620 1272 2650 in
1289 2629 1345 2650 suo
1363 2618 1571 2658 exemplari.”

183 2671 209 2705 ’ὃ
257 2675 381 2708 Bentl.:
405 2677 493 2716 Lips.
518 2679 571 2715 qui
598 2679 726 2716 quidem
752 2681 827 2710 huic
851 2681 988 2719 (Gemb.)
1013 2682 1158 2720 proxime
1183 2682 1312 2712 aceedit
1336 2681 1481 2712 aetate?

184 2731 210 2769 ⁸)
256 2731 343 2768 Haec
360 2738 533 2778 inscriptio
550 2740 620 2771 loco
639 2741 771 2779 ereptae
788 2742 986 2780 antiquioris
1003 2743 1128 2782 scripta
1145 2753 1215 2774 esse
1230 2743 1363 2774 videtur
1380 2743 1571 2782 macomus),

139 2796 297 2828 attamen*
313 2799 367 2829 ab*¹
382 2799 493 2830 eadem
523 2810 618 2832 manu
651 2811 732 2839 quae
756 2803 862 2833 totum
889 2804 958 2834 cod.
983 2805 1161 2843 descripsit
1174 2804 1360 2843 (Bechert),
1378 2812 1570 2842 (mamquam

140 2857 266 2892 „simile
297 2859 420 2897 aliquid
453 2872 472 2892 a
500 2863 663 2902 principio
693 2864 739 2893 ibi
769 2865 927 2903 seriptum
957 2865 1058 2896 fuisse
1090 2867 1166 2896 inde
1191 2867 1376 2903 colligitur,
1402 2867 1486 2903 quod
1510 2866 1569 2896 snb

141 2917 420 2953 „astronomicou”
447 2931 525 2953 voce
549 2933 587 2954 ex
613 2925 766 2961 vestigiis
791 2926 855 2955 etsi
880 2926 973 2957 valde
998 2927 1152 2957 tenuibus
1176 2927 1259 2958 idern
1285 2927 1475 2958 vocabulum
1500 2927 1567 2958 erui

138 2978 282 3018 potest'‘.
307 2980 456 3014 Bechert.
