1930 3320
777 331 1011 373 —65—·

321 453 396 489 Has
416 451 574 500 quidam
592 449 691 486 vires
713 452 847 487 octava
867 449 906 485 in
926 451 1035 497 parte
1055 452 1274 497 reponunt;

321 507 417 544 Sunt
438 504 576 552 quibus
599 514 682 540 esse
702 504 828 550 placet
850 503 1044 548 decimas3
1067 513 1137 539 nec
1156 502 1276 539 defuit
1293 504 1429 540 auctor

321 558 394 602 Qui
413 558 548 606 primae
567 559 766 593 momenta
787 557 895 593 daret
912 556 1119 604 frenosque
1140 556 1291 592 dierum
1312 558 1339 592 ¹.

184 677 284 718 Mihi
309 681 448 717 autem
477 677 656 725 videtur,
684 676 718 716 si
744 679 863 716 tanta
891 679 1062 728 tamque
1083 676 1170 715 acri
1195 675 1277 715 fide
1301 674 1541 727 astrologiae
1568 688 1634 717 re-

129 746 251 797 perta
276 742 468 782 Manilius
493 745 740 794 prosecutus
767 745 888 791 esset,
907 754 991 781 non
1011 741 1056 780 in
1076 740 1200 780 rebus
1222 740 1330 780 tanti
1352 740 1550 793 ponderis
1569 740 1634 781 in-

130 811 292 849 certum
324 820 421 848 eum
459 807 717 859 dubiumque
750 819 1045 846 remansurum
1076 805 1217 857 fuisse,
1256 817 1391 857 neque
1423 806 1635 846 contraria

129 873 223 927 pari
246 872 384 913 studio
411 871 678 924 explicuisse,
706 871 777 911 scd
800 875 948 912 contra
974 870 1164 911 alterutri
1192 870 1304 923 parti
1329 869 1494 910 favisse.
1531 870 1634 910 Cum

130 942 272 979 autem
305 937 464 978 nullam
497 936 690 977 haeresim
721 936 961 989 arripuerit,
993 949 1128 989 neque
1158 935 1389 988 quidquam
1422 935 1632 985 maluerit,

130 1003 202 1044 sed
228 1004 371 1044 omnia
395 1003 554 1056 pariter
580 1015 674 1055 quae
702 1014 847 1042 omnes
877 1001 960 1041 sint
989 1001 1179 1054 professi,
1203 1012 1349 1052 aequus
1380 1013 1633 1053 securusque

129 1069 384 1122 exposuerit,
408 1081 494 1108 non
515 1067 618 1107 mihi
645 1066 851 1107 credentis
879 1070 920 1106 et
946 1065 1237 1119 persuadentis
1262 1066 1372 1106 vices
1399 1078 1538 1118 agere,
1561 1065 1634 1105 sed

128 1134 261 1174 critici
277 1137 318 1174 et
339 1132 525 1173 historici
545 1132 721 1182 videtur,
747 1132 818 1184 qui
852 1144 937 1171 non
967 1144 1076 1181 suas,
1101 1131 1174 1170 sed
1197 1130 1375 1170 aliorum
1403 1131 1631 1182 doctrinas,

128 1199 289 1239 nullam
317 1198 589 1251 amplectens,
613 1197 775 1237 nullam
802 1209 1003 1249 respuens
1030 1196 1208 1236 evolvat.
1239 1197 1324 1236 Nisi
1351 1196 1444 1250 quis
1471 1200 1512 1236 et
1535 1196 1636 1237 rhe-

127 1264 231 1305 toris
257 1263 424 1312 dixerit,
455 1263 526 1316 qui
552 1262 658 1302 nihil
685 1262 879 1302 omittere
906 1262 1020 1311 velit,
1051 1261 1164 1315 quod
1192 1266 1383 1302 auctores
1409 1261 1632 1310 tradidere,

128 1329 239 1370 unde
261 1328 413 1382 aliquis
434 1327 610 1369 carmini
630 1332 804 1368 ornatus
828 1327 926 1367 addi
947 1327 1091 1380 possit.

181 1395 272 1434 Non
292 1393 422 1446 igitur
441 1394 630 1446 profecto
651 1393 845 1433 Manilius
873 1391 1068 1442 religioso
1102 1391 1286 1445 quodam
1314 1392 1475 1432 fervore
1499 1395 1636 1432 astro-

128 1458 317 1499 nomiam
349 1461 392 1498 et
420 1458 507 1511 ipse
539 1457 716 1498 coluisse
752 1462 794 1497 et
825 1460 1000 1497 conatus
1035 1455 1162 1497 fuisse
1198 1461 1244 1496 ut
1276 1457 1402 1497 ceteri
1433 1457 1632 1506 colerent,

128 1523 340 1577 putandus
357 1526 433 1566 est.

851 1715 907 1754 111

179 1824 234 1864 At
253 1822 434 1876 cuipiam
456 1822 633 1862 fortasse
649 1834 735 1861 non
755 1819 991 1874 apparebit,
1008 1831 1097 1868 cur,
1114 1818 1214 1872 quia
1227 1831 1312 1859 non
1334 1818 1518 1859 ardentis
1538 1819 1634 1860 fidei

128 1887 307 1929 stimulis
327 1887 548 1927 instinctus
567 1886 659 1935 fuit,
675 1885 896 1926 materiam
919 1885 1028 1925 hanc
1052 1884 1249 1925 carminis
1269 1883 1348 1924 sibi
1368 1884 1635 1938 proposuerit

119 1953 334 1993 ‘lubricam
355 1965 454 1992 sane
474 1964 522 1992 ac
539 1951 767 2000 difficilem,
791 1963 882 2001 nec,
902 1954 949 1990 ut
966 1949 1146 1998 videtur,
1170 1949 1343 2003 poeticis
1363 1949 1633 1990 facultatibus

130 2017 511 2058 accommodatam.

183 2082 303 2130 Quod
328 2082 448 2122 nobis
480 2081 749 2121 enodandum
779 2093 866 2124 non
896 2081 1073 2120 multum
1099 2080 1257 2132 negotii
1284 2080 1503 2134 praebehit.
1527 2082 1633 2120 Nam

130 2160 270 2188 rerum
296 2147 461 2187 novitas
486 2144 676 2186 nostrum
701 2146 789 2186 sine
817 2144 944 2185 dubio
974 2145 1132 2195 allexit,
1152 2149 1198 2185 ut
1223 2145 1533 2198 suscipiendum
1554 2145 1634 2186 hoc

128 2225 234 2265 opus
268 2212 453 2263 eligeret.
493 2212 620 2264 Cujus
657 2210 874 2251 sententiae
911 2210 1079 2250 veritati
1122 2210 1362 2250 testimonio
1399 2213 1481 2259 est,
1520 2209 1634 2263 quod

127 2290 240 2331 saepe
270 2277 315 2316 in
345 2277 530 2317 carmine
565 2281 690 2329 poeta
713 2277 867 2328 jactat,
908 2288 1019 2315 nova
1053 2288 1095 2315 se
1133 2280 1174 2315 et
1211 2275 1401 2316 inaudita
1441 2287 1591 2316 canere
1612 2287 1634 2316 x:

127 2355 262 2396 neque
279 2341 392 2383 enim
414 2342 645 2395 quidquam
668 2341 711 2380 in
728 2341 949 2381 scribendo
971 2341 1086 2393 prius
1107 2341 1330 2395 profitetur
1349 2354 1357 2382 ε

320 2467 497 2504 Carmine
519 2466 663 2503 divinas
685 2468 786 2502 artes
805 2468 843 2501 et
864 2466 1015 2501 conscia
1035 2465 1106 2501 fati

317 2521 464 2566 Sidera,
487 2520 656 2556 diversos
669 2520 874 2555 hominum
894 2518 1084 2555 variantia
1107 2529 1229 2556 casuS.

319 2573 500 2621 (Caelestis
519 2573 679 2610 rationis
700 2572 828 2620 opus),
851 2572 1037 2609 deducere
1059 2572 1203 2608 mundo

318 2626 547 2674 Aggredior,
564 2629 782 2673 primusque
807 2627 907 2662 novis
926 2626 1107 2662 Helicona
1127 2636 1282 2662 movere

319 2679 498 2716 Cantibus
518 2681 556 2715 et
576 2679 686 2715 viridi
705 2681 884 2715 nutantes
904 2679 1042 2715 vertice
1063 2679 1192 2725 silvas,

320 2733 475 2779 Hospita
494 2743 601 2770 sacra
621 2732 762 2778 ferens,
783 2733 877 2769 nulli
896 2736 1094 2769 memorata
1107 2735 1277 2779 priorum
1303 2731 1331 2767 ².

175 2865 205 2896 1.
227 2863 378 2902 Astron„
401 2864 460 2906 111,
481 2865 554 2897 680.

173 2913 203 2944 2.
222 2910 324 2948 Ibid„
346 2910 374 2953 1,
395 2913 456 2944 1-6.

229 2970 380 3008 Lmson.
1422 2969 1442 3004 5
