1942 3308
787 261 1070 307 „69-

162 389 292 425 fructus
316 390 480 435 consequi
506 390 598 432 licet,
626 390 717 435 quod
756 391 799 425 ad
826 402 902 426 eam
930 392 1168 436 quaestionem
1194 391 1461 436 persolvendam
1487 395 1606 436 aptum
1633 392 1691 437 sit,

163 453 276 482 utrum
305 450 476 484 Asiaticus
502 462 546 483 an
573 452 656 483 Afer
681 452 782 484 suerit
807 452 1063 484 astronomicon
1092 454 1206 493 poeta.

300 508 425 550 Neque
450 509 559 552 magis
594 519 684 551 quae
717 509 759 542 de
786 509 870 542 Asia
903 513 938 541 et
964 508 1081 540 Africa
1107 508 1170 540 ille
1202 509 1302 551 dixit,
1330 509 1402 542 ullo
1428 509 1583 551 pondere
1607 513 1691 552 puto

122 562 127 565 ’
162 575 246 598 esse.
285 565 352 599 Sed
373 570 409 598 ut
430 567 631 598 Africanum
651 571 791 609 poetam
820 568 925 599 fuisse
951 566 1132 606 concedas,
1167 567 1340 609 quomodo
1367 577 1485 599 amor
1510 566 1693 609 patriae

161 622 219 663 (ef.
246 623 417 655 Lausonis
445 623 524 656 diss.
550 635 582 666 p.
599 625 680 664 9!!)‚
708 635 751 656 ne
778 635 870 663 vera,
898 634 987 666 quae
1010 625 1058 656 IV
1075 625 1143 657 662
1165 635 1216 666 sq.
1239 624 1368 666 scripta
1389 625 1557 665 videmus,
1583 624 1625 657 de
1651 635 1693 657 ea

163 679 305 720 diceret,
325 680 494 724 impedire
509 682 671 724 potuerit,
689 682 747 713 vix
765 682 897 714 valebis
914 681 1128 724 intellegere,
1147 682 1347 723 praesertim
1368 682 1395 714 si
1414 692 1435 712 a
1452 682 1600 714 Manilio
1615 682 1692 724 ipso

163 737 309 770 Romam
335 738 415 770 duci
437 739 585 782 patriam
602 739 717 772 animo
736 739 928 782 reputaris:
949 741 1062 782 gentis
1079 740 1258 772 Romanae
1278 740 1440 771 nimirum
1459 739 1692 772 admiratione

163 794 266 828 valde
284 800 405 839 captus
425 801 476 829 est
494 800 528 829 et
544 796 711 829 maiorem
729 797 888 840 spiritum
910 796 1046 829 videtur
1062 807 1208 838 sumere,
1227 797 1512 838 quotiescumque
1533 797 1576 828 de
1595 797 1692 829 forti-

162 853 228 886 bus
245 852 340 895 viris,
365 853 425 896 qui
444 853 543 886 illinc
567 853 736 896 prodiere,
762 865 950 897 eorumque
967 854 1181 887 facinoribus
1201 864 1320 886 versus
1338 854 1473 896 pangit.
1501 855 1602 887 Certe
1621 865 1691 887 non

164 910 274 952 magis
300 921 376 943 cum
404 911 448 943 de
478 913 557 944 Asia
583 923 686 954 quam
721 922 795 944 cum
822 912 864 944 de
890 913 993 944 rebus
1018 923 1038 943 a
1063 911 1228 943 Romanis
1252 912 1357 954 gestis
1383 912 1547 953 loquitur,
1582 912 1692 944 oratio

164 968 276 1000 fervet
291 969 476 1011 verbisque
491 969 682 1011 grandibus
697 971 846 1010 erumpit
862 969 1056 1001 admiratio.
1085 968 1262 1002 Gloriatur
1278 979 1401 1011 paene,
1420 969 1532 1007 credo,
1549 968 1692 1001 nomine

164 1025 320 1058 Romano
356 1030 390 1058 et
422 1030 596 1068 tamquam
623 1037 664 1059 ac
695 1027 726 1059 si
750 1027 836 1059 civis
872 1028 1048 1059 Romanus
1073 1027 1129 1067 sit,
1162 1036 1198 1059 se
1224 1028 1314 1069 gerit
1346 1037 1420 1059 cum
1456 1027 1541 1059 dicit
1565 1027 1614 1058 1v
1649 1028 1691 1059 41

165 1082 352 1124 Speratum
379 1083 618 1117 Hannibalem
646 1085 772 1117 nostris
798 1084 970 1116 cecedisse
997 1084 1131 1116 catenis
1158 1085 1295 1126 (quoin
1315 1095 1415 1116 versu
1441 1088 1692 1126 spectatum

124 1184 127 1185 ⁷
165 1139 253 1172 nihil
281 1140 349 1173 nisi
375 1141 469 1173 mala
494 1142 697 1174 coniectura
723 1142 858 1174 videtur
882 1152 967 1182 esse,
996 1142 1037 1175 cs.
1058 1141 1215 1175 Stoeberi
1241 1143 1382 1182 notam),
1410 1142 1527 1175 11888
1553 1152 1692 1174 censum

163 1198 214 1231 sic
245 1198 406 1241 proxima
432 1198 560 1232 Graiae
586 1200 711 1232 Nostra
744 1200 841 1232 subit
875 1200 1029 1243 linguae,
1063 1201 1117 1232 111
1143 1201 1188 1231 40
1212 1210 1262 1242 sq.
1289 1204 1323 1232 et
1347 1200 1447 1243 signa
1473 1203 1618 1232 externa
1642 1210 1694 1232 re-

165 1257 318 1289 serentur
343 1257 490 1289 nomina
515 1257 638 1299 lingua
663 1261 743 1297 etc.,
770 1258 818 1289 IV
840 1259 904 1290 776
932 1258 1021 1289 hano
1042 1256 1198 1290 condidit
1225 1258 1342 1289 urbem
1370 1257 1441 1297 (sed
1467 1257 1509 1288 de
1527 1257 1593 1289 hoc
1618 1258 1693 1290 loco

165 1314 286 1346 variae
321 1318 401 1346 sunt
437 1315 666 1357 interpretum
702 1315 910 1354 sententiae,
946 1315 1029 1356 quia
1062 1314 1172 1347 dubia
1205 1319 1256 1347 est
1289 1325 1370 1347 vera
1403 1314 1539 1357 lectio);
1573 1315 1694 1348 omitto

165 1381 197 1404 v.
225 1372 239 1404 1
275 1373 353 1414 790,
389 1373 474 1415 quia
507 1372 630 1405 salsam
664 1382 739 1404 esse
772 1377 853 1415 puto
890 1372 1040 1404 Bentleii
1075 1372 1306 1405 coniecturam
1340 1372 1545 1404 nefandi.
1601 1372 1694 1412 Quin

166 1428 271 1461 etiam
292 1429 528 1486 ngkelius
554 1430 575 1462 Ι.
602 1429 624 1461 l.
651 1440 694 1461 ex
720 1430 768 1462 lv
796 1433 837 1462 41
866 1434 900 1462 et
926 1431 1003 1470 776,
1030 1430 1201 1472 siquidem
1229 1440 1299 1463 non
1318 1431 1426 1471 spurii
1452 1431 1532 1470 sint,
1559 1429 1695 1462 elucere

166 1486 251 1527 vult,
279 1487 533 1520 astronomicon
569 1492 747 1520 auctorem
777 1488 968 1520 Romanum
1003 1488 1108 1520 fuisse
1143 1498 1184 1519 ac
1210 1488 1340 1520 Romae
1368 1487 1556 1530 scripsisse,
1589 1491 1695 1530 atque

167 1544 270 1577 etiam
298 1545 448 1587 Woltjer
472 1545 552 1578 illos
578 1556 695 1578 versus
721 1546 839 1578 testari
867 1546 952 1578 dicit
976 1551 1114 1589 poetam
1144 1546 1338 1578 Romanum
1365 1550 1426 1577 aut
1451 1550 1542 1577 certe
1567 1545 1695 1577 Italum

166 1603 272 1635 fuisse
297 1604 344 1644 (p.
371 1605 442 1639 26).
491 1603 591 1643 Quod
618 1614 694 1636 cum
729 1604 780 1636 ita
803 1614 841 1636 se
866 1604 956 1636 serat
983 1603 1162 1644 Manilius,
1198 1604 1270 1643 illa,
1307 1613 1396 1646 quae
1428 1603 1471 1635 de
1506 1603 1622 1635 Africa
1655 1602 1695 1634 in

167 1660 409 1693 astronomicis
439 1663 587 1700 exstant,
622 1661 747 1701 eidem,
782 1661 915 1694 etiamsi
950 1662 1034 1694 Afer
1069 1661 1190 1694 fuisset
1222 1671 1363 1704 genere,
1399 1661 1550 1694 scribere
1583 1661 1696 1694 licuit.

306 1718 445 1751 Etenim
478 1719 544 1752 hoc
577 1724 652 1752 erat
685 1718 779 1762 vulgi
812 1719 855 1750 de
890 1718 1009 1751 Africa
1041 1718 1182 1760 dictum,
1214 1722 1318 1761 atque
1352 1719 1505 1752 omnium
1532 1719 1603 1750 sere
1628 1719 1696 1751 Ro·

167 1785 347 1808 manorum
378 1777 583 1820 scriptorum
619 1777 662 1809 de
702 1777 766 1809 illa.
799 1781 890 1809 terra
926 1776 1047 1808 eadem
1082 1780 1135 1809 est
1170 1787 1246 1808 vox.
1283 1777 1421 1817 Cuncti,
1464 1777 1697 1819 quotiescum-

169 1843 239 1876 que
263 1833 307 1866 de
340 1843 383 1866 ea
406 1838 560 1876 narrant,
595 1834 737 1868 horrore
774 1835 926 1877 quodam
953 1835 1209 1877 percutiuntur,
1244 1834 1409 1867 terribilis
1444 1834 1494 1866 eis
1520 1838 1571 1867 est
1600 1845 1697 1867 mon-

167 1895 312 1924 strorum
339 1901 466 1935 parens
493 1897 602 1934 atque
627 1892 770 1925 horrida
795 1892 1004 1934 desertaque
1036 1893 1134 1935 regio
1167 1903 1232 1925 nec
1264 1904 1332 1926 non
1359 1892 1552 1935 inhospita,
1587 1893 1696 1924 abun-

169 1947 255 1982 dans
280 1949 456 1992 anguibus
481 1953 516 1981 et
547 1949 662 1982 arenis
687 1953 722 1981 et
746 1949 908 1992 procellis
940 1951 1147 1983 furibundis.
1197 1951 1262 1982 Vel
1289 1951 1324 1982 in
1352 1951 1570 1993 proverbium
1597 1950 1698 1982 tracti

169 2010 270 2039 erant
303 2016 434 2049 angues
467 2006 584 2038 Mauri
618 2010 652 2039 et
684 2007 781 2039 venti
814 2007 964 2040 Africae.
1017 2008 1069 2042 Cf.
1100 2009 1143 2040 de
1168 2008 1306 2042 Africa:
1344 2009 1441 2040 Varr.
1476 2011 1539 2040 sat.
1564 2007 1697 2050 Menip.

169 2066 255 2106 225;
276 2065 386 2098 Varro
403 2065 444 2096 L.
462 2064 504 2097 L.
523 2064 588 2096 vn
608 2065 652 2096 40
669 2063 832 2107 (Africae,
858 2066 932 2098 scil.
950 2066 1083 2099 bestiae
1095 2068 1134 2107 !);
1162 2066 1248 2100 Sall.
1273 2067 1348 2110 Iug.
1370 2067 1427 2106 173
1456 2066 1540 2099 Hor.
1566 2077 1595 2098 c.
1620 2066 1635 2097 Ι
1666 2067 1695 2106 1,

171 2124 234 2164 153
267 2123 300 2164 δ,
327 2124 388 2162 12;
425 2123 478 2164 14,
512 2123 544 2154 5.
578 2122 631 2153 111
657 2123 711 2162 23,
739 2123 780 2162 ὃς
811 2125 869 2164 29,
903 2123 966 2163 57;
1002 2124 1102 2167 Prop.
1129 2125 1158 2156 V
1185 2125 1218 2166 3,
1240 2124 1303 2163 473
1335 2125 1434 2167 Verg.
1462 2124 1582 2167 Gg.11
1612 2125 1695 2164 1053

169 2183 256 2214 Aen.
289 2181 305 2213 Ι
337 2181 407 2213 384
431 2180 479 2212 IV
505 2182 570 2220 403
607 2180 670 2213 Ov.
708 2180 791 2215 Met.
825 2181 859 2212 11
893 2182 971 2214 239.
1004 2182 1087 2214 XIV
1114 2183 1168 2214 83.
1202 2182 1251 2214 IV
1279 2184 1310 2224 6,
1339 2182 1388 2214 17·
1405 2193 1474 2224 sq.;
1511 2182 1698 2223 multisque

170 2238 250 2271 aliis
280 2238 379 2281 locis,
417 2248 502 2280 quos
538 2247 741 2271 enumerare
777 2238 922 2282 longum
957 2243 1018 2279 est,
1058 2239 1188 2272 similia
1221 2240 1390 2273 invenies.
1439 2242 1485 2272 At
1522 2250 1602 2272 vero
1636 2249 1698 2282 pro

169 2296 367 2330 aurifodina
392 2298 568 2338 tamquam
603 2298 638 2327 et-
662 2296 846 2328 aurificina
871 2297 1050 2339 plerisque
1084 2297 1150 2330 fuit
1176 2297 1280 2330 Asiae
1305 2297 1457 2330 florentis
1483 2301 1577 2330 terra
1601 2297 1700 2340 (Met.

170 2354 257 2387 xm
283 2355 374 2395 484),
401 2353 461 2386 ubi
487 2352 715 2386 Troianorum
743 2355 826 2387 olim
852 2355 1096 2398 potentissima
1121 2365 1232 2398 regna
1256 2356 1458 2395 floruerant,
1487 2355 1547 2387 ubi
1577 2365 1698 2397 regna-

170 2415 270 2446 verat
288 2412 434 2445 Croesus
464 2411 642 2444 hominum
666 2411 856 2445 ditissimus
881 2413 1049 2453 omnium,
1078 2412 1135 2445 ubi
1167 2412 1307 2444 auriferi
1329 2413 1453 2445 Persae
1473 2412 1697 2458 (χρυσοφόροι

169 2470 296 2514 lurido:
323 2470 365 2502 ef.
390 2469 561 2503 Simonid.
580 2469 642 2502 Cei
668 2479 772 2504 carm.
797 2470 858 2503 rel.
884 2471 937 2504 ed.
963 2471 1002 2503 F.
1031 2471 1071 2505 G.
1097 2471 1337 2505 Schneidewin
1365 2471 1582 2514 Brunsvigae
1609 2471 1698 2503 1835

169 2538 204 2572 p.
233 2529 308 2568 145)
342 2526 442 2561 sedes
466 2527 655 2568 habebant,
690 2527 749 2560 ubi
785 2528 924 2572 Caystri
960 2533 1061 2561 erant
1098 2532 1203 2572 prata
1235 2529 1450 2561 fertilissima
1484 2530 1598 2572 (Verg.
1633 2529 1697 2571 Gg.

169 2586 188 2618 I
215 2587 294 2620 383.
318 2585 423 2618 Hom.
448 2585 489 2617 Il.
514 2585 549 2617 11
582 2586 648 2618 461
670 2585 785 2623 ’'Amog
811 2585 947 2630 λειμών,
974 2588 1048 2620 Arr.
1077 2587 1103 2618 V
1131 2588 1162 2628 6,
1195 2588 1216 2619 4
1241 2585 1426 2631 Καΰστρου
1453 2586 1601 2628 πεδίον),
1640 2587 1697 2619 ubi

171 2643 322 2687 denique
366 2643 513 2675 flumina
561 2647 596 2676 et
641 2647 740 2676 erant
785 2649 819 2676 et
856 2644 1148 2686 praedicabantur
1188 2644 1338 2676 auriflua
1385 2645 1492 2685 (Man.
1530 2645 1579 2676 IV
1618 2645 1697 2676 672.

171 2701 293 2745 Eurip.
333 2695 462 2736 mech.
501 2703 543 2733 16
575 2705 608 2734 et
649 2700 719 2742 16),
754 2702 845 2734 unde
885 2706 920 2734 et
948 2702 988 2736 ,in
1014 2701 1238 2743 proverbium
1279 2706 1428 2734 cesserat
1464 2701 1601 2744 Lydius
1637 2701 1699 2734 ille

169 2760 301 2792 aurifer
331 2758 446 2791 amnis
479 2759 651 2802 Pactolus,
677 2763 712 2791 ut
750 2759 806 2792 vel
836 2759 1090 2803 Chrysorrhoas
1123 2759 1266 2791 audiret
1290 2763 1397 2800 atque
1430 2760 1595 2791 Horatius
1620 2770 1697 2802 pro-

170 2817 362 2850 verbialem
389 2817 507 2849 ederet
538 2827 692 2850 versum:
728 2816 927 2860 Tibique
953 2817 1168 2850 Pactolus
1195 2817 1332 2858 fluat,
1359 2818 1403 2851 cs.
1430 2818 1531 2859 Prop.
1561 2818 1698 2850 Monob.

173 2876 226 2918 14,
254 2876 296 2907 11
322 2873 472 2916 [Herod.
492 2874 522 2906 V
544 2874 619 2907 101.
646 2873 762 2908 Schol.
789 2873 894 2906 Arist.
914 2875 1007 2906 Plut.
1034 2875 1111 2907 287.
1137 2875 1241 2916 Verg.
1260 2875 1345 2906 Aen.
1370 2875 1402 2906 X
1433 2875 1513 2914 1423
1541 2875 1619 2907 Tib.
1644 2875 1696 2907 111

172 2934 204 2975 3,
231 2934 290 2973 293
319 2931 412 2965 Plin.
439 2933 469 2964 V
498 2933 584 2973 1103
618 2932 728 2966 Solia.
754 2932 819 2965 XL
846 2933 910 2973 113
942 2932 1082 2976 Hygini
1107 2933 1177 2965 sab.
1205 2933 1266 2964 191
1297 2935 1330 2964 et
1356 2934 1440 2971 1923
1475 2933 1559 2965 Hor.
1586 2933 1697 2976 Epod.
