1936 3392
406 383 459 422 58

404 497 613 552 cruentus]
657 499 854 551 cruentis,
896 511 1100 552 supersor.
1138 511 1205 552 pr.
1241 512 1296 539 m.
1334 499 1400 540 vel
1431 502 1499 541 tus
1535 525 1589 529 —
1634 501 1729 542 461.
1766 500 1859 555 hac]

405 569 506 609 haec
555 593 608 597 —
659 569 755 608 462.
793 567 927 621 Atrei]
971 568 1048 608 atri
1089 593 1140 597 —
1178 568 1378 622 sepulcra]
1419 569 1624 623 sepulchri
1666 595 1720 600 -
1763 571 1859 612 463.

403 637 747 692 Ructantemque]
779 637 1104 691 Luctantemque
1137 662 1189 667 —
1222 638 1354 692 natos]
1385 642 1481 679 nato
1519 663 1573 668 -—
1611 639 1706 680 466.
1727 638 1861 689 Quae-

404 711 494 748 rent
536 707 718 761 Medeae]
763 707 968 756 Quaerere
1011 711 1112 748 tune
1155 707 1228 748 dee
1271 732 1325 737 —
1370 709 1465 748 467.
1501 708 1617 749 illinc
1657 708 1859 764 flammas]

402 777 588 818 flammas
625 777 741 818 illinc
784 802 837 806 —-
881 777 976 818 468.
1015 777 1230 831 natosque]
1265 781 1487 832 nectosque
1524 803 1578 807 —
1616 763 1712 820 469.
1743 778 1862 834 alias]

403 847 508 888 aliae
540 872 593 876 —
626 848 722 888 470.
743 846 944 901 Cepheus]
976 850 1116 901 gestus
1147 871 1202 876 —
1232 848 1277 888 in
1308 847 1438 902 actus]
1470 849 1516 889 in
1546 849 1646 890 actis
1677 873 1731 878 —-
1763 849 1859 890 473.

402 916 586 971 iuvenes]
613 918 776 958 iuvenis
808 943 861 946 ——
894 917 989 957 476.
1015 916 1185 958 Doctior
1214 917 1318 958 urbe
1348 917 1437 972 sua]
1468 917 1624 959 Doctor
1657 917 1756 960 urbe
1785 931 1862 960 sua

404 1012 456 1016 ——
496 987 591 1027 477.
629 986 751 1041 vitae]
791 988 876 1027 vita
919 1012 972 1015 —
1017 986 1265 1041 chartisque]
1304 999 1506 1042 carusque
1549 1012 1603 1017 ——-
1648 988 1743 1029 479.
1779 987 1860 1030 Η18

403 1057 548 1097 dexter
595 1059 732 1097 tamen
781 1061 893 1097 actor
941 1056 1037 1110 erit]
1087 1056 1301 1098 Hesternis
1349 1060 1486 1098 tamen
1528 1059 1642 1099 actus
1684 1058 1763 1099 erit
1803 1082 1858 1088 —

402 1127 497 1167 480.
531 1126 666 1180 tacito]
699 1130 830 1179 tanto,
860 1140 1066 1181 supersor.
1092 1141 1160 1181 pr.
1191 1141 1245 1168 m.
1277 1127 1343 1168 vel
1373 1131 1464 1168 tum
1495 1151 1548 1156 —
1580 1128 1677 1171 481.
1709 1127 1859 1183 omnis]

403 1198 491 1237 01ῖ18
535 1222 587 1225 -
632 1197 727 1238 483.
765 1209 937 1251 magnos
978 1196 1138 1251 heroas]
1176 1210 1350 1251 magnus
1386 1197 1534 1238 heruas
1577 1222 1631 1227 -—
1675 1198 1859 1252 civisque
1919 1215 1922 1217 ’

401 1266 574 1320 togatos]
601 1267 816 1320 scenisque
841 1270 1002 1320 togatus
1034 1291 1088 1295 —
1120 1267 1215 1307 484.
1243 1266 1404 1321 01111118]
1431 1266 1530 1308 Ο1ῖ18
1555 1292 1611 1297 ——
1635 1279 1710 1322 per
1731 1279 1860 1309 mem-

401 1335 490 1390 bra]
527 1349 600 1390 per
633 1336 804 1377 menbra
846 1361 899 1365 ——
945 1337 1040 1377 486.
1072 1336 1352 1391 Praesentem]
1383 1336 1622 1379 Presentem
1665 1361 1719 1367 —
1762 1338 1858 1379 488.

400 1405 606 1460 Rorantis]
637 1405 845 1447 Portantis
883 1432 935 1435 —
976 1419 1099 1460 quem
1137 1406 1270 1461 terris]
1309 1419 1414 1461 quae
1443 1407 1563 1448 terris
1600 1431 1655 1436 —
1693 1408 1788 1449 489.
1820 1411 1861 1449 et

401 1476 593 1530 extentis]
631 1479 672 1516 et
708 1477 889 1517 externis
927 1502 979 1506 —
1013 1477 1114 1518 Post
1145 1490 1225 1518 voc.
1258 1477 1528 1518 circumvolat
1555 1490 1647 1518 una
1678 1477 1774 1529 litt„
1810 1478 1861 1518 ut

399 1546 582 1598 videtur,
627 1560 748 1587 erasa
783 1549 843 1587 est
880 1546 988 1599 (fort.
1025 1547 1234 1600 scriptum
1269 1547 1414 1600 fuerat
1449 1547 1718 1588 circumvolat
1752 1547 1858 1600 talis)

401 1640 454 1644 —-
487 1617 582 1656 490.
615 1615 712 1669 ales]
745 1616 819 1656 alis
857 1641 911 1645 —
949 1617 1044 1656 491.
1075 1616 1250 1670 Aquari]
1283 1617 1447 1670 aquaris
1485 1641 1538 1646 —-—
1577 1617 1673 1658 493.
1704 1616 1858 1671 partas]

399 1689 535 1739 partes
568 1711 621 1714 —
653 1685 775 1726 caede
805 1700 854 1726 ea:
883 1699 985 1726 corr.
1018 1686 1083 1739 (ed
1112 1686 1289 1739 refinxit
1311 1700 1380 1740 pr.
1412 1687 1481 1739 m.)
1515 1711 1567 1715 —
1599 1687 1695 1728 494.
1728 1685 1858 1735 Quas-

401 1755 496 1809 que]
511 1754 697 1809 Cumque
713 1755 849 1809 (Cfiq3)
871 1781 925 1784 —
950 1756 1107 1796 dederit
1124 1770 1174 1796 ea:
1192 1755 1322 1797 ederit
1340 1769 1442 1797 corr.
1455 1769 1524 1810 pr.
1545 1769 1599 1797 m.
1613 1769 1816 1810 supersor.
1832 1755 1859 1797 d

402 1850 454 1854 —-
489 1826 583 1866 496.
617 1825 798 1879 cunque]
831 1838 1010 1879 cumque
1042 1850 1096 1854 —
1130 1826 1223 1866 501.
1256 1826 1457 1880 suggerit,
1487 1839 1510 1866 r
1539 1839 1589 1867 ea:
1617 1839 1638 1867 8
1667 1839 1769 1868 corr.
1787 1838 1857 1880 pr.

399 1909 452 1935 m.
487 1920 539 1924 —-
574 1895 667 1936 503.
699 1895 900 1949 minister]
933 1896 1127 1949 magister
1158 1920 1211 1925 —-
1246 1896 1340 1936 504.
1371 1896 1634 1950 ingentisque
1663 1896 1774 1938 inest
1803 1921 1856 1925 ——

398 1964 632 2019 praestabit]
674 1965 870 2019 prestabit
913 1990 966 1994 —
1012 1965 1105 2006 506.
1142 1964 1367 2019 Aequorei]
1405 1964 1620 2021 Equoreae
1663 1990 1718 2022 ff-
1763 1966 1856 2008 508.

398 2034 604 2089 toi-nique]
637 2036 834 2088 carnique
866 2060 918 2064 —
952 2034 1177 2088 acquirere]
1205 2035 1424 2088 adquirere
1447 2023 1649 2089 (adq¹rere)
1675 2060 1729 2065 —
1763 2035 1857 2077 510.

398 2103 525 2158 Hinc]
569 2104 655 2145 Hin
694 2104 786 2158 (sio)
836 2130 889 2133 —
934 2104 1035 2145 Post
1067 2119 1102 2145 v.
1132 2106 1218 2145 510
1247 2105 1443 2158 sequitur
1471 2118 1508 2145 v.
1536 2106 1622 2146 515
1663 2129 1717 2134 —
1763 2105 1857 2146 511.

399 2173 616 2228 Phoebeis]
648 2173 843 2228 phaebeis
876 2199 929 2203 —
964 2175 1058 2214 512.
1086 2174 1435 2228 Gemmarumque
1464 2174 1602 2228 iubar,
1633 2175 1856 2230 radiantes]

400 2244 749 2298 Gemmarumque
774 2243 1028 2298 (Gemarl'iq3)
1053 2244 1124 2284 vib
1151 2243 1242 2299 (sio)
1273 2244 1480 2286 radiantes
1512 2269 1565 2274 ——
1598 2245 1699 2286 Post
1720 2258 1756 2286 v.
1774 2247 1859 2287 513

397 2314 591 2367 sequitur
619 2328 654 2354 v.
690 2315 779 2355 543
818 2338 869 2343 ——
910 2315 1006 2354 514.
1043 2313 1140 2354 Non
1175 2315 1380 2355 exstincta
1415 2313 1516 2369 acie]
1550 2313 1646 2356 Non
1676 2315 1859 2357 extincta

397 2384 488 2425 lues
520 2408 574 2412 —-
608 2385 702 2424 515.
727 2382 782 2424 Et
807 2383 1106 2438 Mithridateos]
1138 2383 1194 2424 Et
1222 2383 1365 2425 mithri
1396 2384 1465 2425 dat
1489 2397 1559 2426 eos
1590 2408 1644 2414 -
1675 2384 1856 2439 tropaea]

398 2453 566 2508 trophea
598 2477 650 2482 —
688 2453 781 2494 516.
813 2452 1082 2507 lenocinium]
1113 2454 1205 2494 levo
1237 2454 1398 2495 oinium
1436 2478 1490 2483 —-
1531 2454 1625 2495 524.
1655 2453 1855 2495 Naturam

397 2522 555 2578 rimari]
581 2523 780 2564 Naturam
806 2523 990 2576 (Natura)
1016 2535 1159 2564 eruere
1190 2548 1244 2553 -—
1275 2523 1467 2578 praedae]
1491 2523 1641 2578 predae
1673 2547 1727 2553 -—
1761 2525 1855 2565 525.

397 2592 556 2648 gazam]
582 2606 702 2648 gazas
734 2618 787 2622 ——
823 2594 916 2634 527.
945 2593 1102 2647 arenas]
1129 2593 1302 2635 harenas
1332 2618 1386 2623 -
1420 2594 1514 2635 528.
1534 2593 1855 2648 Perfundetque]

398 2663 702 2717 Perfunctoque
734 2687 787 2692 —
820 2663 921 2704 Post
950 2677 985 2704 v.
1007 2665 1102 2704 528
1126 2663 1320 2717 sequitur
1342 2677 1378 2704 v.
1395 2664 1490 2704 530
1521 2687 1574 2692 —
1608 2664 1703 2704 529.
1727 2663 1857 2704 Phor-

399 2746 497 2786 cyos
526 2736 574 2774 ut
602 2732 776 2787 regerat]
804 2732 980 2773 Protulit
1004 2736 1051 2774 ut
1074 2733 1226 2788 legeret
1257 2757 1311 2762 -
1345 2734 1438 2774 530.
1462 2732 1684 2787 momenta]
1709 2745 1856 2774 monu-

398 2806 552 2856 menta,
588 2803 660 2843 sed
692 2802 898 2857 syllabam
934 2815 995 2843 nu
1028 2803 1235 2857 expunoeit
1257 2816 1326 2857 pr.
1356 2816 1411 2844 m.
1450 2827 1503 2832 —-
1543 2803 1637 2844 531.
1669 2802 1854 2858 cupiens]

399 2876 565 2927 cuperet
603 2897 655 2902 -——
697 2873 789 2913 532.
822 2872 1030 2926 immittet]
1063 2873 1219 2914 emittet
1249 2897 1303 2902 —-
1341 2873 1434 2922 533.
1457 2885 1700 2927 ‘venamque
1727 2872 1856 2914 laten-

398 2947 482 2985 tem
513 2957 562 2985 eoe
585 2942 883 2985 venaletentem
907 2956 1009 2984 corr.
1029 2956 1097 2999 pr.
1123 2956 1177 2983 m.
1211 2967 1264 2971 —
1299 2943 1392 2984 534.
1418 2943 1508 2984 rivo
1533 2941 1718 2998 saliente]
1743 2942 1856 2984 rivos
