1936 3392
1614 335 1638 375 3

262 455 429 498 Haereo
472 457 517 497 in
561 458 749 497 extremo
793 467 931 497 versu.
999 453 1110 495 Nam
1153 453 1268 508 quod
1311 453 1469 509 {ingre
1510 454 1640 495 inber-

143 531 349 584 pretatur:
388 526 488 582 „Ses
517 527 796 569 maiheureux
820 526 1035 568 habitants
1059 525 1310 580 perissaient
1334 538 1408 567 sur
1431 525 1493 567 les
1519 538 1641 580 corps

144 600 281 642 meme
307 599 359 642 de
383 600 496 641 leurs
522 598 837 652 concitoyens,“
866 599 912 639 in
936 601 1037 639 nota
1061 597 1344 652 subiungens:
1384 596 1511 651 „Fata
1534 609 1641 638 non-

144 685 365 727 nunquam
407 684 482 727 pro
526 671 675 712 funere
717 670 787 711 vel
829 669 1034 712 cadavere
1070 672 1297 724 ponuntur.
1361 667 1419 710 cf.
1451 668 1641 723 Propert.

144 742 189 785 L.
221 742 260 798 Ι,
290 742 407 799 Eleg.
442 743 515 797 17,
545 757 583 783 v.
613 742 712 796 11,“
747 742 810 796 id,
842 743 1008 797 opinor,
1039 754 1126 782 non
1157 740 1303 782 multis
1334 740 1539 795 probabit

263 814 483 859 Bentleius
514 815 709 856 coniecit:

286 897 408 940 Alter
436 898 488 940 in
517 898 698 940 alterius
729 897 874 939 labens
904 911 1005 939 curn
1035 897 1165 938 colla
1195 896 1390 938 ruebant.

263 981 489 1038 Ingeniose
516 981 689 1037 quidem
715 984 756 1023 et
775 982 877 1023 satis
899 984 1140 1037 γραφικιῦς;
1173 980 1249 1022 sed
1267 981 1411 1022 nescio
1431 993 1487 1021 an
1507 980 1644 1036 aptior

145 1055 353 1096 sententia
385 1053 548 1107 evadat,
580 1054 617 1095 si
648 1053 824 1095 scribas:

286 1137 525 1180 Alterum
554 1137 606 1179 in
636 1137 816 1179 alterius
848 1136 1008 1178 labem
1039 1150 1140 1178 oum
1170 1135 1267 1191 fata
1296 1136 1492 1178 ruebant.

265 1220 459 1263 Ostendit
489 1221 649 1262 scih'cet
678 1224 801 1276 poeta
832 1221 1075 1276 contagium
1104 1220 1242 1261 morbi
1268 1233 1323 1261 ex
1349 1220 1442 1262 aliis
1467 1221 1513 1261 in
1538 1220 1644 1262 alios

145 1293 320 1348 vulgari.
389 1292 548 1335 Sensus
591 1296 670 1334 est:
720 1306 819 1334 cum
861 1292 946 1334 fata
990 1305 1061 1333 eos
1099 1293 1146 1333 in
1182 1296 1375 1334 mutuam
1411 1292 1643 1347 perniciem

145 1364 344 1419 ruebant,
374 1365 401 1406 i.
429 1377 462 1406 e.
495 1364 756 1418 sternebant,
788 1363 1039 1419 affligebant.

264 1482 311 1525 L.
342 1483 404 1538 Π,
437 1497 472 1525 v.
500 1484 640 1525 252-
661 1484 765 1525 253:

292 1566 438 1622 Tuque
470 1571 560 1621 tuo,
599 1567 874 1622 Capricorno,
903 1567 1003 1622 θεῖα
1032 1570 1279 1609 contractus
1308 1567 1360 1608 in
1390 1566 1535 1620 astris,

288 1637 431 1680 Pr0ne
460 1638 595 1690 iaces;
635 1638 796 1681 Cancer
819 1639 1024 1694 patula-m
1054 1638 1269 1680 distentus
1299 1639 1352 1680 in
1382 1639 1542 1681 alvum.

264 1721 396 1764 Jacob
421 1722 527 1763 haec
553 1722 743 1764 adnotat:
782 1722 973 1776 „Contra
993 1722 1104 1765 iacet
1123 1735 1279 1765 omnes.
1323 1722 1415 1778 Ego
1436 1723 1640 1764 correxi.“

145 1793 324 1835 Minime
361 1793 435 1835 isse
473 1793 647 1849 quidem
684 1795 883 1836 vitiosam
916 1794 1144 1836 lectionem
1175 1795 1377 1849 correxit,
1415 1794 1490 1836 sed
1520 1794 1646 1836 vitio-

147 1865 303 1907 siorem
345 1865 541 1907 reddidit.
608 1865 764 1908 Nullus
809 1870 871 1908 est
912 1867 959 1908 in
997 1867 1319 1908 enumeratione
1356 1866 1486 1908 verbo
1523 1865 1644 1908 finito

145 1935 276 1978 locus.
321 1936 419 1978 Cod.
446 1936 659 1979 Gemblac.
685 1938 814 1980 habet
843 1938 1022 1980 Contrat
1044 1938 1171 1992 iacet,
1205 1938 1320 1980 unde
1344 1951 1491 1980 veram
1516 1939 1646 1993 scrip-

146 2010 287 2050 turam
318 2009 477 2051 eruisse
506 2009 632 2051 nobis
662 2009 877 2052 videmur:

295 2091 484 2134 Contra
516 2096 560 2135 te
590 2096 636 2135 et
672 2093 832 2136 Cancer
855 2095 1062 2150 patulam
1091 2094 1306 2136 distentus
1336 2094 1389 2136 in
1418 2094 1579 2136 alvum.

267 2174 326 2217 Cf.
358 2175 428 2218 lib.
454 2175 493 2231 I,
525 2190 562 2218 v.
591 2177 695 2229 6723
734 2177 795 2232 H,
827 2179 933 2232 494,
965 2179 1231 2230 554—555;
1267 2177 1351 2231 III,
1377 2178 1643 2229 635—6373

146 2246 221 2302 IV,
253 2249 350 2290 323.

265 2319 464 2376 Ineptum
499 2321 606 2363 illud
641 2321 751 2364 iacet
788 2334 843 2363 ex
881 2321 1162 2378 dittographia
1194 2325 1333 2364 ortum
1365 2325 1445 2374 est3
1485 2321 1647 2363 scilicet

148 2403 203 2432 ex
241 2403 490 2434 conmmm
525 2392 684 2435 factum
722 2396 785 2435 est
821 2406 1063 2448 comum,
1101 2394 1200 2435 dein
1239 2406 1541 2436 conmmArm
1577 2394 1646 2434 vel

148 2475 440 2518 commum,
471 2464 586 2506 unde
611 2464 754 2520 fluxit,
786 2466 1040 2521 corrigente,
1073 2469 1121 2507 ut
1143 2465 1225 2507 sibi
1244 2465 1486 2520 videbatur,
1517 2464 1645 2506 libra—

146 2534 230 2589 rio,
261 2547 529 2577 commem*
560 2537 892 2592 (CONTRATIAGET).

265 2654 310 2696 L.
342 2654 426 2710 III,
457 2669 494 2697 v.
525 2658 663 2698 3—4.
725 2656 871 2699 Musas
901 2657 1133 2712 alloquitur
1162 2660 1303 2713 poeta:

630 2773 638 2781 .
671 2774 679 2782 .
713 2774 721 2782 .
755 2774 762 2782 .
799 2741 967 2783 Vestro-5
997 2741 1217 2783 eoetendere
1247 2741 1360 2796 fines

296 2809 451 2865 Conor,
485 2815 526 2853 et
553 2812 707 2867 diynos
735 2813 789 2854 z'n
818 2813 1020 2855 carmina
1049 2813 1200 2855 ducem
1230 2816 1397 2855 cantus.

269 2891 339 2935 Sic
361 2893 390 2936 J
392 2894 514 2948 acob3
548 2898 591 2937 at
619 2910 658 2937 v.
682 2897 710 2938 4
740 2909 883 2952 neque
913 2900 1098 2938 metrum
1127 2909 1270 2951 neque
1294 2908 1444 2938 sensus
1469 2898 1645 2936 constat,

151 2961 250 3005 Cod.
284 2963 514 3008 Gemblac.:
570 2966 710 3010 Conor
751 2972 791 3010 et
825 2968 1031 3023 indiqnos
1069 2970 1191 3022 (non,
1235 2967 1351 3022 quod
1386 2966 1646 3008 novissimus

1311 3048 1359 3084 1*
