1936 3392
803 307 826 345 2
833 307 856 345 3

110 458 194 496 nat.
244 456 418 495 exeunte
466 452 602 494 rediit.
669 452 871 506 Sequenti
921 452 1086 494 demum
1135 466 1242 493 anno
1295 452 1335 492 in
1370 452 1542 506 gratiam

110 533 291 589 Augusti
338 531 487 583 rediit,
537 535 754 587 postquam
795 546 868 582 „se
901 530 1152 587 praesidenti
1184 530 1292 586 patri
1326 530 1376 572 ad
1410 545 1546 586 genua

108 611 343 655 summisit’'
372 611 423 667 ¹),
458 626 536 663 „ac
567 625 650 653 non
683 610 815 653 multo
848 614 942 667 post
974 609 1039 652 lex
1073 624 1145 666 per
1166 608 1354 652 consules
1378 614 1439 652 est
1460 611 1546 653 lata
1594 598 1601 624 ¹
1629 640 1698 674 W&
1724 648 1829 677 Mas

108 691 156 730 ut
202 686 431 744 provincias
480 700 573 728 cum
623 686 816 741 Augusto
849 684 1121 726 communiter
1153 683 1461 725 administraret
1493 684 1544 726 si-
1589 686 1593 708 ¹
1628 700 1640 707 ‘
1692 672 1714 714 'st

107 766 275 822 mulque
308 780 474 808 censum
502 764 671 822 ageret”
695 764 742 821 ²).
809 766 917 806 Ante
951 777 1105 806 annum
1145 765 1275 805 12¹¹³¹²¹¹¹
1308 762 1372 804 vel
1411 724 1591 812 13m¹¹¹¹¹⁸i
1622 748 1780 837 ομῖἣὲςξ

107 861 148 903 p.
197 844 292 888 Chr.
325 849 411 887 nat.
446 845 575 901 igitur
606 843 679 886 illa
711 843 887 886 scribere
920 858 1003 885 non
1038 843 1177 899 potuit
1209 842 1438 893 Manilius;
1472 843 1542 885 sed
1613 829 1735 896 Ῐιζ-ἱῖψ
1758 839 1859 882 νάπη

107 939 200 967 cum
232 926 447 980 Augustus
484 928 598 975 tum,
638 939 732 966 cum
766 922 838 965 illa
869 921 1072 965 scribebat
1105 922 1330 974 Manilius,
1359 922 1543 964 nondum

107 1008 292 1048 mortuus
340 1008 468 1055 esset,
513 1007 560 1046 ut
593 1003 686 1046 finis
719 1002 814 1045 libri
848 1002 912 1045 IV
945 1002 1146 1054 ostendit,
1183 1001 1246 1044 illi
1279 1017 1415 1044 versus
1448 1006 1542 1045 ante

106 1097 259 1126 annum
296 1085 352 1125 14
386 1087 603 1125 exeuntem
636 1083 777 1139 scripti
811 1087 920 1124 sunt.

168 1162 230 1204 De
278 1161 431 1205 Tiberii
481 1176 605 1218 regno
652 1166 807 1204 certum
852 1161 1072 1212 indicium,
1108 1160 1239 1222 ,quale
1282 1159 1457 1202 Iacobus
1501 1176 1542 1202 se

106 1242 310 1285 invenisse
349 1245 468 1298 putat
501 1256 559 1284 vs.
597 1242 683 1284 513
718 1255 833 1296 seqq.
868 1240 965 1283 libri
998 1240 1050 1292 V,
1084 1239 1246 1282 nullum
1279 1244 1355 1282 est.
1412 1239 1541 1281 Totus

106 1321 218 1364 locus
251 1325 312 1363 est
345 1321 435 1363 hic:

170 1401 272 1443 505.
337 1401 395 1443 At
428 1414 520 1442 cum
554 1399 745 1456 Cassiope
779 1399 841 1442 bis
874 1399 988 1442 denis
1022 1397 1206 1456 partibus
1241 1399 1342 1441 actis

338 1466 544 1535 Aequorei
578 1480 738 1521 iuvenis
771 1479 914 1521 dextra
947 1478 997 1520 de
1028 1482 1148 1535 parte
1180 1479 1380 1534 resurgit,

337 1559 527 1601 Artifices
561 1559 651 1600 auri
682 1559 828 1609 faciet,
863 1558 936 1613 qui
970 1557 1084 1599 mille
1118 1558 1259 1613 figuris

335 1637 506 1680 Vertere
540 1653 643 1694 opus
677 1638 835 1694 possint
867 1638 1060 1692 ternique
1094 1637 1303 1692 acquirere
1337 1637 1472 1679 dotem

1751 711 1784 728 Ρ.

1764 727 1799 743 '0ss

334 1717 535 1759 Materiae
568 1721 609 1758 et
642 1716 826 1773 lapidum
860 1717 974 1759 vivos
1006 1716 1176 1759 miscere
1209 1715 1374 1758 colores.

168 1799 270 1839 510.
336 1797 446 1838 Hinc
479 1801 655 1853 augusta
687 1797 826 1839 nitent
860 1796 1028 1839 sacratis
1060 1810 1231 1838 munera
1262 1795 1451 1852 templis,

333 1878 471 1919 Aurea
503 1875 703 1918 Phoebeis
737 1876 937 1918 certantia
969 1875 1128 1918 lumina
1160 1875 1356 1927 fiammis,

332 1954 679 2011 Gemmarumque
712 1955 852 2008 iubar,
888 1956 1095 1998 radiantes
1127 1954 1287 1998 lucibus
1320 1955 1450 2011 ignes.

331 2034 442 2077 Hinc
470 2035 668 2091 Pompeia
695 2039 862 2078 manent
883 2035 1032 2077 veteris
1049 2038 1318 2077 monumenta
1333 2033 1533 2090 triumphi
1611 2040 1664 2097 j'

332 2113 427 2156 Non
481 2115 664 2156 extincta
707 2115 817 2166 acie,
857 2129 1098 2171 semperque
1129 2114 1311 2156 recentia
1343 2113 1532 2155 flammis.
1614 2123 1627 2132 ·’

164 2195 266 2235 515.
334 2193 387 2236 Et
420 2193 712 2236 Mithridateos
744 2194 883 2236 vultus
916 2194 1063 2236 induta
1096 2198 1277 2250 tropaea.
1619 2220 1732 2238 „stm-
1760 2215 1776 2220 ··

158 2271 259 2314 Post
291 2288 351 2315 vs.
389 2274 474 2315 513
513 2288 618 2316 unus
651 2275 823 2316 omissus
847 2278 931 2315 est:
985 2274 1068 2324 „Et
1091 2274 1201 2330 quod
1224 2277 1311 2316 erat
1332 2287 1529 2328 regnum,

97 2349 267 2407 pelagus
299 2352 406 2402 suit;
442 2367 523 2394 una
550 2351 793 2404 malorum'',
820 2367 941 2408 quem
964 2352 1048 2395 Iac.
1071 2357 1164 2409 post
1190 2354 1277 2395 542
1301 2351 1529 2395 collocavit.

95 2429 312 2472 Praeterea
345 2445 401 2472 vs.
439 2433 526 2474 514
561 2432 646 2474 acie
677 2432 841 2488 scripsit
873 2447 946 2488 pro
969 2447 1015 2474 eo
1039 2431 1149 2487 quod
1173 2437 1233 2474 est
1256 2433 1299 2474 in
1322 2430 1529 2474 codicibus

92 2509 192 2551 lues.
226 2509 383 2552 Locum
411 2510 471 2553 sic
493 2511 756 2553 emendatum
779 2511 1074 2568 interpretatur
1096 2510 1270 2554 Iacobus
1294 2511 1344 2553 de
1367 2509 1529 2552 theatro

94 2587 288 2646 Pompei,
324 2589 433 2645 quod
466 2590 640 2633 flammis
662 2605 745 2633 non
767 2590 893 2633 semel
915 2590 1178 2648 absumptum
1202 2595 1244 2633 et
1266 2589 1341 2633 sub
1364 2589 1528 2633 Tiberio

93 2668 255 2711 restitui
305 2673 495 2726 coeptum
548 2674 623 2712 est.
656 2695 719 2703 -·
753 2670 831 2712 Sed
882 2670 1004 2726 longe
1053 2686 1075 2712 a
1121 2685 1214 2712 vero
1247 2670 1451 2712 aberravit
1484 2669 1526 2711 ni

93 2746 225 2790 fallor.
289 2747 419 2791 Poeta
466 2749 676 2806 intellegit
723 2765 846 2807 opera
893 2765 1058 2802 eorum,
1094 2765 1195 2805 quos
1229 2750 1403 2792 artifices
1437 2749 1527 2791 auri

138 2917 161 2957 ἶ)
209 2920 298 2951 Suet.
321 2921 390 2952 Tib.
416 2922 467 2953 20.

136 2978 163 3017 ²)
211 2981 231 3011 l.
257 2981 276 3011 l.
302 2981 354 3012 21.
