1910 3250
772 230 1056 272 „87-

170 352 294 394 Adde
323 351 432 404 quod
459 353 589 393 eiecta
615 353 665 393 de
694 353 856 395 sublata
883 354 962 395 fide
989 351 1279 395 lamentatione
1306 351 1437 391 minus
1463 351 1651 391 turbatur

170 422 397 473 aequalitas
423 423 612 474 partium,
641 434 743 473 quae
772 428 868 463 sunt
894 424 944 463 de
970 420 1361 474 configurationibus
1380 423 1422 459 et
1438 419 1651 460 hostilium

170 493 212 530 et
237 491 457 531 amicorum
485 491 694 543 signorum
722 493 796 543 (II,
825 494 1047 543 520-607;
1074 492 1133 542 II,
1162 490 1396 540 608—643).
1449 489 1506 529 Et
1526 489 1651 528 ‘facile

169 559 248 599 tibi
279 560 543 611 persuadebis
577 561 656 600 iam
693 562 891 602 confectis
919 563 1065 602 ceteris
1092 561 1190 601 libri
1216 560 1261 599 ΙΙ
1288 559 1474 611 partibus
1502 558 1653 610 viginti

169 630 323 678 septem
354 629 450 669 illos
475 641 629 680 versus,
666 631 734 680 qui
763 633 859 670 sunt
885 631 934 670 de
962 630 1144 670 amicitia
1170 641 1217 668 ac
1244 628 1334 678 fide,
1362 640 1386 667 a
1412 630 1537 678 poeta
1564 638 1651 668 esse

167 697 411 748 adscriptos.
445 721 494 726 —
529 698 689 742 Deinde
725 699 802 738 hoc
835 700 986 739 factum
1020 711 1106 739 esse
1143 710 1250 738 anno
1280 699 1354 738 '773
1382 700 1429 736 ut
1456 697 1652 747 dicamus,

169 766 344 807 suadent
368 767 399 806 ii
426 779 580 817 versus,
608 769 678 819 qui
704 782 740 808 v.
771 771 845 810 599
875 773 1123 820 sequuntur:

375 876 442 921 „In
466 878 606 925 populo
631 878 751 914 scelus
777 881 836 914 est
860 881 899 914 et
923 879 1115 915 abundant
1142 880 1276 914 cuncta
1300 877 1431 913 furoris

371 935 423 971 Et
446 936 504 972 fas
529 939 641 983 atque
666 936 772 972 nefas
798 936 964 981 mixtum,
988 936 1163 983 legesque
1192 947 1259 982 per
1281 935 1384 982 ipsas

375 992 504 1030 Saevit
526 993 720 1040 nequities,
743 1004 884 1040 poenas
909 994 982 1029 iam
1007 994 1123 1030 noxia
1147 994 1272 1030 vincit.

370 1050 522 1087 Scilicet
545 1052 582 1087 in
606 1051 731 1087 multis
755 1051 928 1097 quoniam
955 1051 1143 1087 discordia
1169 1051 1283 1097 signis

372 1107 538 1155 Corpora
563 1110 773 1152 nascuntur,
799 1120 878 1155 pax
902 1111 961 1145 est
987 1109 1138 1145 sublata
1161 1120 1228 1156 per
1251 1108 1376 1144 orbem

369 1165 420 1201 Et
442 1165 529 1202 fidei
550 1177 672 1202 rarum
697 1166 826 1203 foedus
850 1166 1061 1213 paucisque
1085 1167 1274 1202 tributum.

368 1221 493 1269 thue
517 1223 588 1259 sibi
613 1223 768 1268 caelum,
793 1225 847 1260 sic
869 1223 979 1260 tellus
1005 1224 1164 1260 dissidet
1187 1224 1273 1270 ipsa

369 1279 498 1326 Atque
521 1281 707 1317 hominum
732 1285 860 1328 gentes
884 1282 1034 1318 inimica
1058 1283 1158 1318 sorte
1182 1280 1386 1316 feruntur‘fi
1440 1279 1442 1281 ’

30 1396 34 1406 ³
74 1373 116 1427 ‘¹2
160 1388 243 1441 Illo
271 1389 390 1438 enim,
416 1391 462 1429 ut
488 1389 567 1429 hoe
593 1390 645 1429 ad
671 1391 813 1440 priora
839 1391 1023 1440 adiciam,
1051 1403 1160 1429 anno
1179 1389 1342 1440 Lepida
1365 1388 1561 1439 quaedam
1578 1399 1646 1427 ve—

40 1451 42 1454 ’
112 1441 119 1461 ⁵
162 1459 295 1498 neficii
328 1462 518 1498 accusata
550 1461 632 1508 est;
669 1472 716 1498 ae
750 1460 958 1498 saeviebat
983 1459 1169 1511 profecto
1197 1459 1310 1510 leges
1337 1470 1411 1510 per
1439 1459 1551 1509 ipsas
1580 1469 1646 1496 ne-

164 1527 326 1578 quities,
363 1527 477 1566 cuius
505 1528 564 1567 rei
593 1528 711 1567 testis
741 1528 1085 1579 locupletissimus
1114 1527 1281 1567 Tacitus
1310 1531 1383 1567 est.
1436 1526 1477 1566 N
1481 1539 1535 1565 on
1564 1526 1650 1565 sine

162 1596 366 1636 invidiola
397 1597 447 1636 de
481 1597 770 1636 vetustissimis
804 1598 1048 1647 mortalium,
1092 1597 1162 1647 qui
1197 1597 1332 1636 omnia
1370 1596 1457 1635 siue
1492 1596 1652 1646 legibus

161 1666 398 1719 gessissent,
424 1667 618 1706 memoria
637 1667 935 1717 redintegrata:
964 1666 1232 1717 „Multitudo,
1260 1665 1463 1716 iuquitss),
1490 1665 1651 1716 pericli-

24 1779 26 1782 ,
159 1736 336 1789 tantiam
362 1736 576 1787 gliscebat,
605 1749 695 1775 cum
723 1736 853 1776 omnis
881 1736 1025 1775 domus
1053 1735 1281 1775 delatorum
1301 1734 1652 1786 interpretationi-

25 1791 28 1795 *
85 1843 91 1849 ,
159 1805 237 1845 bus
272 1805 588 1855 subverteretur,
621 1810 746 1855 utque
781 1805 952 1845 antehac
985 1804 1155 1856 flagitiis
1192 1805 1251 1844 ita
1278 1809 1376 1844 tune
1412 1804 1514 1856 (scil.
1542 1816 1650 1843 anno

0 1866 7 1874 ⁸
156 1875 254 1924 773)
286 1874 486 1926 legibus
521 1875 869 1915 laborabatur.
925 1874 1029 1914 Tum
1065 1874 1271 1914 delatores
1308 1874 1433 1913 altius
1465 1877 1652 1925 penetra-

161 1942 275 1993 bant,
309 1944 492 1994 praemio
527 1944 698 1995 inducti,
734 1945 954 1995 urbemque
991 1948 1033 1984 et
1060 1944 1223 1983 Italiam
1255 1947 1309 1994 et,
1345 1943 1455 1994 quod
1482 1954 1653 1993 usquam

161 2011 323 2063 civium,
350 2013 657 2063 corripuerant:
685 2014 984 2063 multorumque
1012 2013 1136 2053 excisi
1161 2016 1292 2053 status
1311 2015 1353 2052 et
1369 2015 1503 2053 terror
1523 2013 1650 2052 omni-

161 2080 238 2120 bus
267 2081 590 2121 intentabatur.“

263 2149 398 2190 Porro
428 2151 526 2201 quid
554 2151 696 2191 melius
723 2151 906 2192 illustrat
933 2152 1056 2192 illud:
1091 2164 1272 2203 „poenas
1301 2153 1382 2191 iam
1411 2152 1537 2191 noxia
1564 2152 1650 2191 vin-

50 2266 70 2275 .⁷
160 2219 256 2270 cit“,
294 2230 414 2270 quam
446 2220 512 2260 lex
548 2220 681 2273 Papia
718 2221 927 2273 Poppaea,
963 2224 1082 2273 quam
1116 2223 1168 2262 ab
1202 2222 1394 2274 Augusto
1430 2222 1652 2262 incitandis

95 2316 98 2319 ι
161 2289 361 2334 caelibum
388 2291 538 2341 poenis
567 2294 608 2330 et
637 2291 824 2342 augendo
845 2292 1003 2332 aerario
1026 2292 1222 2332 sancitam
1241 2303 1327 2331 esse
1347 2291 1454 2331 idem
1474 2291 1651 2343 scriptor

160 2357 212 2398 ad
239 2371 389 2399 anuum
416 2362 492 2400 773
520 2359 710 2401 enarrat?
752 2360 873 2400 Unde
901 2361 1092 2411 graviora
1119 2373 1215 2400 sane
1234 2361 1479 2400 detrimenta
1498 2360 1648 2400 consti-

157 2427 262 2468 tutis
290 2429 530 2469 custodibus
559 2430 718 2469 civitati
746 2433 832 2470 tum
851 2431 970 2470 illata
989 2434 1095 2478 sunt,
1126 2442 1244 2480 quam
1263 2430 1472 2470 commoda
1490 2430 1649 2469 aerario

75 2504 129 2527 2¹
161 2497 341 2548 publico.
395 2497 582 2550 Accedit,
611 2499 719 2549 quod
746 2502 833 2539 tum
860 2500 1090 2539 delationes
1118 2500 1167 2539 de
1194 2500 1306 2539 laesa
1332 2499 1546 2539 maiestate
1573 2499 1653 2538 lae-

138 2563 297 2617 &sisque
327 2567 598 2619 religionibus
625 2569 669 2607 in
696 2569 1031 2609 consuetudinem
1057 2581 1214 2609 venere.
1255 2569 1360 2608 Item
1380 2570 1501 2609 rebus
1519 2581 1556 2608 a.
1577 2570 1652 2608 773

158 2635 288 2686 gestis
315 2637 529 2688 probatur,
560 2638 670 2688 quod
696 2642 945 2690 postremum
971 2639 1171 2679 Manilius
1201 2638 1361 2690 posuit:

256 2781 303 2829 ¹⁴)
326 2781 420 2820 Tac.
444 2781 544 2819 Anu.
567 2781 638 2827 111,
661 2782 724 2828 25;
750 2782 814 2821 cfr.
838 2783 927 2826 ibid.
950 2783 980 2827 1,
1004 2784 1060 2820 ⁷3.
