1936 3392
776 859 883 904 Lib.
914 859 996 904 IV.

279 968 318 1009 2.
354 967 703 1022 Torquemurque
746 981 796 1010 ecc
837 967 1192 1022 Torquenturque
1234 981 1339 1009 corr.
1378 981 1447 1023 pr.
1485 981 1541 1008 m.
1578 992 1634 996 —

138 1039 175 1081 5.
205 1038 414 1094 unquam]
446 1052 653 1094 umquam
697 1064 752 1069 —
798 1039 836 1080 6.
869 1052 953 1094 quo
985 1038 1123 1094 plura]
1158 1040 1231 1094 qui
1262 1039 1387 1094 plura
1432 1064 1486 1068 —
1535 1038 1638 1080 Post

134 1125 172 1152 v.
201 1113 230 1153 6
257 1114 504 1165 sequuntur
532 1125 596 1152 vv.
626 1112 708 1152 314
740 1136 795 1140 —
827 1111 886 1152 In
916 1125 1052 1166 mary.
1077 1111 1179 1152 haec
1202 1125 1281 1153 scr.
1307 1125 1384 1152 rec.
1411 1125 1528 1152 man.
1557 1110 1634 1166 [β];

134 1181 306 1225 Lacuna
340 1195 496 1238 magna
527 1184 550 1236 ἢ
586 1182 639 1224 ad
670 1183 751 1224 hoc
781 1183 949 1238 signum
983 1182 1004 1205 *
1038 1183 1114 1237 qui
1145 1186 1260 1236 sunt,
1298 1183 1383 1224 huc
1413 1182 1637 1224 traducan-

134 1258 205 1296 tur
239 1266 388 1297 versus
427 1278 482 1284 —
525 1255 589 1295 11.
626 1254 828 1309 pretium]
863 1255 1073 1309 praetium
1105 1255 1270 1310 (ptium)
1309 1279 1365 1284 -—
1407 1255 1472 1295 17.
1504 1253 1635 1309 Hinc]

134 1325 254 1368 Tunc
290 1350 341 1356 -—
376 1327 442 1368 18.
475 1325 640 1381 creatis]
673 1327 801 1368 creati
834 1351 877 1356 —
924 1326 991 1367 21.
1017 1325 1237 1382 prendere]
1263 1326 1447 1382 pendere
1479 1315 1534 1356 -ζ
1569 1327 1636 1367 22.

137 1399 199 1440 est
227 1410 306 1440 sua
336 1398 492 1452 cuique
521 1397 709 1452 ferenda]
742 1400 804 1439 est
835 1399 886 1451 (ὃ)
918 1398 1130 1453 vacuique
1162 1398 1356 1452 (vacuiq.)
1381 1397 1555 1440 ferenda
1580 1423 1636 1428 —

138 1469 205 1511 23.
237 1468 328 1511 Aut
357 1468 470 1511 inest
509 1493 563 1498 ——
601 1470 668 1510 24.
701 1469 940 1524 Fugissent]
972 1468 1206 1511 Fulsissent
1238 1495 1293 1499 —
1329 1470 1396 1510 27.
1429 1468 1564 1525 enata]
1598 1474 1639 1511 et

136 1543 239 1583 nata
281 1565 336 1570 —
383 1541 450 1582 28.
496 1540 720 1582 duxissent
760 1540 939 1582 fulmina
980 1540 1152 1596 montis]
1198 1541 1421 1583 auxissent
1458 1541 1639 1583 fulmina

136 1614 300 1654 montes
331 1637 385 1643 —
420 1613 486 1654 30.
516 1626 540 1654 a
565 1611 711 1668 captis]
738 1626 763 1653 a
786 1626 866 1654 om.
900 1638 953 1642 —
991 1613 1057 1654 31.
1084 1611 1270 1668 Mucius]
1297 1611 1459 1654 Mutius
1485 1638 1541 1643 —-
1571 1614 1637 1655 33.

134 1682 319 1739 foedera]
344 1683 512 1725 faedera
536 1708 592 1714 —
620 1685 687 1725 34.
709 1684 896 1725 iacerent
920 1698 971 1726 em
997 1684 1170 1739 iaceret,
1200 1698 1410 1740 superscr.
1436 1698 1466 1726 n
1485 1699 1555 1740 pr.
1580 1699 1636 1727 m.

137 1779 194 1786 —
228 1755 295 1798 37.
321 1754 561 1811 moenibus]
594 1755 817 1798 maenibus
850 1780 905 1785 —
942 1755 987 1797 V.
1011 1757 1075 1798 38
1098 1759 1199 1812 post
1229 1770 1265 1798 v.
1289 1757 1351 1798 39
1375 1757 1554 1799 collocat.
1586 1783 1638 1787 —

138 1827 205 1869 38.
229 1826 515 1882 Thrasimene]
542 1827 748 1870 tasimene
774 1851 829 1857 -ν
859 1828 925 1869 39.
946 1827 1272 1883 Varronemque
1297 1828 1399 1884 fuga
1423 1842 1639 1884 magnum,

137 1897 251 1954 quod
293 1898 437 1941 vivere
478 1898 633 1955 posset]
671 1898 995 1955 Varronemque
1024 1913 1205 1954 ‘prugum
1247 1900 1392 1955 (pugfi)
1434 1913 1639 1956 magnum

138 1983 269 2026 quam
303 1971 474 2012 vincere
510 1972 642 2026 possit
680 1996 734 2001 -—
775 1972 843 2012 40.
884 1970 1167 2027 Carthaginis]
1201 1970 1438 2027 Cartaginis
1476 1997 1531 2002 —-
1571 1973 1639 2014 43.

135 2040 304 2090 Italicas
337 2041 464 2098 acies]
490 2043 604 2085 vires
629 2042 751 2084 italas
784 2068 839 2073 —-
873 2044 941 2084 44.
968 2042 1186 2098 membris]
1212 2043 1401 2085 menbris
1434 2069 1487 2073 —
1522 2044 1640 2086 adice

137 2112 195 2170 et]
224 2116 381 2166 §tgna
423 2138 477 2144 —-
516 2115 584 2156 45.
618 2113 868 2170 Cumbrum]
902 2115 1128 2169 cymbrum
1167 2140 1222 2144 -—
1263 2115 1379 2170 quod
1411 2115 1464 2157 de
1496 2115 1639 2170 exule]

139 2185 339 2242 quodque
370 2185 650 2242 (qdq.),exule
683 2211 738 2216 —-
771 2187 840 2228 47.
864 2186 1070 2240 Adiacuit
1092 2187 1207 2228 inest
1238 2212 1294 2217 —-
1326 2186 1516 2242 Libycis]
1545 2187 1641 2229 libi-

138 2257 199 2300 cis
241 2282 297 2288 —
342 2259 411 2300 48.
448 2257 588 2313 Eque]
613 2257 768 2314 „S‘eqme
813 2284 868 2288 —
914 2258 1178 2314 Carthaginis
1216 2257 1376 2313 orbem]
1417 2257 1641 2314 cartaginis

138 2341 253 2371 arces
284 2354 341 2359 —
375 2329 442 2372 50.
473 2328 612 2385 litore]
643 2329 785 2372 littore
817 2355 872 2360 —
907 2318 974 2371 51.
1006 2329 1281 2385 Mithridatis]
1314 2330 1557 2384 mitrydatis
1585 2355 1637 2360 —-

140 2401 208 2442 52.
235 2401 325 2454 Eis
357 2400 471 2443 inest
514 2426 570 2432 —
617 2402 683 2443 53.
722 2415 976 2457 ccmponere
1007 2402 1122 2444 inest
1164 2428 1220 2431 —
1268 2403 1334 2443 55.
1367 2401 1639 2457 Eiectaeque]

138 2471 419 2529 Aelectaeque
450 2471 664 2530 (Electeq.)
716 2499 771 2503 —
823 2474 890 2515 61.
933 2473 1172 2529 Indicium]
1216 2473 1426 2515 Inditium
1471 2499 1526 2503 —-
1573 2474 1640 2514 64.

137 2543 275 2600 litore]
318 2543 459 2587 littore
503 2570 559 2575 —
605 2546 672 2587 65.
711 2545 920 2601 Xerxem]
962 2559 1096 2588 xerxe
1140 2571 1195 2575 —
1242 2546 1308 2587 66.
1350 2544 1465 2595 Quid
1503 2545 1640 2600 capto]

141 2615 257 2671 quod
282 2619 402 2672 capto
430 2641 486 2646 —
521 2617 589 2658 68.
616 2616 944 2673 Cedentemque]
972 2617 1310 2673 Caedentemque
1336 2643 1392 2646 —
1423 2618 1490 2659 69.
1514 2615 1640 2672 Quot]

142 2685 267 2738 Quod
304 2713 360 2718 —
401 2688 466 2730 75.
502 2687 640 2744 saepe]
673 2702 772 2744 sepe
810 2714 865 2718 —-
906 2690 973 2731 80.
1006 2688 1186 2744 tranare]
1218 2693 1437 2745 Qns-njffie
1477 2714 1532 2718 —
1573 2689 1640 2730 85.

140 2757 312 2814 poenas]
337 2772 491 2815 paenas
524 2785 579 2790 —
610 2760 816 2816 membra]
842 2760 1019 2803 menbra
1045 2787 1100 2791 -—
1128 2762 1195 2803 87.
1222 2761 1434 2803 invictum
1461 2759 1640 2814 devicta]

140 2828 300 2872 invicta
323 2829 539 2874 devictum
571 2857 626 2862 -—
661 2833 727 2875 90.
754 2832 990 2888 immensis]
1017 2833 1224 2874 inmensis
1258 2857 1314 2861 —
1350 2833 1415 2873 91.
1441 2844 1496 2873 ex
1515 2830 1640 2886 tecto]

142 2903 340 2956 exceptos
383 2927 438 2932 -—
482 2903 679 2959 superbo]
723 2904 931 2960 spperbcs
976 2928 1030 2934 —-
1079 2905 1144 2946 95.
1190 2903 1392 2958 pretium]
1432 2903 1642 2958 praetium

116 2971 308 3027 ,(ῇὲὶωη)
340 2997 396 3003 -
429 2974 496 3016 96.
528 2975 742 3030 merentis]
775 2979 984 3018 merentes
1017 3001 1072 3005 —
1108 2975 1203 3016 100.
1228 2974 1534 3029 nttribuatque
1562 2973 1637 3015 in-
