1942 3308
983 222 1261 269 ..64-

383 377 461 417 que
502 368 629 403 totum
670 377 769 418 opus
810 362 962 403 editum
1003 378 1101 406 csse.
1172 363 1448 413 Quamobrem
1494 372 1636 421 poetae
1675 366 1869 408 nonnulla

382 429 571 470 mutanda
618 429 752 479 fuisse,
797 444 900 484 quae
946 430 984 469 in
1016 431 1194 485 Augusti
1240 431 1433 472 honorem
1476 433 1717 489 laudemque
1751 440 1868 476 antea

381 496 549 538 fecisset.
583 497 641 536 At
671 496 778 551 quod
811 496 995 538 Cartault
1026 498 1178 538 omissis
1200 499 1448 552 argumentis
1479 500 1645 556 protulit
1675 501 1867 556 quoniam

381 563 479 603 nihil
517 569 577 603 est
614 563 688 602 nisi
729 563 879 617 ingenii
919 564 1054 619 opinio
1095 565 1355 606 coniectando
1396 574 1501 619 nata,
1543 581 1646 622 quae
1676 567 1787 608 nulla
1823 583 1867 610 re

380 630 631 685 comprobari
664 630 858 681 videatur,
893 632 930 671 vi
962 646 1033 672 sua
1054 646 1191 673 carere
1221 633 1336 674 facile
1369 641 1426 674 est
1455 634 1503 675 ad
1536 634 1864 689 intellegendum.

378 697 501 737 Nulla
531 697 684 738 ratione
726 697 766 737 in
809 698 864 739 eis
896 699 1088 753 partibUS,
1134 699 1200 739 ubi
1244 699 1293 741 de
1324 700 1565 755 imperatore
1597 701 1719 742 verba
1750 701 1864 754 fiunt,

379 765 641 805 mutationem
672 765 817 805 factam
859 780 944 806 csse
982 766 1176 820 probatur
1206 781 1353 821 easque
1383 782 1520 809 omncs
1553 782 1666 808 suam
1696 782 1866 824 eamque

378 831 538 887 planam
570 832 720 872 habere
751 832 1060 887 explicationem
1092 833 1189 873 mihi
1221 834 1360 875 videor
1390 849 1512 890 supra
1541 835 1717 878 evicisse.
1777 835 1866 878 Nee

377 899 510 938 minus
550 915 573 939 a
614 899 907 954 probabilitatis
947 900 1078 955 specie
1116 900 1303 942 recedere
1343 915 1499 953 censeo,
1543 902 1651 956 quod
1681 901 1866 944 Cartault

377 966 544 1007 coniecit
574 966 623 1007 de
655 967 774 1007 totius
805 968 935 1022 operis
967 967 1163 1009 editione:
1205 983 1321 1023 quae,
1364 969 1552 1024 quoniam
1583 969 1721 1010 n'ullibi
1749 970 1864 1026 quid-

376 1049 496 1090 quam
541 1034 729 1074 traditum
768 1042 829 1076 est
864 1050 938 1076 nce
978 1050 1029 1076 ex
1076 1035 1170 1091 ipsis
1201 1037 1475 1077 astronomicis
1516 1036 1658 1088 elucet,
1701 1052 1863 1093 prorsus

376 1104 604 1157 ignoratum
645 1102 716 1143 sed
754 1109 887 1142 tamen
919 1118 1008 1143 cum
1041 1118 1158 1143 suum
1190 1104 1334 1159 cuique
1366 1105 1467 1145 libro
1498 1105 1747 1160 prooemium
1779 1105 1862 1146 lon·

374 1186 472 1225 gum
504 1175 628 1225 atque
661 1170 876 1211 verborum
919 1186 997 1211 non
1037 1171 1149 1226 copia
1191 1171 1322 1212 minus
1352 1187 1471 1227 quam
1502 1172 1700 1227 gravitate
1725 1175 1863 1214 iucun—

374 1237 581 1278 dissimum
613 1237 877 1292 praemissum
900 1238 962 1290 sit,
995 1238 1208 1293 separatim
1232 1239 1484 1292 singulorum
1508 1239 1700 1280 librorum
1723 1240 1862 1282 editio-

373 1321 464 1347 nem
488 1312 666 1361 paratam
691 1319 776 1345 esse
802 1306 935 1346 forsan
957 1323 979 1346 a
1002 1305 1348 1347 verisimilitudine
1377 1321 1454 1348 non
1477 1307 1713 1359 abhorreat,
1738 1321 1860 1362 quam

373 1374 412 1414 in
444 1373 684 1414 sententiam
716 1372 926 1415 Ovidianis
964 1388 1127 1428 quoque
1158 1373 1445 1415 imitationibus
1477 1374 1579 1415 trabi
1609 1374 1721 1415 nobis
1751 1373 1861 1416 vide-

372 1456 475 1483 mur.
537 1439 658 1490 Quod
702 1440 882 1492 Iacobus,
925 1441 986 1481 cui
1027 1441 1242 1482 assentitur
1271 1441 1490 1483 Teuffclius
1522 1441 1601 1493 (IV
1630 1441 1760 1494 edit.),
1790 1457 1859 1498 po-

371 1508 509 1549 stremi
550 1508 642 1548 libri
681 1508 892 1548 exordium
934 1508 1086 1564 aliquid
1126 1510 1278 1564 spirare
1315 1509 1391 1561 ait,
1436 1509 1543 1565 quod
1589 1510 1858 1551 intermissum

370 1575 616 1631 aliquamdiu
653 1575 829 1616 studium
870 1582 1036 1617 testetur
1076 1577 1223 1632 (praef.
1254 1592 1292 1633 p.
1325 1577 1462 1629 XVI),
1504 1576 1611 1618 haud
1648 1591 1763 1618 suum
1793 1591 1859 1619 me

370 1645 476 1695 feeit,
516 1643 707 1699 quoniam
747 1643 797 1684 ad
838 1643 943 1684 hanc
979 1643 1207 1699 opinionem
1250 1644 1361 1684 nulla
1401 1659 1444 1685 re
1475 1644 1570 1684 mibi
1602 1644 1761 1686 videtur
1789 1644 1858 1685 ad—

370 1711 511 1752 ductus
540 1725 627 1751 esse
658 1710 732 1750 nisi
774 1710 881 1765 quod
914 1725 986 1766 per
1017 1727 1051 1753 v.
1084 1710 1119 1750 V
1141 1711 1226 1752 500
1253 1727 1326 1766 sq„
1360 1718 1496 1766 utpote
1527 1726 1627 1767 quos
1657 1711 1708 1752 de
1738 1712 1856 1753 Pom·

370 1779 433 1835 pei
476 1778 632 1818 theatro
673 1778 833 1819 incenso
870 1793 1058 1834 annoque
1098 1794 1136 1834 p.
1170 1778 1268 1822 Chr.
1299 1794 1337 1821 n.
1374 1779 1423 1819 12
1466 1779 1677 1819 instaurari
1715 1786 1856 1834 coepto

368 1846 712 1902 interpretaretur,
755 1854 1041 1900 argumentum
1082 1861 1125 1887 se
1165 1855 1325 1887 nactum
1360 1861 1446 1887 esse
1486 1846 1736 1902 opinabatur,
1777 1861 1856 1904 quo

368 1914 442 1955 sub
484 1913 648 1955 Tiberio
701 1914 969 1955 astronomica
1011 1914 1124 1954 finita
1175 1929 1261 1955 esse
1306 1920 1462 1969 pateret
1506 1915 1659 1970 (progr.
1705 1913 1855 1956 Lubec.

370 1981 479 2024 1836
511 1995 549 2036 p.
587 1982 636 2022 13
675 1987 714 2022 et
747 1982 831 2032 14).
892 1981 993 2022 Mihi
1023 1982 1109 2037 ipsa
1149 1996 1209 2033 ea,
1254 1981 1360 2022 unde
1391 1981 1529 2037 incipit
1559 1982 1623 2022 hic
1651 1974 1763 2034 liber,
1795 1996 1856 2022 ar-

368 2049 564 2090 tissimam
605 2064 695 2090 eum
727 2049 1055 2091 antecedentibus
1086 2050 1407 2091 coniunctionem
1443 2049 1616 2104 prodere
1646 2049 1854 2091 videntur:

367 2118 446 2158 bue
477 2123 632 2173 spectat
671 2118 868 2173 particula
897 2117 974 2169 hic,
1010 2118 1089 2158 huc
1118 2124 1301 2173 spectant
1332 2117 1452 2158 etiam
1481 2117 1626 2158 verba:
1665 2117 1733 2158 Me
1753 2131 1855 2172 pro-

360 2199 517 2240 perare
557 2187 667 2226 viam
706 2186 888 2227 mundus
927 2186 1032 2227 iubet
1069 2186 1234 2238 (mundi
1261 2185 1367 2226 lubet
1396 2184 1574 2226 Thomas
1614 2185 1639 2228 l.
1668 2184 1695 2227 l.
1725 2199 1765 2241 p.
1797 2186 1853 2239 7).

366 2253 450 2295 Sed
490 2252 541 2294 de
571 2253 794 2294 istiusmodi
828 2267 871 2294 re
898 2253 966 2294 alii
1008 2253 1172 2294 forsitan
1206 2253 1380 2294 sentiant
1410 2252 1499 2294 alia.
1561 2251 1605 2295 Si
1643 2267 1739 2294 vero
1779 2252 1855 2293 hae

366 2320 718 2374 argumentatione
758 2320 843 2361 eius
884 2335 1006 2376 quam
1046 2320 1130 2361 dixi
1161 2320 1360 2375 opinionis
1399 2319 1674 2361 necessitatem
1704 2319 1853 2360 nemini

365 2387 518 2443 imponi
557 2387 644 2428 fieri
682 2403 762 2429 non
800 2395 932 2443 potest
971 2388 1066 2443 quin
1109 2387 1312 2440 confitear,
1350 2386 1441 2427 idco
1478 2402 1560 2428 non
1599 2401 1852 2428 communem

365 2455 485 2497 totius
515 2456 647 2511 operis
669 2455 884 2496 editionem
909 2455 1096 2496 Manilius
1127 2469 1379 2510 comparasse
1405 2453 1607 2509 putandus
1629 2462 1700 2508 est,
1730 2470 1852 2511 quam

364 2538 451 2566 esse
488 2524 634 2564 factam
676 2522 785 2563 nulla
825 2523 926 2563 iusta
966 2537 1096 2575 causa,
1140 2522 1210 2563 sed
1250 2536 1362 2563 mera
1401 2522 1631 2564 coniectura
1665 2522 1851 2566 emitur.

364 2590 473 2642 Quin
513 2591 635 2632 immo
674 2590 874 2645 Pingreus
915 2589 1205 2641 (introduction
1247 2605 1285 2645 p.
1317 2589 1445 2641 VIII)
1487 2596 1602 2646 putat
1633 2590 1675 2631 in
1709 2596 1853 2645 poetae

363 2659 518 2700 scriniis
548 2658 670 2699 libros
702 2657 879 2700 latitasse
909 2671 1040 2713 neque
1071 2672 1262 2713 umquam
1293 2658 1344 2698 ab
1374 2657 1471 2712 ipso,
1506 2665 1549 2698 ut
1578 2658 1618 2698 in
1648 2652 1849 2713 publicam

363 2726 492 2768 lucem
524 2725 744 2783 prodirent,
787 2726 974 2767 eflectum
1016 2740 1114 2769 esse.
1176 2724 1234 2768 Ut
1270 2732 1406 2766 autem
1446 2725 1515 2778 eis,
1557 2725 1626 2781 qui
1667 2725 1848 2766 ultimam

363 2809 526 2840 manum
562 2794 613 2838 ad
652 2794 919 2838 astronomica
949 2793 1162 2837 accessisse
1192 2799 1354 2851 negant,
1394 2793 1599 2848 assentiar,
1635 2793 1698 2836 vel
1729 2807 1777 2836 ea
1805 2806 1850 2837 re
