<?xml version="1.0" encoding="UTF-8"?>
<!DOCTYPE html PUBLIC "-//W3C//DTD XHTML 1.0 Transitional//EN"
    "http://www.w3.org/TR/xhtml1/DTD/xhtml1-transitional.dtd">
<html xmlns="http://www.w3.org/1999/xhtml" xml:lang="en" lang="en">
 <head>
  <title>
</title>
<meta http-equiv="Content-Type" content="text/html;charset=utf-8" />
  <meta name='ocr-system' content='tesseract 3.04.00' />
  <meta name='ocr-capabilities' content='ocr_page ocr_carea ocr_par ocr_line ocrx_word'/>
</head>
<body>
  <div class='ocr_page' id='page_1' title='image "./lucubrationesman00thomuoft_0501.png"; bbox 0 0 1916 3302; ppageno 0'>
   <div class='ocr_carea' id='block_1_1' title="bbox 22 586 46 761">
    <p class='ocr_par' dir='ltr' id='par_1_1' title="bbox 22 586 46 761">
     <span class='ocr_line' id='line_1_1' title="bbox 23 586 46 627; baseline 0 -35"><span class='ocrx_word' id='word_1_1' title='bbox 23 586 46 627; x_wconf 47' lang='grc' dir='ltr'>ᾖ.</span> 
     </span>
     <span class='ocr_line' id='line_1_2' title="bbox 22 654 45 698; baseline 0 -40"><span class='ocrx_word' id='word_1_2' title='bbox 22 654 45 698; x_wconf 59' lang='grc' dir='ltr'>ἑ</span> 
     </span>
     <span class='ocr_line' id='line_1_3' title="bbox 25 719 38 737; baseline 0 -7"><span class='ocrx_word' id='word_1_3' title='bbox 25 719 38 737; x_wconf 48' lang='grc' dir='ltr'>ς’</span> 
     </span>
     <span class='ocr_line' id='line_1_4' title="bbox 23 744 31 761; baseline 0 0"><span class='ocrx_word' id='word_1_4' title='bbox 23 744 31 761; x_wconf 89' lang='grc' dir='ltr'>ι</span> 
     </span>
    </p>
   </div>
   <div class='ocr_carea' id='block_1_2' title="bbox 0 1920 70 3302">
    <p class='ocr_par' dir='ltr' id='par_1_2' title="bbox 0 1920 70 3302">
     <span class='ocr_line' id='line_1_5' title="bbox 0 1920 70 3302; baseline 0 0"><span class='ocrx_word' id='word_1_5' title='bbox 0 1920 70 3302; x_wconf 95' lang='lat' dir='ltr'> </span> 
     </span>
    </p>
   </div>
   <div class='ocr_carea' id='block_1_3' title="bbox 823 243 1106 290">
    <p class='ocr_par' dir='ltr' id='par_1_3' title="bbox 823 243 1106 290">
     <span class='ocr_line' id='line_1_6' title="bbox 823 243 1106 290; baseline 0 -10"><span class='ocrx_word' id='word_1_6' title='bbox 823 243 1106 290; x_wconf 81' lang='lat'>...37.-.</span> 
     </span>
    </p>
   </div>
   <div class='ocr_carea' id='block_1_4' title="bbox 193 371 1730 2525">
    <p class='ocr_par' dir='ltr' id='par_1_4' title="bbox 193 371 1730 1549">
     <span class='ocr_line' id='line_1_7' title="bbox 198 371 1730 437; baseline -0.003 -13"><span class='ocrx_word' id='word_1_7' title='bbox 198 376 444 437; x_wconf 82' lang='lat' dir='ltr'>Complures</span> <span class='ocrx_word' id='word_1_8' title='bbox 488 374 539 421; x_wconf 90' lang='lat' dir='ltr'>de</span> <span class='ocrx_word' id='word_1_9' title='bbox 579 374 829 435; x_wconf 78' lang='lat' dir='ltr'><strong>imperatore</strong></span> <span class='ocrx_word' id='word_1_10' title='bbox 869 374 1055 419; x_wconf 88' lang='lat' dir='ltr'>notiones</span> <span class='ocrx_word' id='word_1_11' title='bbox 1098 379 1139 419; x_wconf 91' lang='lat' dir='ltr'>et</span> <span class='ocrx_word' id='word_1_12' title='bbox 1180 371 1450 431; x_wconf 86' lang='lat' dir='ltr'>cogitationes</span> <span class='ocrx_word' id='word_1_13' title='bbox 1495 372 1730 433; x_wconf 81' lang='lat' dir='ltr'>astrologus</span> 
     </span>
     <span class='ocr_line' id='line_1_8' title="bbox 198 444 1727 502; baseline -0.003 -10"><span class='ocrx_word' id='word_1_14' title='bbox 198 449 361 492; x_wconf 80' lang='lat' dir='ltr'>videtur</span> <span class='ocrx_word' id='word_1_15' title='bbox 389 447 619 490; x_wconf 84' lang='lat' dir='ltr'>imbibisse:</span> <span class='ocrx_word' id='word_1_16' title='bbox 653 446 803 489; x_wconf 86' lang='lat' dir='ltr'>etenim</span> <span class='ocrx_word' id='word_1_17' title='bbox 828 453 888 489; x_wconf 88' lang='lat' dir='ltr'>est</span> <span class='ocrx_word' id='word_1_18' title='bbox 911 447 1129 502; x_wconf 83' lang='lat' dir='ltr'>Augustus</span> <span class='ocrx_word' id='word_1_19' title='bbox 1152 444 1356 488; x_wconf 88' lang='lat' dir='ltr'>terrestris</span> <span class='ocrx_word' id='word_1_20' title='bbox 1386 444 1548 502; x_wconf 89' lang='lat' dir='ltr'>imperii</span> <span class='ocrx_word' id='word_1_21' title='bbox 1578 451 1727 499; x_wconf 84' lang='lat' dir='ltr'>rector,</span> 
     </span>
     <span class='ocr_line' id='line_1_9' title="bbox 197 514 1729 576; baseline -0.003 -14"><span class='ocrx_word' id='word_1_22' title='bbox 197 519 391 576; x_wconf 82' lang='lat' dir='ltr'>idemque</span> <span class='ocrx_word' id='word_1_23' title='bbox 422 518 502 559; x_wconf 88' lang='lat' dir='ltr'>iam</span> <span class='ocrx_word' id='word_1_24' title='bbox 529 516 662 558; x_wconf 91' lang='lat' dir='ltr'>induit</span> <span class='ocrx_word' id='word_1_25' title='bbox 685 515 940 558; x_wconf 87' lang='lat' dir='ltr'>divinitatem</span> <span class='ocrx_word' id='word_1_26' title='bbox 973 531 1047 573; x_wconf 88' lang='lat' dir='ltr'>pro</span> <span class='ocrx_word' id='word_1_27' title='bbox 1069 515 1231 572; x_wconf 90' lang='lat' dir='ltr'>deoque</span> <span class='ocrx_word' id='word_1_28' title='bbox 1255 514 1421 568; x_wconf 82' lang='lat' dir='ltr'>colitur3</span> <span class='ocrx_word' id='word_1_29' title='bbox 1450 529 1498 557; x_wconf 91' lang='lat' dir='ltr'>ac</span> <span class='ocrx_word' id='word_1_30' title='bbox 1526 515 1594 558; x_wconf 88' lang='lat' dir='ltr'>vel</span> <span class='ocrx_word' id='word_1_31' title='bbox 1616 514 1729 558; x_wconf 88' lang='lat' dir='ltr'>sidus</span> 
     </span>
     <span class='ocr_line' id='line_1_10' title="bbox 198 584 1729 644; baseline -0.004 -12"><span class='ocrx_word' id='word_1_32' title='bbox 198 589 234 631; x_wconf 87' lang='lat' dir='ltr'>ei</span> <span class='ocrx_word' id='word_1_33' title='bbox 264 595 325 632; x_wconf 89' lang='lat' dir='ltr'>est</span> <span class='ocrx_word' id='word_1_34' title='bbox 357 588 581 644; x_wconf 88' lang='lat' dir='ltr'>imperator</span> <span class='ocrx_word' id='word_1_35' title='bbox 610 592 651 627; x_wconf 88' lang='lat' dir='ltr'>et</span> <span class='ocrx_word' id='word_1_36' title='bbox 691 585 732 626; x_wconf 90' lang='lat' dir='ltr'>in</span> <span class='ocrx_word' id='word_1_37' title='bbox 774 585 888 627; x_wconf 89' lang='lat' dir='ltr'>caclo</span> <span class='ocrx_word' id='word_1_38' title='bbox 929 584 1236 642; x_wconf 82' lang='lat' dir='ltr'>quodammodo</span> <span class='ocrx_word' id='word_1_39' title='bbox 1279 590 1480 639; x_wconf 87' lang='lat' dir='ltr'>versatur,</span> <span class='ocrx_word' id='word_1_40' title='bbox 1521 590 1567 626; x_wconf 90' lang='lat' dir='ltr'>ut</span> <span class='ocrx_word' id='word_1_41' title='bbox 1604 584 1729 628; x_wconf 89' lang='lat' dir='ltr'>etiam</span> 
     </span>
     <span class='ocr_line' id='line_1_11' title="bbox 197 654 1728 715; baseline -0.003 -15"><span class='ocrx_word' id='word_1_42' title='bbox 197 657 372 715; x_wconf 82' lang='lat' dir='ltr'>Olympi</span> <span class='ocrx_word' id='word_1_43' title='bbox 404 663 550 709; x_wconf 86' lang='lat' dir='ltr'>rector,</span> <span class='ocrx_word' id='word_1_44' title='bbox 585 655 611 700; x_wconf 84' lang='lat' dir='ltr'>i.</span> <span class='ocrx_word' id='word_1_45' title='bbox 636 670 670 699; x_wconf 82' lang='lat' dir='ltr'>e.</span> <span class='ocrx_word' id='word_1_46' title='bbox 702 655 825 697; x_wconf 86' lang='lat' dir='ltr'>totius</span> <span class='ocrx_word' id='word_1_47' title='bbox 850 654 1004 708; x_wconf 87' lang='lat' dir='ltr'>mundi,</span> <span class='ocrx_word' id='word_1_48' title='bbox 1039 661 1080 696; x_wconf 89' lang='lat' dir='ltr'>et</span> <span class='ocrx_word' id='word_1_49' title='bbox 1101 654 1203 697; x_wconf 82' lang='lat' dir='ltr'>caeli</span> <span class='ocrx_word' id='word_1_50' title='bbox 1225 661 1266 697; x_wconf 92' lang='lat' dir='ltr'>et</span> <span class='ocrx_word' id='word_1_51' title='bbox 1287 661 1433 707; x_wconf 82' lang='lat' dir='ltr'>terrae,</span> <span class='ocrx_word' id='word_1_52' title='bbox 1464 660 1590 711; x_wconf 86' lang='lat' dir='ltr'>atque</span> <span class='ocrx_word' id='word_1_53' title='bbox 1620 654 1728 697; x_wconf 85' lang='lat' dir='ltr'>Iovis</span> 
     </span>
     <span class='ocr_line' id='line_1_12' title="bbox 195 723 1727 781; baseline -0.003 -10"><span class='ocrx_word' id='word_1_54' title='bbox 195 728 328 771; x_wconf 85' lang='lat' dir='ltr'>socius</span> <span class='ocrx_word' id='word_1_55' title='bbox 359 734 539 769; x_wconf 81' lang='lat' dir='ltr'>vocetur.</span> <span class='ocrx_word' id='word_1_56' title='bbox 589 724 742 766; x_wconf 84' lang='lat' dir='ltr'>Videas</span> <span class='ocrx_word' id='word_1_57' title='bbox 772 725 900 779; x_wconf 87' lang='lat' dir='ltr'>igitur</span> <span class='ocrx_word' id='word_1_58' title='bbox 927 731 1092 781; x_wconf 88' lang='lat' dir='ltr'>poetam</span> <span class='ocrx_word' id='word_1_59' title='bbox 1123 738 1222 766; x_wconf 90' lang='lat' dir='ltr'>vere</span> <span class='ocrx_word' id='word_1_60' title='bbox 1244 723 1526 767; x_wconf 78' lang='lat' dir='ltr'><strong>Chaldaeum!</strong></span> <span class='ocrx_word' id='word_1_61' title='bbox 1574 723 1727 781; x_wconf 80' lang='lat' dir='ltr'>Neque</span> 
     </span>
     <span class='ocr_line' id='line_1_13' title="bbox 199 794 1727 851; baseline -0.002 -12"><span class='ocrx_word' id='word_1_62' title='bbox 199 803 338 840; x_wconf 86' lang='lat' dir='ltr'>tamen</span> <span class='ocrx_word' id='word_1_63' title='bbox 367 795 498 838; x_wconf 88' lang='lat' dir='ltr'>multo</span> <span class='ocrx_word' id='word_1_64' title='bbox 539 794 641 836; x_wconf 91' lang='lat' dir='ltr'>illud</span> <span class='ocrx_word' id='word_1_65' title='bbox 684 801 745 837; x_wconf 89' lang='lat' dir='ltr'>est</span> <span class='ocrx_word' id='word_1_66' title='bbox 772 794 1026 847; x_wconf 87' lang='lat' dir='ltr'>insolentius,</span> <span class='ocrx_word' id='word_1_67' title='bbox 1066 809 1188 851; x_wconf 89' lang='lat' dir='ltr'>quam</span> <span class='ocrx_word' id='word_1_68' title='bbox 1223 794 1255 836; x_wconf 88' lang='lat' dir='ltr'>si</span> <span class='ocrx_word' id='word_1_69' title='bbox 1281 794 1522 850; x_wconf 84' lang='lat' dir='ltr'>Augustum</span> <span class='ocrx_word' id='word_1_70' title='bbox 1554 794 1727 836; x_wconf 89' lang='lat' dir='ltr'>deorum</span> 
     </span>
     <span class='ocr_line' id='line_1_14' title="bbox 195 860 1727 921; baseline -0.003 -11"><span class='ocrx_word' id='word_1_71' title='bbox 195 867 455 910; x_wconf 88' lang='lat' dir='ltr'>mitissimum</span> <span class='ocrx_word' id='word_1_72' title='bbox 488 860 576 907; x_wconf 84' lang='lat' dir='ltr'>esse</span> <span class='ocrx_word' id='word_1_73' title='bbox 615 864 655 906; x_wconf 88' lang='lat' dir='ltr'>in</span> <span class='ocrx_word' id='word_1_74' title='bbox 698 863 927 921; x_wconf 89' lang='lat' dir='ltr'>codemque</span> <span class='ocrx_word' id='word_1_75' title='bbox 958 863 1131 906; x_wconf 87' lang='lat' dir='ltr'>disticho</span> <span class='ocrx_word' id='word_1_76' title='bbox 1170 863 1324 906; x_wconf 88' lang='lat' dir='ltr'>almam</span> <span class='ocrx_word' id='word_1_77' title='bbox 1357 870 1508 906; x_wconf 89' lang='lat' dir='ltr'>terram</span> <span class='ocrx_word' id='word_1_78' title='bbox 1541 878 1589 906; x_wconf 92' lang='lat' dir='ltr'>co</span> <span class='ocrx_word' id='word_1_79' title='bbox 1621 863 1727 906; x_wconf 92' lang='lat' dir='ltr'>nihil</span> 
     </span>
     <span class='ocr_line' id='line_1_15' title="bbox 197 933 1726 991; baseline -0.003 -11"><span class='ocrx_word' id='word_1_80' title='bbox 197 937 350 980; x_wconf 86' lang='lat' dir='ltr'>habere</span> <span class='ocrx_word' id='word_1_81' title='bbox 382 935 513 977; x_wconf 89' lang='lat' dir='ltr'>maius</span> <span class='ocrx_word' id='word_1_82' title='bbox 541 934 640 976; x_wconf 89' lang='lat' dir='ltr'>dicit</span> <span class='ocrx_word' id='word_1_83' title='bbox 671 933 848 977; x_wconf 86' lang='lat' dir='ltr'>Ovidius</span> <span class='ocrx_word' id='word_1_84' title='bbox 879 934 919 975; x_wconf 90' lang='lat' dir='ltr'>in</span> <span class='ocrx_word' id='word_1_85' title='bbox 953 934 1030 991; x_wconf 81' lang='lat' dir='ltr'>Ep.</span> <span class='ocrx_word' id='word_1_86' title='bbox 1057 949 1107 976; x_wconf 81' lang='lat' dir='ltr'>ex</span> <span class='ocrx_word' id='word_1_87' title='bbox 1145 934 1187 977; x_wconf 83' lang='lat' dir='ltr'>P.</span> <span class='ocrx_word' id='word_1_88' title='bbox 1214 934 1229 975; x_wconf 95' lang='grc' dir='ltr'>Ι</span> <span class='ocrx_word' id='word_1_89' title='bbox 1257 934 1296 988; x_wconf 76' lang='grc'>2,</span> <span class='ocrx_word' id='word_1_90' title='bbox 1326 934 1380 976; x_wconf 86' lang='grc'>99</span> <span class='ocrx_word' id='word_1_91' title='bbox 1402 949 1463 990; x_wconf 86' lang='lat' dir='ltr'>sq.</span> <span class='ocrx_word' id='word_1_92' title='bbox 1512 933 1726 988; x_wconf 88' lang='lat' dir='ltr'>Dolemus,</span> 
     </span>
     <span class='ocr_line' id='line_1_16' title="bbox 195 1003 1727 1065; baseline -0.003 -15"><span class='ocrx_word' id='word_1_93' title='bbox 195 1006 306 1065; x_wconf 90' lang='lat' dir='ltr'>quod</span> <span class='ocrx_word' id='word_1_94' title='bbox 323 1012 487 1064; x_wconf 88' lang='lat' dir='ltr'>praeter</span> <span class='ocrx_word' id='word_1_95' title='bbox 504 1005 604 1047; x_wconf 89' lang='lat' dir='ltr'>haec</span> <span class='ocrx_word' id='word_1_96' title='bbox 626 1004 900 1046; x_wconf 84' lang='lat' dir='ltr'>astronomica</span> <span class='ocrx_word' id='word_1_97' title='bbox 918 1019 1074 1058; x_wconf 91' lang='lat' dir='ltr'>eorum,</span> <span class='ocrx_word' id='word_1_98' title='bbox 1099 1004 1168 1060; x_wconf 91' lang='lat' dir='ltr'>qui</span> <span class='ocrx_word' id='word_1_99' title='bbox 1191 1003 1261 1045; x_wconf 90' lang='lat' dir='ltr'>illa</span> <span class='ocrx_word' id='word_1_100' title='bbox 1282 1010 1418 1046; x_wconf 89' lang='lat' dir='ltr'>aetate</span> <span class='ocrx_word' id='word_1_101' title='bbox 1437 1003 1727 1060; x_wconf 83' lang='lat' dir='ltr'>babylonicam</span> 
     </span>
     <span class='ocr_line' id='line_1_17' title="bbox 195 1072 1727 1132; baseline -0.003 -13"><span class='ocrx_word' id='word_1_102' title='bbox 195 1083 326 1120; x_wconf 86' lang='lat' dir='ltr'>artem</span> <span class='ocrx_word' id='word_1_103' title='bbox 358 1073 668 1132; x_wconf 86' lang='lat' dir='ltr'>profitebantur,</span> <span class='ocrx_word' id='word_1_104' title='bbox 711 1074 894 1115; x_wconf 87' lang='lat' dir='ltr'>carmina</span> <span class='ocrx_word' id='word_1_105' title='bbox 925 1073 1039 1115; x_wconf 90' lang='lat' dir='ltr'>nulla</span> <span class='ocrx_word' id='word_1_106' title='bbox 1070 1079 1234 1116; x_wconf 83' lang='lat' dir='ltr'>servata</span> <span class='ocrx_word' id='word_1_107' title='bbox 1263 1079 1370 1127; x_wconf 88' lang='lat' dir='ltr'>sunt,</span> <span class='ocrx_word' id='word_1_108' title='bbox 1415 1079 1470 1126; x_wconf 88' lang='lat' dir='ltr'>ut,</span> <span class='ocrx_word' id='word_1_109' title='bbox 1514 1088 1612 1114; x_wconf 89' lang='lat' dir='ltr'>num</span> <span class='ocrx_word' id='word_1_110' title='bbox 1644 1072 1727 1127; x_wconf 87' lang='lat' dir='ltr'>alii,</span> 
     </span>
     <span class='ocr_line' id='line_1_18' title="bbox 196 1142 1726 1204; baseline -0.003 -16"><span class='ocrx_word' id='word_1_111' title='bbox 196 1146 267 1204; x_wconf 90' lang='lat' dir='ltr'>qui</span> <span class='ocrx_word' id='word_1_112' title='bbox 298 1146 350 1188; x_wconf 89' lang='lat' dir='ltr'>ab</span> <span class='ocrx_word' id='word_1_113' title='bbox 374 1145 451 1187; x_wconf 89' lang='lat' dir='ltr'>hac</span> <span class='ocrx_word' id='word_1_114' title='bbox 481 1150 592 1186; x_wconf 89' lang='lat' dir='ltr'>secta</span> <span class='ocrx_word' id='word_1_115' title='bbox 615 1143 791 1197; x_wconf 86' lang='lat' dir='ltr'>stabant,</span> <span class='ocrx_word' id='word_1_116' title='bbox 819 1143 870 1186; x_wconf 93' lang='lat' dir='ltr'>de</span> <span class='ocrx_word' id='word_1_117' title='bbox 897 1144 1092 1199; x_wconf 87' lang='lat' dir='ltr'>Augusto</span> <span class='ocrx_word' id='word_1_118' title='bbox 1125 1142 1234 1185; x_wconf 90' lang='lat' dir='ltr'>idem</span> <span class='ocrx_word' id='word_1_119' title='bbox 1266 1143 1333 1185; x_wconf 89' lang='lat' dir='ltr'>vel</span> <span class='ocrx_word' id='word_1_120' title='bbox 1366 1142 1499 1185; x_wconf 89' lang='lat' dir='ltr'>simile</span> <span class='ocrx_word' id='word_1_121' title='bbox 1532 1142 1726 1197; x_wconf 81' lang='lat' dir='ltr'>dixerint,</span> 
     </span>
     <span class='ocr_line' id='line_1_19' title="bbox 195 1211 1726 1269; baseline -0.003 -11"><span class='ocrx_word' id='word_1_122' title='bbox 195 1215 412 1259; x_wconf 81' lang='lat' dir='ltr'>nesciatur.</span> <span class='ocrx_word' id='word_1_123' title='bbox 475 1213 559 1258; x_wconf 90' lang='lat' dir='ltr'>Sed</span> <span class='ocrx_word' id='word_1_124' title='bbox 593 1228 645 1255; x_wconf 87' lang='lat' dir='ltr'>ex</span> <span class='ocrx_word' id='word_1_125' title='bbox 667 1213 756 1255; x_wconf 86' lang='lat' dir='ltr'>aliis</span> <span class='ocrx_word' id='word_1_126' title='bbox 781 1212 1071 1267; x_wconf 84' lang='lat' dir='ltr'>monumentis,</span> <span class='ocrx_word' id='word_1_127' title='bbox 1106 1212 1215 1254; x_wconf 89' lang='lat' dir='ltr'>unde</span> <span class='ocrx_word' id='word_1_128' title='bbox 1244 1212 1295 1255; x_wconf 93' lang='lat' dir='ltr'>de</span> <span class='ocrx_word' id='word_1_129' title='bbox 1318 1211 1500 1269; x_wconf 85' lang='lat' dir='ltr'>Augusti</span> <span class='ocrx_word' id='word_1_130' title='bbox 1532 1212 1726 1254; x_wconf 90' lang='lat' dir='ltr'>aliorum-</span> 
     </span>
     <span class='ocr_line' id='line_1_20' title="bbox 193 1282 1726 1343; baseline -0.003 -15"><span class='ocrx_word' id='word_1_131' title='bbox 193 1299 276 1343; x_wconf 86' lang='lat' dir='ltr'>que</span> <span class='ocrx_word' id='word_1_132' title='bbox 306 1284 418 1327; x_wconf 90' lang='lat' dir='ltr'>cultu</span> <span class='ocrx_word' id='word_1_133' title='bbox 448 1284 554 1326; x_wconf 89' lang='lat' dir='ltr'>bene</span> <span class='ocrx_word' id='word_1_134' title='bbox 576 1283 849 1335; x_wconf 84' lang='lat' dir='ltr'>instituamur,</span> <span class='ocrx_word' id='word_1_135' title='bbox 877 1282 1026 1324; x_wconf 83' lang='lat' dir='ltr'>similia</span> <span class='ocrx_word' id='word_1_136' title='bbox 1048 1282 1266 1339; x_wconf 82' lang='lat' dir='ltr'>quaedam,</span> <span class='ocrx_word' id='word_1_137' title='bbox 1292 1282 1326 1323; x_wconf 90' lang='lat' dir='ltr'>si</span> <span class='ocrx_word' id='word_1_138' title='bbox 1350 1289 1540 1339; x_wconf 87' lang='lat' dir='ltr'>repetere</span> <span class='ocrx_word' id='word_1_139' title='bbox 1561 1282 1726 1336; x_wconf 88' lang='lat' dir='ltr'>iuverit,</span> 
     </span>
     <span class='ocr_line' id='line_1_21' title="bbox 194 1352 1727 1410; baseline -0.001 -13"><span class='ocrx_word' id='word_1_140' title='bbox 194 1355 276 1397; x_wconf 89' lang='lat' dir='ltr'>iam</span> <span class='ocrx_word' id='word_1_141' title='bbox 310 1354 450 1396; x_wconf 90' lang='lat' dir='ltr'>vivum</span> <span class='ocrx_word' id='word_1_142' title='bbox 492 1353 609 1395; x_wconf 90' lang='lat' dir='ltr'>illum</span> <span class='ocrx_word' id='word_1_143' title='bbox 651 1352 800 1395; x_wconf 91' lang='lat' dir='ltr'>divinis</span> <span class='ocrx_word' id='word_1_144' title='bbox 842 1353 1067 1395; x_wconf 83' lang='lat' dir='ltr'>honoribus</span> <span class='ocrx_word' id='word_1_145' title='bbox 1099 1352 1296 1394; x_wconf 85' lang='lat' dir='ltr'>affectum</span> <span class='ocrx_word' id='word_1_146' title='bbox 1327 1358 1369 1395; x_wconf 91' lang='lat' dir='ltr'>et</span> <span class='ocrx_word' id='word_1_147' title='bbox 1406 1367 1481 1409; x_wconf 92' lang='lat' dir='ltr'>pro</span> <span class='ocrx_word' id='word_1_148' title='bbox 1510 1352 1598 1410; x_wconf 87' lang='lat' dir='ltr'>ipso</span> <span class='ocrx_word' id='word_1_149' title='bbox 1630 1353 1727 1396; x_wconf 89' lang='lat' dir='ltr'>Iove</span> 
     </span>
     <span class='ocr_line' id='line_1_22' title="bbox 194 1422 1726 1480; baseline -0.002 -13"><span class='ocrx_word' id='word_1_150' title='bbox 194 1431 266 1467; x_wconf 87' lang='lat' dir='ltr'>aut</span> <span class='ocrx_word' id='word_1_151' title='bbox 297 1423 396 1469; x_wconf 87' lang='lat' dir='ltr'>Sole</span> <span class='ocrx_word' id='word_1_152' title='bbox 424 1423 610 1466; x_wconf 87' lang='lat' dir='ltr'>habitum</span> <span class='ocrx_word' id='word_1_153' title='bbox 643 1438 731 1465; x_wconf 88' lang='lat' dir='ltr'>esse</span> <span class='ocrx_word' id='word_1_154' title='bbox 774 1423 976 1465; x_wconf 81' lang='lat' dir='ltr'>discemus</span> <span class='ocrx_word' id='word_1_155' title='bbox 995 1422 1024 1477; x_wconf 89' lang='lat'>¹)</span> <span class='ocrx_word' id='word_1_156' title='bbox 1063 1437 1198 1480; x_wconf 90' lang='lat' dir='ltr'>neque</span> <span class='ocrx_word' id='word_1_157' title='bbox 1222 1422 1358 1464; x_wconf 89' lang='lat' dir='ltr'>minus</span> <span class='ocrx_word' id='word_1_158' title='bbox 1388 1422 1495 1464; x_wconf 84' lang='lat' dir='ltr'>inter</span> <span class='ocrx_word' id='word_1_159' title='bbox 1525 1427 1636 1464; x_wconf 88' lang='lat' dir='ltr'>astra</span> <span class='ocrx_word' id='word_1_160' title='bbox 1667 1422 1726 1465; x_wconf 88' lang='lat' dir='ltr'>vi-</span> 
     </span>
     <span class='ocr_line' id='line_1_23' title="bbox 196 1492 1025 1549; baseline -0.002 -12"><span class='ocrx_word' id='word_1_161' title='bbox 196 1494 308 1538; x_wconf 83' lang='lat' dir='ltr'>venti</span> <span class='ocrx_word' id='word_1_162' title='bbox 339 1494 474 1537; x_wconf 88' lang='lat' dir='ltr'>locum</span> <span class='ocrx_word' id='word_1_163' title='bbox 506 1493 648 1536; x_wconf 91' lang='lat' dir='ltr'>datum</span> <span class='ocrx_word' id='word_1_164' title='bbox 680 1507 768 1535; x_wconf 89' lang='lat' dir='ltr'>esse</span> <span class='ocrx_word' id='word_1_165' title='bbox 795 1492 1025 1549; x_wconf 84' lang='lat' dir='ltr'>apparebit.</span> 
     </span>
    </p>

    <p class='ocr_par' dir='ltr' id='par_1_5' title="bbox 193 1560 1730 2525">
     <span class='ocr_line' id='line_1_24' title="bbox 332 1560 1726 1620; baseline -0.004 -14"><span class='ocrx_word' id='word_1_166' title='bbox 332 1563 430 1606; x_wconf 88' lang='lat' dir='ltr'>Non</span> <span class='ocrx_word' id='word_1_167' title='bbox 461 1579 486 1606; x_wconf 90' lang='lat' dir='ltr'>a</span> <span class='ocrx_word' id='word_1_168' title='bbox 526 1578 592 1606; x_wconf 91' lang='lat' dir='ltr'>me</span> <span class='ocrx_word' id='word_1_169' title='bbox 633 1562 920 1620; x_wconf 83' lang='lat' dir='ltr'>postulabitur,</span> <span class='ocrx_word' id='word_1_170' title='bbox 963 1561 1022 1603; x_wconf 85' lang='lat' dir='ltr'>uti</span> <span class='ocrx_word' id='word_1_171' title='bbox 1053 1579 1076 1604; x_wconf 87' lang='lat' dir='ltr'>a</span> <span class='ocrx_word' id='word_1_172' title='bbox 1117 1560 1250 1618; x_wconf 87' lang='lat' dir='ltr'>capite</span> <span class='ocrx_word' id='word_1_173' title='bbox 1287 1567 1500 1618; x_wconf 83' lang='lat' dir='ltr'>tamquam</span> <span class='ocrx_word' id='word_1_174' title='bbox 1542 1575 1726 1615; x_wconf 82' lang='lat' dir='ltr'>exorsus,</span> 
     </span>
     <span class='ocr_line' id='line_1_25' title="bbox 195 1630 1728 1692; baseline -0.003 -15"><span class='ocrx_word' id='word_1_175' title='bbox 195 1633 402 1692; x_wconf 88' lang='lat' dir='ltr'>quomodo</span> <span class='ocrx_word' id='word_1_176' title='bbox 431 1632 588 1690; x_wconf 85' lang='lat' dir='ltr'>antiqui</span> <span class='ocrx_word' id='word_1_177' title='bbox 621 1647 670 1675; x_wconf 94' lang='lat' dir='ltr'>eo</span> <span class='ocrx_word' id='word_1_178' title='bbox 697 1632 923 1690; x_wconf 86' lang='lat' dir='ltr'>procedere</span> <span class='ocrx_word' id='word_1_179' title='bbox 953 1631 1120 1674; x_wconf 90' lang='lat' dir='ltr'>omnino</span> <span class='ocrx_word' id='word_1_180' title='bbox 1152 1631 1374 1689; x_wconf 89' lang='lat' dir='ltr'>potuerint,</span> <span class='ocrx_word' id='word_1_181' title='bbox 1417 1637 1462 1673; x_wconf 89' lang='lat' dir='ltr'>ut</span> <span class='ocrx_word' id='word_1_182' title='bbox 1492 1630 1728 1673; x_wconf 89' lang='lat' dir='ltr'>hominibus</span> 
     </span>
     <span class='ocr_line' id='line_1_26' title="bbox 194 1700 1728 1759; baseline -0.003 -12"><span class='ocrx_word' id='word_1_183' title='bbox 194 1703 355 1747; x_wconf 86' lang='lat' dir='ltr'>divinos</span> <span class='ocrx_word' id='word_1_184' title='bbox 386 1703 562 1746; x_wconf 84' lang='lat' dir='ltr'>honores</span> <span class='ocrx_word' id='word_1_185' title='bbox 594 1702 808 1756; x_wconf 85' lang='lat' dir='ltr'>inferrent,</span> <span class='ocrx_word' id='word_1_186' title='bbox 851 1716 1081 1759; x_wconf 86' lang='lat' dir='ltr'>exponam:</span> <span class='ocrx_word' id='word_1_187' title='bbox 1124 1701 1328 1744; x_wconf 82' lang='lat' dir='ltr'>adeantur</span> <span class='ocrx_word' id='word_1_188' title='bbox 1369 1701 1421 1743; x_wconf 90' lang='lat' dir='ltr'>de</span> <span class='ocrx_word' id='word_1_189' title='bbox 1453 1701 1530 1742; x_wconf 89' lang='lat' dir='ltr'>hae</span> <span class='ocrx_word' id='word_1_190' title='bbox 1561 1715 1605 1743; x_wconf 88' lang='lat' dir='ltr'>re</span> <span class='ocrx_word' id='word_1_191' title='bbox 1632 1700 1728 1742; x_wconf 79' lang='lat' dir='ltr'>libri</span> 
     </span>
     <span class='ocr_line' id='line_1_27' title="bbox 194 1770 1727 1831; baseline -0.003 -15"><span class='ocrx_word' id='word_1_192' title='bbox 194 1773 482 1831; x_wconf 88' lang='lat' dir='ltr'>mythologiei.</span> <span class='ocrx_word' id='word_1_193' title='bbox 544 1771 630 1816; x_wconf 86' lang='lat' dir='ltr'>Sed</span> <span class='ocrx_word' id='word_1_194' title='bbox 663 1772 777 1814; x_wconf 88' lang='lat' dir='ltr'>iuvat</span> <span class='ocrx_word' id='word_1_195' title='bbox 808 1786 978 1814; x_wconf 90' lang='lat' dir='ltr'>monere</span> <span class='ocrx_word' id='word_1_196' title='bbox 1012 1771 1127 1813; x_wconf 89' lang='lat' dir='ltr'>illum</span> <span class='ocrx_word' id='word_1_197' title='bbox 1170 1771 1317 1828; x_wconf 89' lang='lat' dir='ltr'>ipsum,</span> <span class='ocrx_word' id='word_1_198' title='bbox 1363 1784 1487 1828; x_wconf 89' lang='lat' dir='ltr'>quem</span> <span class='ocrx_word' id='word_1_199' title='bbox 1522 1770 1727 1827; x_wconf 84' lang='lat' dir='ltr'>originem</span> 
     </span>
     <span class='ocr_line' id='line_1_28' title="bbox 193 1839 1730 1902; baseline -0.003 -16"><span class='ocrx_word' id='word_1_200' title='bbox 193 1843 330 1902; x_wconf 87' lang='lat' dir='ltr'>gentis</span> <span class='ocrx_word' id='word_1_201' title='bbox 371 1843 710 1899; x_wconf 86' lang='lat' dir='ltr'>conditoremque</span> <span class='ocrx_word' id='word_1_202' title='bbox 750 1842 1024 1895; x_wconf 86' lang='lat' dir='ltr'>honorabant,</span> <span class='ocrx_word' id='word_1_203' title='bbox 1065 1842 1256 1884; x_wconf 87' lang='lat' dir='ltr'>Aeneam</span> <span class='ocrx_word' id='word_1_204' title='bbox 1289 1840 1393 1894; x_wconf 87' lang='lat' dir='ltr'>dico,</span> <span class='ocrx_word' id='word_1_205' title='bbox 1437 1855 1459 1883; x_wconf 94' lang='lat' dir='ltr'>e</span> <span class='ocrx_word' id='word_1_206' title='bbox 1493 1839 1658 1883; x_wconf 86' lang='lat' dir='ltr'>Venere</span> <span class='ocrx_word' id='word_1_207' title='bbox 1688 1846 1730 1882; x_wconf 88' lang='lat' dir='ltr'>et</span> 
     </span>
     <span class='ocr_line' id='line_1_29' title="bbox 194 1909 1728 1967; baseline -0.003 -11"><span class='ocrx_word' id='word_1_208' title='bbox 194 1913 381 1956; x_wconf 85' lang='lat' dir='ltr'>Anchisa</span> <span class='ocrx_word' id='word_1_209' title='bbox 409 1919 546 1955; x_wconf 90' lang='lat' dir='ltr'>ortum</span> <span class='ocrx_word' id='word_1_210' title='bbox 586 1911 804 1954; x_wconf 86' lang='lat' dir='ltr'>arbitratos</span> <span class='ocrx_word' id='word_1_211' title='bbox 847 1925 935 1953; x_wconf 88' lang='lat' dir='ltr'>esse</span> <span class='ocrx_word' id='word_1_212' title='bbox 972 1910 1206 1953; x_wconf 86' lang='lat' dir='ltr'>Romanos:</span> <span class='ocrx_word' id='word_1_213' title='bbox 1249 1925 1373 1967; x_wconf 87' lang='lat' dir='ltr'>quem</span> <span class='ocrx_word' id='word_1_214' title='bbox 1414 1915 1557 1967; x_wconf 88' lang='lat' dir='ltr'>postea</span> <span class='ocrx_word' id='word_1_215' title='bbox 1603 1909 1728 1952; x_wconf 91' lang='lat' dir='ltr'>deum</span> 
     </span>
     <span class='ocr_line' id='line_1_30' title="bbox 193 1979 1729 2039; baseline -0.003 -13"><span class='ocrx_word' id='word_1_216' title='bbox 193 1983 271 2027; x_wconf 86' lang='lat' dir='ltr'>sibi</span> <span class='ocrx_word' id='word_1_217' title='bbox 293 1983 440 2035; x_wconf 85' lang='lat' dir='ltr'>fecere,</span> <span class='ocrx_word' id='word_1_218' title='bbox 465 1988 683 2039; x_wconf 87' lang='lat' dir='ltr'>postquam</span> <span class='ocrx_word' id='word_1_219' title='bbox 706 1980 744 2021; x_wconf 93' lang='lat' dir='ltr'>in</span> <span class='ocrx_word' id='word_1_220' title='bbox 768 1980 939 2037; x_wconf 89' lang='lat' dir='ltr'>proelio,</span> <span class='ocrx_word' id='word_1_221' title='bbox 963 1980 1075 2037; x_wconf 88' lang='lat' dir='ltr'>quod</span> <span class='ocrx_word' id='word_1_222' title='bbox 1099 1995 1191 2022; x_wconf 90' lang='lat' dir='ltr'>cum</span> <span class='ocrx_word' id='word_1_223' title='bbox 1214 1979 1398 2022; x_wconf 87' lang='lat' dir='ltr'>Etruscis</span> <span class='ocrx_word' id='word_1_224' title='bbox 1425 1979 1514 2033; x_wconf 88' lang='lat' dir='ltr'>fuit,</span> <span class='ocrx_word' id='word_1_225' title='bbox 1542 1979 1729 2021; x_wconf 87' lang='lat' dir='ltr'>sublatus</span> 
     </span>
     <span class='ocr_line' id='line_1_31' title="bbox 196 2048 1728 2106; baseline -0.005 -9"><span class='ocrx_word' id='word_1_226' title='bbox 196 2058 271 2097; x_wconf 83' lang='lat' dir='ltr'>est.</span> <span class='ocrx_word' id='word_1_227' title='bbox 330 2051 486 2094; x_wconf 87' lang='lat' dir='ltr'>Divina</span> <span class='ocrx_word' id='word_1_228' title='bbox 517 2050 678 2106; x_wconf 88' lang='lat' dir='ltr'>origine</span> <span class='ocrx_word' id='word_1_229' title='bbox 699 2050 823 2092; x_wconf 87' lang='lat' dir='ltr'>etiam</span> <span class='ocrx_word' id='word_1_230' title='bbox 845 2049 1048 2092; x_wconf 86' lang='lat' dir='ltr'>Romulus</span> <span class='ocrx_word' id='word_1_231' title='bbox 1081 2055 1122 2091; x_wconf 86' lang='lat' dir='ltr'>et</span> <span class='ocrx_word' id='word_1_232' title='bbox 1142 2049 1298 2092; x_wconf 86' lang='lat' dir='ltr'>Remus</span> <span class='ocrx_word' id='word_1_233' title='bbox 1320 2048 1616 2092; x_wconf 85' lang='lat' dir='ltr'>credebantur:</span> <span class='ocrx_word' id='word_1_234' title='bbox 1649 2049 1728 2091; x_wconf 88' lang='lat' dir='ltr'>ori·</span> 
     </span>
     <span class='ocr_line' id='line_1_32' title="bbox 194 2118 1727 2179; baseline -0.003 -15"><span class='ocrx_word' id='word_1_235' title='bbox 194 2122 336 2179; x_wconf 88' lang='lat' dir='ltr'>ginem</span> <span class='ocrx_word' id='word_1_236' title='bbox 374 2127 512 2163; x_wconf 88' lang='lat' dir='ltr'>autem</span> <span class='ocrx_word' id='word_1_237' title='bbox 553 2136 577 2161; x_wconf 88' lang='lat' dir='ltr'>a</span> <span class='ocrx_word' id='word_1_238' title='bbox 608 2119 743 2162; x_wconf 90' lang='lat' dir='ltr'>Marte</span> <span class='ocrx_word' id='word_1_239' title='bbox 772 2119 850 2162; x_wconf 92' lang='lat' dir='ltr'>deo</span> <span class='ocrx_word' id='word_1_240' title='bbox 881 2119 1106 2162; x_wconf 88' lang='lat' dir='ltr'>Romulum</span> <span class='ocrx_word' id='word_1_241' title='bbox 1138 2119 1305 2162; x_wconf 89' lang='lat' dir='ltr'>duxisse</span> <span class='ocrx_word' id='word_1_242' title='bbox 1342 2119 1420 2161; x_wconf 86' lang='lat' dir='ltr'>rati</span> <span class='ocrx_word' id='word_1_243' title='bbox 1453 2118 1646 2162; x_wconf 87' lang='lat' dir='ltr'>facillime</span> <span class='ocrx_word' id='word_1_244' title='bbox 1679 2133 1727 2161; x_wconf 89' lang='lat' dir='ltr'>eo</span> 
     </span>
     <span class='ocr_line' id='line_1_33' title="bbox 195 2188 1727 2248; baseline -0.001 -14"><span class='ocrx_word' id='word_1_245' title='bbox 195 2190 345 2234; x_wconf 85' lang='lat' dir='ltr'>adduci</span> <span class='ocrx_word' id='word_1_246' title='bbox 375 2195 580 2248; x_wconf 86' lang='lat' dir='ltr'>poterant,</span> <span class='ocrx_word' id='word_1_247' title='bbox 614 2195 659 2231; x_wconf 92' lang='lat' dir='ltr'>ut</span> <span class='ocrx_word' id='word_1_248' title='bbox 689 2195 898 2232; x_wconf 88' lang='lat' dir='ltr'>mortuum</span> <span class='ocrx_word' id='word_1_249' title='bbox 926 2189 977 2232; x_wconf 88' lang='lat' dir='ltr'>ad</span> <span class='ocrx_word' id='word_1_250' title='bbox 1000 2189 1098 2232; x_wconf 88' lang='lat' dir='ltr'>deos</span> <span class='ocrx_word' id='word_1_251' title='bbox 1129 2189 1287 2232; x_wconf 82' lang='lat' dir='ltr'>redisse</span> <span class='ocrx_word' id='word_1_252' title='bbox 1316 2188 1392 2231; x_wconf 88' lang='lat' dir='ltr'>sibi</span> <span class='ocrx_word' id='word_1_253' title='bbox 1416 2188 1727 2245; x_wconf 87' lang='lat' dir='ltr'>persuaderent.</span> 
     </span>
     <span class='ocr_line' id='line_1_34' title="bbox 196 2258 1728 2317; baseline -0.003 -13"><span class='ocrx_word' id='word_1_254' title='bbox 196 2259 346 2317; x_wconf 89' lang='lat' dir='ltr'>Neque</span> <span class='ocrx_word' id='word_1_255' title='bbox 386 2259 624 2316; x_wconf 81' lang='lat' dir='ltr'>ignoramus</span> <span class='ocrx_word' id='word_1_256' title='bbox 669 2258 867 2301; x_wconf 85' lang='lat' dir='ltr'>Romanis</span> <span class='ocrx_word' id='word_1_257' title='bbox 906 2258 1078 2301; x_wconf 89' lang='lat' dir='ltr'>ducibus</span> <span class='ocrx_word' id='word_1_258' title='bbox 1119 2275 1143 2301; x_wconf 90' lang='lat' dir='ltr'>a</span> <span class='ocrx_word' id='word_1_259' title='bbox 1185 2258 1370 2312; x_wconf 84' lang='lat' dir='ltr'>Graecis,</span> <span class='ocrx_word' id='word_1_260' title='bbox 1415 2258 1467 2300; x_wconf 92' lang='lat' dir='ltr'>ad</span> <span class='ocrx_word' id='word_1_261' title='bbox 1510 2273 1613 2315; x_wconf 90' lang='lat' dir='ltr'>quos</span> <span class='ocrx_word' id='word_1_262' title='bbox 1645 2273 1728 2300; x_wconf 90' lang='lat' dir='ltr'>non</span> 
     </span>
     <span class='ocr_line' id='line_1_35' title="bbox 195 2327 1727 2388; baseline -0.002 -16"><span class='ocrx_word' id='word_1_263' title='bbox 195 2345 326 2388; x_wconf 86' lang='lat' dir='ltr'>pauca</span> <span class='ocrx_word' id='word_1_264' title='bbox 356 2343 410 2372; x_wconf 84' lang='lat' dir='ltr'>cx</span> <span class='ocrx_word' id='word_1_265' title='bbox 444 2344 586 2372; x_wconf 88' lang='lat' dir='ltr'>earum</span> <span class='ocrx_word' id='word_1_266' title='bbox 617 2329 817 2385; x_wconf 88' lang='lat' dir='ltr'>gentium,</span> <span class='ocrx_word' id='word_1_267' title='bbox 850 2344 956 2386; x_wconf 89' lang='lat' dir='ltr'>quae</span> <span class='ocrx_word' id='word_1_268' title='bbox 989 2328 1157 2372; x_wconf 88' lang='lat' dir='ltr'>orientis</span> <span class='ocrx_word' id='word_1_269' title='bbox 1198 2328 1295 2371; x_wconf 90' lang='lat' dir='ltr'>solis</span> <span class='ocrx_word' id='word_1_270' title='bbox 1324 2328 1415 2370; x_wconf 92' lang='lat' dir='ltr'>luce</span> <span class='ocrx_word' id='word_1_271' title='bbox 1453 2327 1727 2381; x_wconf 85' lang='lat' dir='ltr'>illustrantur,</span> 
     </span>
     <span class='ocr_line' id='line_1_36' title="bbox 197 2397 1728 2456; baseline -0.002 -14"><span class='ocrx_word' id='word_1_272' title='bbox 197 2398 529 2442; x_wconf 87' lang='lat' dir='ltr'>venerandorum</span> <span class='ocrx_word' id='word_1_273' title='bbox 551 2413 698 2455; x_wconf 89' lang='lat' dir='ltr'>regum</span> <span class='ocrx_word' id='word_1_274' title='bbox 721 2413 835 2441; x_wconf 92' lang='lat' dir='ltr'>more</span> <span class='ocrx_word' id='word_1_275' title='bbox 856 2398 1121 2453; x_wconf 73' lang='lat' dir='ltr'>redundaret,</span> <span class='ocrx_word' id='word_1_276' title='bbox 1143 2413 1344 2456; x_wconf 89' lang='lat' dir='ltr'>persaepe</span> <span class='ocrx_word' id='word_1_277' title='bbox 1365 2397 1527 2440; x_wconf 90' lang='lat' dir='ltr'>divinos</span> <span class='ocrx_word' id='word_1_278' title='bbox 1551 2397 1728 2441; x_wconf 89' lang='lat' dir='ltr'>honores</span> 
     </span>
     <span class='ocr_line' id='line_1_37' title="bbox 198 2466 1729 2525; baseline -0.001 -14"><span class='ocrx_word' id='word_1_279' title='bbox 198 2467 374 2511; x_wconf 87' lang='lat' dir='ltr'>tributos</span> <span class='ocrx_word' id='word_1_280' title='bbox 405 2469 548 2522; x_wconf 81' lang='lat' dir='ltr'>esse.2)</span> <span class='ocrx_word' id='word_1_281' title='bbox 610 2469 708 2525; x_wconf 89' lang='lat' dir='ltr'>Age</span> <span class='ocrx_word' id='word_1_282' title='bbox 746 2483 843 2511; x_wconf 88' lang='lat' dir='ltr'>vcro</span> <span class='ocrx_word' id='word_1_283' title='bbox 886 2467 1108 2512; x_wconf 88' lang='lat' dir='ltr'>Caesarem</span> <span class='ocrx_word' id='word_1_284' title='bbox 1147 2468 1349 2525; x_wconf 88' lang='lat' dir='ltr'>Pompeio</span> <span class='ocrx_word' id='word_1_285' title='bbox 1391 2466 1553 2510; x_wconf 90' lang='lat' dir='ltr'>devicto</span> <span class='ocrx_word' id='word_1_286' title='bbox 1586 2481 1729 2510; x_wconf 89' lang='lat' dir='ltr'>omnes</span> 
     </span>
    </p>
   </div>
   <div class='ocr_carea' id='block_1_5' title="bbox 198 2571 1730 2962">
    <p class='ocr_par' dir='ltr' id='par_1_6' title="bbox 198 2571 1730 2845">
     <span class='ocr_line' id='line_1_38' title="bbox 339 2571 1728 2616; baseline -0.001 -10"><span class='ocrx_word' id='word_1_287' title='bbox 339 2574 363 2612; x_wconf 87' lang='lat'>¹)</span> <span class='ocrx_word' id='word_1_288' title='bbox 387 2573 489 2613; x_wconf 85' lang='lat' dir='ltr'>Quod</span> <span class='ocrx_word' id='word_1_289' title='bbox 515 2573 658 2606; x_wconf 87' lang='lat' dir='ltr'>Tacitus</span> <span class='ocrx_word' id='word_1_290' title='bbox 683 2583 764 2606; x_wconf 87' lang='lat' dir='ltr'>ann.</span> <span class='ocrx_word' id='word_1_291' title='bbox 791 2575 846 2614; x_wconf 81' lang='lat'>15,</span> <span class='ocrx_word' id='word_1_292' title='bbox 874 2574 916 2606; x_wconf 84' lang='lat'>74</span> <span class='ocrx_word' id='word_1_293' title='bbox 944 2573 1003 2616; x_wconf 82' lang='lat' dir='ltr'>(A.</span> <span class='ocrx_word' id='word_1_294' title='bbox 1022 2574 1066 2607; x_wconf 92' lang='lat' dir='ltr'>U.</span> <span class='ocrx_word' id='word_1_295' title='bbox 1087 2573 1125 2606; x_wconf 88' lang='lat' dir='ltr'>C.</span> <span class='ocrx_word' id='word_1_296' title='bbox 1144 2574 1223 2615; x_wconf 87' lang='lat'>818,</span> <span class='ocrx_word' id='word_1_297' title='bbox 1251 2584 1284 2615; x_wconf 92' lang='lat' dir='ltr'>p.</span> <span class='ocrx_word' id='word_1_298' title='bbox 1303 2572 1386 2607; x_wconf 82' lang='lat' dir='ltr'>Chr.</span> <span class='ocrx_word' id='word_1_299' title='bbox 1404 2571 1467 2615; x_wconf 80' lang='lat'>65)</span> <span class='ocrx_word' id='word_1_300' title='bbox 1495 2572 1599 2605; x_wconf 83' lang='lat' dir='ltr'>dicit:</span> <span class='ocrx_word' id='word_1_301' title='bbox 1626 2573 1728 2605; x_wconf 85' lang='lat' dir='ltr'>Nam</span> 
     </span>
     <span class='ocr_line' id='line_1_39' title="bbox 199 2630 1730 2674; baseline -0.001 -10"><span class='ocrx_word' id='word_1_302' title='bbox 199 2631 327 2664; x_wconf 84' lang='lat' dir='ltr'>deum</span> <span class='ocrx_word' id='word_1_303' title='bbox 360 2630 501 2664; x_wconf 89' lang='lat' dir='ltr'>honor</span> <span class='ocrx_word' id='word_1_304' title='bbox 534 2631 738 2674; x_wconf 87' lang='lat' dir='ltr'>principi</span> <span class='ocrx_word' id='word_1_305' title='bbox 782 2642 867 2664; x_wconf 91' lang='lat' dir='ltr'>non</span> <span class='ocrx_word' id='word_1_306' title='bbox 900 2635 1005 2664; x_wconf 88' lang='lat' dir='ltr'>ante</span> <span class='ocrx_word' id='word_1_307' title='bbox 1038 2632 1238 2664; x_wconf 86' lang='lat' dir='ltr'>habetur</span> <span class='ocrx_word' id='word_1_308' title='bbox 1270 2641 1401 2674; x_wconf 82' lang='lat' dir='ltr'>quam</span> <span class='ocrx_word' id='word_1_309' title='bbox 1436 2641 1573 2674; x_wconf 86' lang='lat' dir='ltr'>agere</span> <span class='ocrx_word' id='word_1_310' title='bbox 1606 2630 1730 2662; x_wconf 86' lang='lat' dir='ltr'>inter</span> 
     </span>
     <span class='ocr_line' id='line_1_40' title="bbox 198 2688 1729 2731; baseline -0.001 -10"><span class='ocrx_word' id='word_1_311' title='bbox 198 2689 402 2722; x_wconf 86' lang='lat' dir='ltr'>homines</span> <span class='ocrx_word' id='word_1_312' title='bbox 429 2688 646 2730; x_wconf 83' lang='lat' dir='ltr'>desierit,</span> <span class='ocrx_word' id='word_1_313' title='bbox 674 2689 718 2721; x_wconf 85' lang='lat' dir='ltr'>ad</span> <span class='ocrx_word' id='word_1_314' title='bbox 745 2689 835 2723; x_wconf 88' lang='lat' dir='ltr'>solos</span> <span class='ocrx_word' id='word_1_315' title='bbox 861 2690 953 2722; x_wconf 75' lang='lat' dir='ltr'>cives</span> <span class='ocrx_word' id='word_1_316' title='bbox 979 2690 1153 2723; x_wconf 86' lang='lat' dir='ltr'>Romanos</span> <span class='ocrx_word' id='word_1_317' title='bbox 1179 2689 1399 2722; x_wconf 85' lang='lat' dir='ltr'>referendum</span> <span class='ocrx_word' id='word_1_318' title='bbox 1426 2692 1499 2728; x_wconf 82' lang='lat' dir='ltr'>est3</span> <span class='ocrx_word' id='word_1_319' title='bbox 1526 2689 1562 2720; x_wconf 88' lang='lat' dir='ltr'>in</span> <span class='ocrx_word' id='word_1_320' title='bbox 1588 2689 1729 2731; x_wconf 87' lang='lat' dir='ltr'>provin·</span> 
     </span>
     <span class='ocr_line' id='line_1_41' title="bbox 199 2746 1729 2790; baseline 0.001 -11"><span class='ocrx_word' id='word_1_321' title='bbox 199 2746 263 2779; x_wconf 85' lang='lat' dir='ltr'>ciis</span> <span class='ocrx_word' id='word_1_322' title='bbox 287 2757 428 2788; x_wconf 85' lang='lat' dir='ltr'>prorsus</span> <span class='ocrx_word' id='word_1_323' title='bbox 455 2746 557 2778; x_wconf 87' lang='lat' dir='ltr'>aliter</span> <span class='ocrx_word' id='word_1_324' title='bbox 590 2757 625 2779; x_wconf 90' lang='lat' dir='ltr'>se</span> <span class='ocrx_word' id='word_1_325' title='bbox 658 2747 813 2780; x_wconf 86' lang='lat' dir='ltr'>habebat</span> <span class='ocrx_word' id='word_1_326' title='bbox 840 2758 913 2787; x_wconf 75' lang='lat' dir='ltr'>res:</span> <span class='ocrx_word' id='word_1_327' title='bbox 950 2748 1122 2790; x_wconf 86' lang='lat' dir='ltr'>aliterque</span> <span class='ocrx_word' id='word_1_328' title='bbox 1152 2747 1257 2779; x_wconf 88' lang='lat' dir='ltr'>etiam</span> <span class='ocrx_word' id='word_1_329' title='bbox 1291 2747 1333 2779; x_wconf 90' lang='lat' dir='ltr'>dc</span> <span class='ocrx_word' id='word_1_330' title='bbox 1366 2747 1477 2790; x_wconf 88' lang='lat' dir='ltr'>poetis</span> <span class='ocrx_word' id='word_1_331' title='bbox 1508 2750 1542 2779; x_wconf 89' lang='lat' dir='ltr'>et</span> <span class='ocrx_word' id='word_1_332' title='bbox 1575 2747 1729 2780; x_wconf 80' lang='lat' dir='ltr'>maxime</span> 
     </span>
     <span class='ocr_line' id='line_1_42' title="bbox 199 2803 1065 2845; baseline 0 -8"><span class='ocrx_word' id='word_1_333' title='bbox 199 2804 243 2837; x_wconf 86' lang='lat' dir='ltr'>de</span> <span class='ocrx_word' id='word_1_334' title='bbox 270 2803 524 2837; x_wconf 82' lang='lat' dir='ltr'>Chaldaeorum</span> <span class='ocrx_word' id='word_1_335' title='bbox 552 2804 728 2845; x_wconf 83' lang='lat' dir='ltr'>sapientia</span> <span class='ocrx_word' id='word_1_336' title='bbox 753 2803 979 2837; x_wconf 87' lang='lat' dir='ltr'>iudicandum</span> <span class='ocrx_word' id='word_1_337' title='bbox 1005 2809 1065 2837; x_wconf 84' lang='lat' dir='ltr'>est.</span> 
     </span>
    </p>

    <p class='ocr_par' dir='ltr' id='par_1_7' title="bbox 202 2860 1727 2962">
     <span class='ocr_line' id='line_1_43' title="bbox 338 2860 1727 2906; baseline 0.001 -13"><span class='ocrx_word' id='word_1_338' title='bbox 338 2860 364 2904; x_wconf 88' lang='lat'>²)</span> <span class='ocrx_word' id='word_1_339' title='bbox 394 2862 445 2894; x_wconf 89' lang='lat' dir='ltr'>De</span> <span class='ocrx_word' id='word_1_340' title='bbox 481 2861 531 2893; x_wconf 89' lang='lat' dir='ltr'>eis</span> <span class='ocrx_word' id='word_1_341' title='bbox 564 2862 687 2903; x_wconf 84' lang='lat' dir='ltr'>rebus,</span> <span class='ocrx_word' id='word_1_342' title='bbox 730 2872 820 2904; x_wconf 84' lang='lat' dir='ltr'>quae</span> <span class='ocrx_word' id='word_1_343' title='bbox 852 2862 918 2894; x_wconf 85' lang='lat' dir='ltr'>huc</span> <span class='ocrx_word' id='word_1_344' title='bbox 950 2863 1149 2906; x_wconf 84' lang='lat' dir='ltr'>pertinent,</span> <span class='ocrx_word' id='word_1_345' title='bbox 1191 2861 1394 2895; x_wconf 87' lang='lat' dir='ltr'>conferendi</span> <span class='ocrx_word' id='word_1_346' title='bbox 1434 2864 1515 2894; x_wconf 86' lang='lat' dir='ltr'>sunt</span> <span class='ocrx_word' id='word_1_347' title='bbox 1555 2861 1592 2893; x_wconf 93' lang='lat' dir='ltr'>hi</span> <span class='ocrx_word' id='word_1_348' title='bbox 1625 2861 1727 2895; x_wconf 86' lang='lat' dir='ltr'>libri:</span> 
     </span>
     <span class='ocr_line' id='line_1_44' title="bbox 202 2918 1726 2962; baseline 0 -10"><span class='ocrx_word' id='word_1_349' title='bbox 202 2918 383 2952; x_wconf 84' lang='lat' dir='ltr'>Preller</span> <span class='ocrx_word' id='word_1_350' title='bbox 409 2919 555 2962; x_wconf 80' lang='lat' dir='ltr'>mythol.</span> <span class='ocrx_word' id='word_1_351' title='bbox 581 2919 700 2959; x_wconf 86' lang='lat' dir='ltr'>Rom.;</span> <span class='ocrx_word' id='word_1_352' title='bbox 729 2919 770 2954; x_wconf 82' lang='lat' dir='ltr'>G.</span> <span class='ocrx_word' id='word_1_353' title='bbox 798 2920 1005 2953; x_wconf 82' lang='lat' dir='ltr'>Boissier</span> <span class='ocrx_word' id='word_1_354' title='bbox 1031 2921 1066 2952; x_wconf 88' lang='lat' dir='ltr'>la</span> <span class='ocrx_word' id='word_1_355' title='bbox 1084 2918 1234 2962; x_wconf 82' lang='lat' dir='ltr'>religion</span> <span class='ocrx_word' id='word_1_356' title='bbox 1254 2919 1428 2959; x_wconf 74' lang='lat' dir='ltr'>romaine5</span> <span class='ocrx_word' id='word_1_357' title='bbox 1464 2920 1726 2961; x_wconf 85' lang='lat' dir='ltr'>Desjardins</span> 
     </span>
    </p>
   </div>
  </div>
 </body>
</html>
