1936 3392
827 330 883 370 45

154 477 302 520 tribuit
348 476 476 531 signis
524 473 753 516 orientibus
801 473 949 515 horas”
998 472 1201 514 refutatur
1227 472 1279 526 ¹),
1328 471 1434 514 ratio
1465 485 1560 513 vera

154 554 397 612 proponitur
418 552 450 606 ²)
483 557 526 593 et
557 551 754 607 exemplis
787 550 1032 592 illustratur.
1058 548 1089 604 ³)

217 630 378 684 Quibus
426 629 622 685 expositis
662 628 742 670 alia
776 629 1000 678 docentur,
1036 642 1139 682 quae
1171 627 1217 668 si'
1237 630 1376 668 teneat
1408 626 1560 678 lector,

154 707 239 750 fata
271 722 321 749 ex
351 705 551 749 sideribus
585 705 718 761 legere
749 706 903 761 possit,
936 704 1096 746 scilicet
1118 704 1236 746 cuius
1258 704 1367 759 signi
1389 704 1563 759 quisque

154 799 287 828 annus
335 789 408 826 aut
454 784 604 826 mensis
654 787 727 824 aut
776 783 862 824 dies
913 788 986 824 aut
1017 782 1117 824 hora
1148 782 1202 824 sit
1225 782 1285 836 ⁴),
1321 785 1422 837 quot
1455 781 1566 823 vitae

157 880 283 908 annos
305 878 491 919 quaeque
513 863 631 919 signa
653 867 694 904 et
711 862 858 904 domus
877 862 1093 904 duodecim
1116 860 1307 903 caelestes
1323 860 1565 916 tribuant.⁵)

157 938 349 995 Denique
398 940 612 982 disseritur
659 939 709 981 de
751 940 937 995 potentia
969 939 1205 995 signorum,
1240 953 1376 993 „quae
1408 938 1568 995 tropica

159 1020 391 1078 appellant,
426 1019 537 1074 quod
567 1019 610 1061 in
645 1019 728 1061 illis
758 1023 956 1073 quattuor
977 1019 1074 1060 anni
1096 1022 1283 1075 tempora
1309 1017 1568 1070 vertuntuff',

159 1099 295 1143 cancri
311 1131 323 1150 ,
357 1099 604 1155 capricorni,
640 1099 804 1150 arietis,
838 1098 982 1140 librae.
1006 1098 1038 1153 ὃ)

222 1177 346 1221 Liber
398 1178 580 1220 omnium
631 1177 714 1220 fere
761 1176 1092 1234 elegantissimus
1142 1181 1204 1220 est
1252 1181 1437 1232 quartus.
1518 1177 1571 1219 In

160 1258 390 1315 prooemio,
425 1256 537 1313 quod
567 1256 914 1314 praemittitur-J)
947 1260 1069 1312 poeta
1091 1257 1273 1299 ostendit
1293 1257 1570 1312 nequicquam

129 1344 130 1347 ’
161 1327 346 1377 homines
392 1338 457 1376 tot
503 1347 618 1376 curas
666 1348 816 1391 ponere
865 1333 909 1375 in
958 1333 1113 1389 opibus*
1138 1334 1442 1390 comparandis,
1477 1349 1571 1376 cum

163 1414 300 1457 omnia
347 1414 553 1470 pendeant
587 1427 611 1454 a
642 1414 726 1455 fato
739 1430 751 1464 3
785 1417 919 1455 totum
953 1413 1064 1455 hisce
1086 1413 1281 1456 ‘versibus
1303 1414 1573 1471 ‘comprehen-

127 1493 133 1506 '
165 1492 300 1534 ditur:
335 1491 536 1544 ,‚solvite,
570 1491 782 1543 mortales,
818 1491 997 1542 animos,
1031 1499 1231 1546 curasque
1253 1491 1404 1544 levate,
1427 1497 1573 1548 totque

163 1571 426 1628 supervacuis
473 1572 600 1614 vitam
647 1571 792 1613 deflere
841 1570 1042 1626 querelis:
1092 1571 1176 1612 fata
1222 1575 1372 1627 regunt
1411 1572 1572 1625 orbem,

167 1654 277 1692 certa
323 1653 434 1692 stant
482 1650 619 1692 omnia
665 1647 796 1706 lege.’'
819 1649 850 1705 ⁸)
913 1649 1021 1691 Tum
1070 1650 1311 1705 „signorum
1351 1666 1481 1693 mores
1500 1683 1510 1693 .
1531 1684 1540 1693 .
1562 1684 1572 1694 .

143 1723 210 1770 iet
255 1727 392 1770 studia
425 1731 467 1769 et
484 1759 495 1769 .
516 1759 526 1770 .
547 1759 557 1770 .
577 1731 684 1770 artes
717 1742 767 1769 ex
799 1726 971 1769 ordine”
1004 1727 1246 1770 redduntur.
1256 1727 1288 1784 ⁹)
1322 1735 1324 1737 ’
1352 1728 1411 1771 Ut
1442 1745 1575 1772 exem-

166 1806 283 1863 plum
314 1806 500 1849 afferam:
537 1807 658 1862 ,squis
691 1805 1025 1858 (1111111013,’17111111ῐ
1049 1808 1229 1862 quaesit
1251 1811 1399 1850 natura
1421 1808 1573 1861 1001115,

169 1898 354 1940 quasque
399 1899 474 1926 suo
523 1884 650 1926 dictet
691 1885 811 1941 signo
842 1884 1107 1927 nascentibus
1124 1889 1245 1927 ‘artes
1258 1885 1283 1927 Ρ·
1339 1885 1417 1929 Ille
1451 1902 1575 1930 novas

168 1951 342 2014 semper⁴
371 1973 556 2015 pugnas,
604 1973 710 2001 nova
752 1958 859 2000 bella
906 1959 1082 2001 ferarum
1131 1966 1322 2016 apparat,
1372 1966 1414 2003 et
1444 1962 1575 2018 spolio

168 2033 273 2075 vivit
286 2047 563 2090 pecorumque
584 2032 781 2090 rapinis.''
807 2033 856 2088 ¹⁰)
892 2033 1028 2086 „Sunt
1048 2048 1222 2089 quorum
1245 2035 1398 2078 similes
1420 2037 1576 2079 animos

170 2123 246 2153 nec
276 2111 453 2153 moenia
479 2110 683 2163 ¹·f1enent,
731 2111 803 2154 sed
840 2111 1045 2174 pecudum
1067 2112 1270 2155 *membris
1303 2113 1437 2156 media
1469 2130 1577 2171 gras-

169 2192 313 2232 sentur
342 2189 388 2232 111
409 2189 510 2232 urbe
522 2223 534 2242 ,
569 2194 611 2232 et
632 2190 784 2233 laceros
805 2195 918 2233 artus
941 2192 1194 2248 suspendant
1210 2193 1343 2235 fronte
1358 2193 1575 2246 tabernae,

170 2267 439 2325 luxuriaeque
481 2273 625 2326 parent
657 2269 845 2321 caedem,
894 2274 1127 2326 mortesque
1160 2270 1384 2314 lucrentur.
1451 2272 1573 2328 Inge-

234 2462 258 2503 ι)
305 2465 488 2495 203—247.

233 2521 260 2562 ²)
306 2524 492 2554 248—384.

231 2581 258 2622 ³)
305 2584 490 2614 385—509.

235 2640 261 2681 ⁴)
309 2643 494 2674 510—559.

232 2701 259 2741 ⁵)
306 2704 491 2734 560—617.

234 2759 260 2799 ⁶)
308 2763 491 2792 618—682.

241 2818 265 2858 1)
312 2821 352 2851 1v
379 2821 515 2851 1—121.

184 2901 186 2903 .
236 2877 264 2918 ⁸)
312 2881 450 2910 12—14.

241 2937 267 2978 ο)
315 2940 495 2970 122-291.

226 2996 269 3037 Π1)
318 2999 497 3030 176—179.
