1910 3250
757 261 1038 302 -37-

163 388 296 429 sidera
320 387 547 438 disposuit,
582 386 764 425 homines
800 385 912 424 docti
948 384 1132 424 obscuris
1166 385 1350 424 versibus
1385 385 1444 424 ita
1479 385 1637 435 aliquid

163 457 266 496 lucis
307 456 446 495 afferre
488 454 637 503 solent,
679 458 724 493 ut
765 467 855 493 eum
890 453 1115 503 Caesarem,
1158 453 1228 502 qui
1269 453 1407 492 orbem
1442 457 1639 493 terrarum

163 525 302 565 Rhodi
337 526 518 564 recturus
555 524 678 563 fuisse
714 524 894 572 solisque
931 525 1061 562 instar
1096 522 1287 562 mundum
1321 523 1548 562 illustrasse
1577 523 1637 562 di-

163 595 282 645 citur,
335 594 543 633 Tiberium
596 605 683 632 esse
730 593 947 632 affirment:
1001 594 1107 632 hunc
1153 593 1258 631 enim
1302 592 1414 630 iussu
1457 591 1639 642 Augusti

162 668 344 704 coactum
385 662 478 702 inde
518 663 569 701 ab
611 675 646 700 a.
676 661 728 700 U.
758 663 832 701 748
867 673 993 711 usque
1030 661 1081 700 ad
1119 662 1192 701 755
1228 662 1271 699 in
1306 661 1441 700 insula
1468 661 1638 701 Phoebo

163 733 304 772 san‘cta
336 732 468 771 sedem
504 729 742 770 obtinuisse.
800 729 921 778 Quod
957 730 991 768 si
1020 729 1186 768 Manilii
1222 730 1346 771 verba
1383 730 1480 779 quid
1509 730 1640 769 velint
1703 723 1708 731 '

163 803 272 841 recte
318 801 576 851 intellegunt,
614 799 708 838 hinc
743 798 929 849 efficitur,
972 801 1019 838 ut
1052 803 1149 849 tum,
1193 811 1281 838 cum
1316 798 1639 839 Astronomicon

162 870 311 910 librum
349 869 414 908 IV
457 869 527 909 ille
568 868 811 919 composuit,
852 868 1062 907 Tiberium
1102 868 1326 920 aliquando
1369 868 1581 919 imperium
1615 882 1640 908 a

162 943 279 990 patre
313 941 570 988 accepturum
605 938 684 977 iam
718 949 834 977 nemo
870 937 1134 987 ignoraverit.
1194 937 1326 987 Quam
1362 938 1414 976 ob
1448 950 1530 977 rem
1559 943 1638 979 sta-

162 1007 356 1048 tuendum
383 1011 460 1059 est,
486 1009 663 1047 tractata
690 1019 777 1046 esse
807 1006 984 1045 themata
1013 1018 1196 1056 quaeque
1224 1019 1313 1046 cum
1341 1007 1399 1046 eis
1419 1007 1639 1046 cohaerent

161 1080 258 1128 post
297 1089 446 1116 annum
482 1078 568 1126 757,
612 1088 691 1126 quo
728 1076 897 1115 mortuis
929 1075 973 1116 G.
1017 1078 1058 1115 et
1091 1076 1140 1114 L.
1179 1075 1424 1116 Caesaribus
1466 1077 1527 1129 rei
1566 1090 1638 1128 pu-

161 1145 291 1185 blicae
320 1158 442 1185 causa
471 1145 721 1186 Octavianus
749 1145 893 1184 Liviae
923 1145 1050 1184 filium
1077 1145 1264 1184 heredem
1292 1145 1457 1184 fecerat.

264 1214 445 1255 Primum
471 1218 605 1254 autem
632 1215 806 1254 Iacobus
835 1215 967 1253 minus
995 1218 1102 1253 recte
1131 1213 1241 1257 sie¹⁰)
1268 1214 1536 1254 ratiocinatus
1562 1220 1637 1265 est,

161 1288 207 1324 ut
247 1285 361 1335 talia,
402 1285 540 1335 qualia
580 1284 629 1323 de
673 1284 823 1324 Rhodo
865 1283 975 1334 apud
1010 1283 1227 1323 Manilium
1268 1283 1472 1334 leguntur,
1514 1285 1639 1323 scribi

161 1354 348 1404 potuisse
383 1358 551 1404 negaret
585 1353 665 1392 nisi
701 1353 828 1392 multo
864 1357 1082 1404 postquam
1111 1353 1302 1392 Tiberius
1335 1365 1424 1391 cum
1451 1358 1567 1404 patre
1596 1354 1639 1392 in

162 1423 337 1474 gratiam
388 1423 596 1462 rediisset:
651 1423 754 1474 „hoc
799 1435 899 1470 esse,
945 1423 1023 1472 ait,
1069 1421 1163 1461 inde
1210 1434 1484 1475 consequens,
1530 1423 1640 1472 quod

163 1492 352 1532 Rhodius
393 1504 572 1531 secessus
613 1492 676 1530 illi
717 1480 787 1530 diu
816 1490 1209 1535 invidiosissimusss)
1239 1503 1328 1530 cum
1355 1492 1494 1542 aliqua
1520 1491 1639 1531 laude

163 1565 560 1610 commemoraretur3
597 1573 644 1600 eo
675 1561 802 1612 igitur
828 1564 1011 1612 tempore
1040 1572 1181 1599 versus
1209 1559 1285 1599 hac
1311 1560 1362 1599 de
1389 1573 1433 1599 re
1463 1561 1639 1611 scriptos

163 1642 272 1680 esse,
313 1642 403 1669 cum
442 1630 641 1680 gliscente
682 1630 918 1669 adulatione
961 1641 1089 1679 neque
1131 1629 1238 1667 cives
1279 1629 1453 1680 puderet
1495 1629 1640 1678 quovis

164 1699 374 1739 mendacio
424 1699 650 1738 demulcere
700 1699 927 1749 principem
975 1711 1047 1738 nec
1089 1698 1290 1737 obdurato
1337 1711 1406 1738 ore
1449 1698 1639 1738 Tiberius

162 1770 334 1818 curaret,
362 1780 482 1818 quam
509 1768 670 1807 abiecto
698 1772 906 1819 praeesset
934 1767 1090 1819 populo
1109 1767 1337 1806 Romano“.
1379 1767 1543 1807 Etenim
1570 1769 1640 1807 vix

162 1836 272 1888 apud
313 1836 556 1877 Suetonium
597 1837 661 1876 vel
710 1837 820 1886 apud
862 1837 1047 1876 Tacitum
1087 1837 1272 1876 invenias
1314 1849 1460 1878 nomen
1501 1836 1641 1876 Rhodi

162 1907 295 1958 ipsum
327 1906 495 1946 Tiberio
537 1906 661 1945 fuisse
697 1906 892 1955 invisum3
933 1906 1012 1945 hoe
1050 1908 1184 1945 autem
1218 1905 1342 1944 variis
1379 1905 1534 1951 locis12)
1575 1918 1640 1945 co-

162 1987 336 2027 gnoscas
371 1976 552 2028 graviter
587 1976 756 2026 punitos
791 1987 878 2014 esse
915 1987 998 2024 eos,
1033 1975 1103 2025 qui
1131 1974 1347 2014 ludibrii
1375 1987 1498 2014 causa
1526 1976 1639 2015 exilii

162 2044 318 2085 Rhodii
359 2045 592 2086 memoriam
634 2034 956 2085 revocaverant*
996 2044 1055 2083 At
1096 2044 1137 2082 in
1180 2043 1471 2094 gloriationem
1505 2057 1641 2085 coram

170 2114 337 2155 Tiberio
379 2115 548 2154 eandem
583 2114 807 2153 sexcenties
842 2126 916 2165 per
950 2113 1056 2152 diem
1091 2112 1196 2152 verti
1230 2111 1429 2163 potuisse,
1470 2113 1548 2153 hoc
1582 2115 1641 2153 ita

125 2229 129 2234 ,
166 2183 425 2224 manifestum
453 2190 527 2234 est,
556 2188 601 2222 ut
627 2183 976 2222 demonstratione
1005 2194 1088 2221 non
1116 2184 1246 2232 egeat,
1274 2194 1404 2232 neque
1432 2182 1552 2222 huius
1581 2184 1640 2223 rei

167 2256 310 2292 testem
352 2265 454 2304 opus
496 2257 559 2292 est
601 2253 652 2291 ab
691 2251 798 2292 Orco
840 2252 1017 2291 excitare
1056 2251 1272 2301 Velleium,
1316 2251 1385 2301 qui
1419 2251 1639 2291 historicus
1714 2286 1720 2293 .

165 2321 240 2372 (ΙΙ,
280 2322 349 2372 99)
391 2335 517 2372 penes
560 2321 770 2361 Tiberium
804 2321 944 2360 Rhodi
983 2321 1185 2372 privatam
1226 2321 1349 2359 fuisse
1390 2321 1640 2359 maiestatem

165 2390 314 2430 blande
371 2394 519 2430 narret.
586 2391 748 2440 Itaque,
803 2390 836 2428 si
884 2390 1044 2440 quidem
1090 2391 1199 2430 omni
1243 2396 1424 2442 tempore
1471 2389 1638 2428 Tiberio

165 2459 397 2499 adulatores
426 2459 638 2510 affuerunt,
667 2464 768 2509 quot
794 2460 912 2498 annis
941 2463 1037 2511 post
1065 2459 1221 2499 Tiberii
1249 2459 1424 2498 reditum
1442 2459 1639 2497 Manilius

164 2526 354 2567 Rhodum
380 2533 571 2578 tanquam
596 2529 771 2568 insulam
798 2528 1044 2579 hospitalem
1062 2529 1340 2579 celebraverit,
1369 2529 1639 2568 confitendum

165 2600 230 2636 est
256 2595 368 2636 nullo
397 2597 516 2637 modo
546 2611 566 2637 e
594 2598 671 2648 IV,
700 2601 776 2639 764
804 2599 1011 2649 cognosci.
1028 2635 1032 2638 ,
1051 2598 1117 2637 Ac
1144 2598 1352 2637 vacillavit
1380 2598 1439 2637 ita
1465 2597 1639 2636 Iacobus

256 2750 299 2793 ¹⁰)
335 2751 464 2797 Progr.
496 2752 591 2788 Lub.
629 2764 665 2799 p.
701 2755 723 2790 6
759 2758 796 2790 et
833 2754 950 2802 praef.
987 2765 1022 2804 p.
1057 2756 1107 2790 16.
1170 2755 1210 2797 ¹¹)
1243 2753 1343 2792 Suet.
1378 2754 1461 2789 Tib.
1496 2754 1639 2788 10—13.

165 2807 208 2853 ¹²)
233 2808 335 2845 Suet.
360 2808 443 2845 Tib.
467 2808 523 2844 56.
546 2810 603 2846 59.
