<?xml version="1.0" encoding="UTF-8"?>
<!DOCTYPE html PUBLIC "-//W3C//DTD XHTML 1.0 Transitional//EN"
    "http://www.w3.org/TR/xhtml1/DTD/xhtml1-transitional.dtd">
<html xmlns="http://www.w3.org/1999/xhtml" xml:lang="en" lang="en">
 <head>
  <title>
</title>
<meta http-equiv="Content-Type" content="text/html;charset=utf-8" />
  <meta name='ocr-system' content='tesseract 3.04.00' />
  <meta name='ocr-capabilities' content='ocr_page ocr_carea ocr_par ocr_line ocrx_word'/>
</head>
<body>
  <div class='ocr_page' id='page_1' title='image "./lucubrationesman00thomuoft_0477.png"; bbox 0 0 1910 3250; ppageno 0'>
   <div class='ocr_carea' id='block_1_1' title="bbox 711 244 996 292">
    <p class='ocr_par' dir='ltr' id='par_1_1' title="bbox 711 244 996 292">
     <span class='ocr_line' id='line_1_1' title="bbox 711 244 996 292; baseline 0.004 -11"><span class='ocrx_word' id='word_1_1' title='bbox 711 244 996 292; x_wconf 75' lang='lat'>—13&#39;...</span> 
     </span>
    </p>
   </div>
   <div class='ocr_carea' id='block_1_2' title="bbox 91 373 1621 437">
    <p class='ocr_par' dir='ltr' id='par_1_2' title="bbox 91 373 1621 437">
     <span class='ocr_line' id='line_1_2' title="bbox 91 373 1621 437; baseline -0.002 -17"><span class='ocrx_word' id='word_1_2' title='bbox 91 373 163 437; x_wconf 86' lang='lat' dir='ltr'>qui</span> <span class='ocrx_word' id='word_1_3' title='bbox 201 377 252 420; x_wconf 87' lang='lat' dir='ltr'>ad</span> <span class='ocrx_word' id='word_1_4' title='bbox 295 373 509 420; x_wconf 86' lang='lat' dir='ltr'><strong>Tiberium</strong></span> <span class='ocrx_word' id='word_1_5' title='bbox 548 377 851 421; x_wconf 87' lang='lat' dir='ltr'>astronomicon</span> <span class='ocrx_word' id='word_1_6' title='bbox 895 377 1058 435; x_wconf 90' lang='lat' dir='ltr'>patroni</span> <span class='ocrx_word' id='word_1_7' title='bbox 1099 376 1299 420; x_wconf 90' lang='lat' dir='ltr'>honorem</span> <span class='ocrx_word' id='word_1_8' title='bbox 1343 373 1490 431; x_wconf 82' lang='lat' dir='ltr'>defert,</span> <span class='ocrx_word' id='word_1_9' title='bbox 1537 389 1621 418; x_wconf 89' lang='lat' dir='ltr'>non</span> 
     </span>
    </p>
   </div>
   <div class='ocr_carea' id='block_1_3' title="bbox 38 447 499 492">
    <p class='ocr_par' dir='ltr' id='par_1_3' title="bbox 38 447 499 492">
     <span class='ocr_line' id='line_1_3' title="bbox 38 447 499 492; baseline 0 0"><span class='ocrx_word' id='word_1_10' title='bbox 38 456 47 478; x_wconf 63' lang='grc' dir='ltr'>’ὲ</span> <span class='ocrx_word' id='word_1_11' title='bbox 88 447 218 492; x_wconf 81' lang='lat' dir='ltr'>semel</span> <span class='ocrx_word' id='word_1_12' title='bbox 245 447 499 492; x_wconf 84' lang='lat' dir='ltr'><strong>dissentiam.</strong></span> 
     </span>
    </p>
   </div>
   <div class='ocr_carea' id='block_1_4' title="bbox 228 513 1621 572">
    <p class='ocr_par' dir='ltr' id='par_1_4' title="bbox 228 513 1621 572">
     <span class='ocr_line' id='line_1_4' title="bbox 228 513 1621 572; baseline -0.003 -13"><span class='ocrx_word' id='word_1_13' title='bbox 228 516 482 559; x_wconf 83' lang='lat' dir='ltr'>Evolvamus</span> <span class='ocrx_word' id='word_1_14' title='bbox 514 517 693 572; x_wconf 88' lang='lat' dir='ltr'>primum</span> <span class='ocrx_word' id='word_1_15' title='bbox 724 516 845 572; x_wconf 86' lang='lat' dir='ltr'>primi</span> <span class='ocrx_word' id='word_1_16' title='bbox 875 515 969 557; x_wconf 84' lang='lat' dir='ltr'><strong>libri</strong></span> <span class='ocrx_word' id='word_1_17' title='bbox 1000 515 1104 556; x_wconf 89' lang='lat' dir='ltr'>initii</span> <span class='ocrx_word' id='word_1_18' title='bbox 1138 531 1176 559; x_wconf 75' lang='lat' dir='ltr'>v,</span> <span class='ocrx_word' id='word_1_19' title='bbox 1205 516 1227 556; x_wconf 83' lang='lat'>7</span> <span class='ocrx_word' id='word_1_20' title='bbox 1261 530 1345 571; x_wconf 88' lang='lat' dir='ltr'>sq.:</span> <span class='ocrx_word' id='word_1_21' title='bbox 1379 530 1481 571; x_wconf 89' lang='lat' dir='ltr'>quos</span> <span class='ocrx_word' id='word_1_22' title='bbox 1513 513 1621 571; x_wconf 91' lang='lat' dir='ltr'>quis-</span> 
     </span>
    </p>
   </div>
   <div class='ocr_carea' id='block_1_5' title="bbox 22 584 1622 711">
    <p class='ocr_par' dir='ltr' id='par_1_5' title="bbox 22 584 1622 711">
     <span class='ocr_line' id='line_1_5' title="bbox 34 584 1622 644; baseline -0.004 -13"><span class='ocrx_word' id='word_1_23' title='bbox 34 627 35 631; x_wconf 66' lang='lat'>,</span> <span class='ocrx_word' id='word_1_24' title='bbox 91 586 183 644; x_wconf 87' lang='lat' dir='ltr'>quis</span> <span class='ocrx_word' id='word_1_25' title='bbox 211 586 374 642; x_wconf 85' lang='lat' dir='ltr'>legerit,</span> <span class='ocrx_word' id='word_1_26' title='bbox 407 586 518 628; x_wconf 90' lang='lat' dir='ltr'>haud</span> <span class='ocrx_word' id='word_1_27' title='bbox 551 586 676 628; x_wconf 92' lang='lat' dir='ltr'>dubie</span> <span class='ocrx_word' id='word_1_28' title='bbox 706 585 981 629; x_wconf 79' lang='lat' dir='ltr'>Octavianum</span> <span class='ocrx_word' id='word_1_29' title='bbox 1013 584 1127 626; x_wconf 90' lang='lat' dir='ltr'>innui</span> <span class='ocrx_word' id='word_1_30' title='bbox 1160 584 1333 641; x_wconf 81' lang='lat' dir='ltr'>putabit,</span> <span class='ocrx_word' id='word_1_31' title='bbox 1365 591 1489 640; x_wconf 87' lang='lat' dir='ltr'>atque</span> <span class='ocrx_word' id='word_1_32' title='bbox 1521 598 1622 640; x_wconf 91' lang='lat' dir='ltr'>quo-</span> 
     </span>
     <span class='ocr_line' id='line_1_6' title="bbox 22 652 1620 711; baseline -0.004 -12"><span class='ocrx_word' id='word_1_33' title='bbox 22 671 24 674; x_wconf 73' lang='grc'>’</span> <span class='ocrx_word' id='word_1_34' title='bbox 91 655 313 698; x_wconf 82' lang='lat' dir='ltr'>dammodo</span> <span class='ocrx_word' id='word_1_35' title='bbox 344 655 407 697; x_wconf 86' lang='lat' dir='ltr'>his</span> <span class='ocrx_word' id='word_1_36' title='bbox 436 655 550 697; x_wconf 88' lang='lat' dir='ltr'>illurn</span> <span class='ocrx_word' id='word_1_37' title='bbox 574 655 732 696; x_wconf 88' lang='lat' dir='ltr'>laudari</span> <span class='ocrx_word' id='word_1_38' title='bbox 755 654 937 711; x_wconf 86' lang='lat' dir='ltr'>potuisse</span> <span class='ocrx_word' id='word_1_39' title='bbox 966 668 1017 695; x_wconf 90' lang='lat' dir='ltr'>ne</span> <span class='ocrx_word' id='word_1_40' title='bbox 1039 653 1184 695; x_wconf 83' lang='lat' dir='ltr'>Freier</span> <span class='ocrx_word' id='word_1_41' title='bbox 1208 652 1377 709; x_wconf 87' lang='lat' dir='ltr'>quidem</span> <span class='ocrx_word' id='word_1_42' title='bbox 1401 653 1620 694; x_wconf 86' lang='lat' dir='ltr'>infitiatur:</span> 
     </span>
    </p>
   </div>
   <div class='ocr_carea' id='block_1_6' title="bbox 90 720 1624 919">
    <p class='ocr_par' dir='ltr' id='par_1_6' title="bbox 90 720 1624 919">
     <span class='ocr_line' id='line_1_7' title="bbox 90 720 1622 782; baseline -0.003 -15"><span class='ocrx_word' id='word_1_43' title='bbox 90 731 271 768; x_wconf 79' lang='lat' dir='ltr'><strong>attamen</strong></span> <span class='ocrx_word' id='word_1_44' title='bbox 322 731 486 782; x_wconf 83' lang='lat' dir='ltr'>poetam</span> <span class='ocrx_word' id='word_1_45' title='bbox 536 725 692 780; x_wconf 83' lang='lat' dir='ltr'>alloqui</span> <span class='ocrx_word' id='word_1_46' title='bbox 732 723 947 766; x_wconf 80' lang='lat' dir='ltr'><strong>Tiberium</strong></span> <span class='ocrx_word' id='word_1_47' title='bbox 990 723 1057 763; x_wconf 84' lang='lat' dir='ltr'>hic</span> <span class='ocrx_word' id='word_1_48' title='bbox 1099 721 1321 765; x_wconf 75' lang='lat' dir='ltr'>contendit.</span> <span class='ocrx_word' id='word_1_49' title='bbox 1394 720 1514 773; x_wconf 80' lang='lat' dir='ltr'>Quae</span> <span class='ocrx_word' id='word_1_50' title='bbox 1556 735 1622 762; x_wconf 90' lang='lat' dir='ltr'>res</span> 
     </span>
     <span class='ocr_line' id='line_1_8' title="bbox 90 793 1621 853; baseline -0.003 -16"><span class='ocrx_word' id='word_1_51' title='bbox 90 795 224 853; x_wconf 86' lang='lat' dir='ltr'>primo</span> <span class='ocrx_word' id='word_1_52' title='bbox 265 793 432 850; x_wconf 87' lang='lat' dir='ltr'>quidem</span> <span class='ocrx_word' id='word_1_53' title='bbox 474 794 687 836; x_wconf 86' lang='lat' dir='ltr'>oculorum</span> <span class='ocrx_word' id='word_1_54' title='bbox 732 794 876 835; x_wconf 89' lang='lat' dir='ltr'>obtutu</span> <span class='ocrx_word' id='word_1_55' title='bbox 925 808 1014 835; x_wconf 84' lang='lat' dir='ltr'>eam</span> <span class='ocrx_word' id='word_1_56' title='bbox 1058 793 1316 849; x_wconf 87' lang='lat' dir='ltr'>potissimum</span> <span class='ocrx_word' id='word_1_57' title='bbox 1362 793 1414 833; x_wconf 89' lang='lat' dir='ltr'>ob</span> <span class='ocrx_word' id='word_1_58' title='bbox 1456 806 1621 832; x_wconf 86' lang='lat' dir='ltr'>causam</span> 
     </span>
     <span class='ocr_line' id='line_1_9' title="bbox 90 861 1624 919; baseline -0.002 -14"><span class='ocrx_word' id='word_1_59' title='bbox 90 863 260 906; x_wconf 86' lang='lat' dir='ltr'>minime</span> <span class='ocrx_word' id='word_1_60' title='bbox 290 863 419 904; x_wconf 82' lang='lat' dir='ltr'>facilis</span> <span class='ocrx_word' id='word_1_61' title='bbox 451 869 512 905; x_wconf 84' lang='lat' dir='ltr'>est</span> <span class='ocrx_word' id='word_1_62' title='bbox 544 862 594 904; x_wconf 88' lang='lat' dir='ltr'>ad</span> <span class='ocrx_word' id='word_1_63' title='bbox 628 861 957 919; x_wconf 85' lang='lat' dir='ltr'>disceptandum,</span> <span class='ocrx_word' id='word_1_64' title='bbox 992 862 1102 918; x_wconf 89' lang='lat' dir='ltr'>quod</span> <span class='ocrx_word' id='word_1_65' title='bbox 1125 877 1201 904; x_wconf 86' lang='lat' dir='ltr'>nec</span> <span class='ocrx_word' id='word_1_66' title='bbox 1230 877 1284 903; x_wconf 79' lang='lat' dir='ltr'>ex</span> <span class='ocrx_word' id='word_1_67' title='bbox 1308 862 1395 918; x_wconf 88' lang='lat' dir='ltr'>ipso</span> <span class='ocrx_word' id='word_1_68' title='bbox 1425 861 1624 903; x_wconf 77' lang='lat' dir='ltr'>Caesaris</span> 
     </span>
    </p>
   </div>
   <div class='ocr_carea' id='block_1_7' title="bbox 20 931 1622 1059">
    <p class='ocr_par' dir='ltr' id='par_1_7' title="bbox 20 931 1622 1059">
     <span class='ocr_line' id='line_1_10' title="bbox 20 931 1622 989; baseline -0.002 -14"><span class='ocrx_word' id='word_1_69' title='bbox 20 950 30 963; x_wconf 40' lang='grc' dir='ltr'>ν·</span> <span class='ocrx_word' id='word_1_70' title='bbox 91 933 259 976; x_wconf 85' lang='lat' dir='ltr'>nomine</span> <span class='ocrx_word' id='word_1_71' title='bbox 290 931 517 989; x_wconf 88' lang='lat' dir='ltr'>quidquam</span> <span class='ocrx_word' id='word_1_72' title='bbox 547 932 642 974; x_wconf 80' lang='lat' dir='ltr'>licet</span> <span class='ocrx_word' id='word_1_73' title='bbox 670 931 892 974; x_wconf 88' lang='lat' dir='ltr'>concludas</span> <span class='ocrx_word' id='word_1_74' title='bbox 914 932 1012 972; x_wconf 88' lang='lat' dir='ltr'>satis</span> <span class='ocrx_word' id='word_1_75' title='bbox 1045 931 1147 973; x_wconf 85' lang='lat' dir='ltr'>certi</span> <span class='ocrx_word' id='word_1_76' title='bbox 1177 938 1217 972; x_wconf 87' lang='lat' dir='ltr'>et</span> <span class='ocrx_word' id='word_1_77' title='bbox 1248 931 1454 988; x_wconf 86' lang='lat' dir='ltr'>explorati</span> <span class='ocrx_word' id='word_1_78' title='bbox 1486 945 1622 987; x_wconf 90' lang='lat' dir='ltr'>neque</span> 
     </span>
     <span class='ocr_line' id='line_1_11' title="bbox 30 1001 1619 1059; baseline -0.001 -14"><span class='ocrx_word' id='word_1_79' title='bbox 30 1035 31 1038; x_wconf 20' lang='grc' dir='ltr'>η</span> <span class='ocrx_word' id='word_1_80' title='bbox 92 1017 146 1045; x_wconf 85' lang='lat' dir='ltr'>ex</span> <span class='ocrx_word' id='word_1_81' title='bbox 172 1002 359 1059; x_wconf 75' lang='lat' dir='ltr'>Auqusti</span> <span class='ocrx_word' id='word_1_82' title='bbox 387 1002 528 1056; x_wconf 85' lang='lat' dir='ltr'>verbo,</span> <span class='ocrx_word' id='word_1_83' title='bbox 561 1001 672 1058; x_wconf 88' lang='lat' dir='ltr'>quod</span> <span class='ocrx_word' id='word_1_84' title='bbox 701 1001 864 1057; x_wconf 90' lang='lat' dir='ltr'>saepius</span> <span class='ocrx_word' id='word_1_85' title='bbox 894 1001 1012 1043; x_wconf 89' lang='lat' dir='ltr'>nobis</span> <span class='ocrx_word' id='word_1_86' title='bbox 1041 1001 1219 1043; x_wconf 83' lang='lat' dir='ltr'>occurrit</span> <span class='ocrx_word' id='word_1_87' title='bbox 1249 1001 1290 1041; x_wconf 86' lang='lat' dir='ltr'>in</span> <span class='ocrx_word' id='word_1_88' title='bbox 1322 1001 1619 1043; x_wconf 77' lang='lat' dir='ltr'>astronomicis,</span> 
     </span>
    </p>
   </div>
   <div class='ocr_carea' id='block_1_8' title="bbox 90 1070 1623 1129">
    <p class='ocr_par' dir='ltr' id='par_1_8' title="bbox 90 1070 1623 1129">
     <span class='ocr_line' id='line_1_12' title="bbox 90 1070 1623 1129; baseline -0.002 -15"><span class='ocrx_word' id='word_1_89' title='bbox 90 1071 142 1114; x_wconf 89' lang='lat' dir='ltr'>ld</span> <span class='ocrx_word' id='word_1_90' title='bbox 171 1078 310 1114; x_wconf 86' lang='lat' dir='ltr'>tamen</span> <span class='ocrx_word' id='word_1_91' title='bbox 339 1087 526 1129; x_wconf 86' lang='lat' dir='ltr'>promam</span> <span class='ocrx_word' id='word_1_92' title='bbox 569 1078 696 1128; x_wconf 88' lang='lat' dir='ltr'>atque</span> <span class='ocrx_word' id='word_1_93' title='bbox 734 1085 907 1126; x_wconf 81' lang='lat' dir='ltr'><strong>urgeam</strong></span> <span class='ocrx_word' id='word_1_94' title='bbox 949 1085 996 1112; x_wconf 86' lang='lat' dir='ltr'>ac</span> <span class='ocrx_word' id='word_1_95' title='bbox 1036 1076 1075 1112; x_wconf 84' lang='lat' dir='ltr'>te</span> <span class='ocrx_word' id='word_1_96' title='bbox 1113 1070 1214 1111; x_wconf 84' lang='lat' dir='ltr'>mihi</span> <span class='ocrx_word' id='word_1_97' title='bbox 1244 1070 1365 1119; x_wconf 85' lang='lat' dir='ltr'>facile</span> <span class='ocrx_word' id='word_1_98' title='bbox 1397 1070 1438 1111; x_wconf 90' lang='lat' dir='ltr'>in</span> <span class='ocrx_word' id='word_1_99' title='bbox 1468 1070 1545 1112; x_wconf 84' lang='lat' dir='ltr'>hac</span> <span class='ocrx_word' id='word_1_100' title='bbox 1577 1084 1623 1111; x_wconf 88' lang='lat' dir='ltr'>re</span> 
     </span>
    </p>
   </div>
   <div class='ocr_carea' id='block_1_9' title="bbox 23 1139 1624 1267">
    <p class='ocr_par' dir='ltr' id='par_1_9' title="bbox 23 1139 1624 1267">
     <span class='ocr_line' id='line_1_13' title="bbox 25 1139 1624 1197; baseline -0.002 -13"><span class='ocrx_word' id='word_1_101' title='bbox 25 1164 34 1187; x_wconf 69' lang='grc' dir='ltr'><strong>χ</strong></span> <span class='ocrx_word' id='word_1_102' title='bbox 91 1156 354 1184; x_wconf 83' lang='lat' dir='ltr'>assensurum</span> <span class='ocrx_word' id='word_1_103' title='bbox 371 1140 546 1194; x_wconf 84' lang='lat' dir='ltr'>confido,</span> <span class='ocrx_word' id='word_1_104' title='bbox 570 1141 602 1182; x_wconf 87' lang='lat' dir='ltr'>si</span> <span class='ocrx_word' id='word_1_105' title='bbox 626 1155 708 1182; x_wconf 90' lang='lat' dir='ltr'>uno</span> <span class='ocrx_word' id='word_1_106' title='bbox 726 1142 816 1183; x_wconf 82' lang='lat' dir='ltr'>loco</span> <span class='ocrx_word' id='word_1_107' title='bbox 839 1140 1081 1197; x_wconf 80' lang='lat' dir='ltr'>pluribusve</span> <span class='ocrx_word' id='word_1_108' title='bbox 1104 1139 1312 1182; x_wconf 82' lang='lat' dir='ltr'>vocabulis</span> <span class='ocrx_word' id='word_1_109' title='bbox 1330 1140 1416 1180; x_wconf 82' lang='lat' dir='ltr'>istis</span> <span class='ocrx_word' id='word_1_110' title='bbox 1439 1141 1624 1196; x_wconf 71' lang='lat' dir='ltr'>Auyusti</span> 
     </span>
     <span class='ocr_line' id='line_1_14' title="bbox 23 1208 1621 1267; baseline -0.003 -13"><span class='ocrx_word' id='word_1_111' title='bbox 23 1230 26 1231; x_wconf 47' lang='lat'><em>⁷</em></span> <span class='ocrx_word' id='word_1_112' title='bbox 92 1218 133 1254; x_wconf 84' lang='lat' dir='ltr'>et</span> <span class='ocrx_word' id='word_1_113' title='bbox 161 1210 358 1254; x_wconf 82' lang='lat' dir='ltr'>Caesaris</span> <span class='ocrx_word' id='word_1_114' title='bbox 378 1211 408 1265; x_wconf 84' lang='lat'>¹)</span> <span class='ocrx_word' id='word_1_115' title='bbox 449 1210 629 1267; x_wconf 85' lang='lat' dir='ltr'>aliquem</span> <span class='ocrx_word' id='word_1_116' title='bbox 671 1225 799 1252; x_wconf 88' lang='lat' dir='ltr'>unum</span> <span class='ocrx_word' id='word_1_117' title='bbox 844 1225 890 1251; x_wconf 89' lang='lat' dir='ltr'>ac</span> <span class='ocrx_word' id='word_1_118' title='bbox 928 1216 1086 1251; x_wconf 89' lang='lat' dir='ltr'>certum</span> <span class='ocrx_word' id='word_1_119' title='bbox 1131 1208 1407 1264; x_wconf 83' lang='lat' dir='ltr'>significatum</span> <span class='ocrx_word' id='word_1_120' title='bbox 1450 1216 1621 1262; x_wconf 82' lang='lat' dir='ltr'>constat,</span> 
     </span>
    </p>
   </div>
   <div class='ocr_carea' id='block_1_10' title="bbox 93 1278 1623 1335">
    <p class='ocr_par' dir='ltr' id='par_1_10' title="bbox 93 1278 1623 1335">
     <span class='ocr_line' id='line_1_15' title="bbox 93 1278 1623 1335; baseline -0.001 -14"><span class='ocrx_word' id='word_1_121' title='bbox 93 1279 394 1326; x_wconf 68' lang='lat' dir='ltr'>etiameeteris</span> <span class='ocrx_word' id='word_1_122' title='bbox 426 1279 526 1322; x_wconf 86' lang='lat' dir='ltr'>locis</span> <span class='ocrx_word' id='word_1_123' title='bbox 553 1279 662 1321; x_wconf 84' lang='lat' dir='ltr'>idem</span> <span class='ocrx_word' id='word_1_124' title='bbox 694 1279 962 1335; x_wconf 83' lang='lat' dir='ltr'>intellegatur</span> <span class='ocrx_word' id='word_1_125' title='bbox 992 1293 1160 1321; x_wconf 84' lang='lat' dir='ltr'>neeesse</span> <span class='ocrx_word' id='word_1_126' title='bbox 1192 1293 1294 1322; x_wconf 87' lang='lat' dir='ltr'>esse.</span> <span class='ocrx_word' id='word_1_127' title='bbox 1356 1278 1488 1335; x_wconf 88' lang='lat' dir='ltr'>Atqui</span> <span class='ocrx_word' id='word_1_128' title='bbox 1521 1279 1623 1320; x_wconf 88' lang='lat' dir='ltr'>nihil</span> 
     </span>
    </p>
   </div>
   <div class='ocr_carea' id='block_1_11' title="bbox 16 1347 1624 1546">
    <p class='ocr_par' dir='ltr' id='par_1_11' title="bbox 16 1347 1624 1546">
     <span class='ocr_line' id='line_1_16' title="bbox 16 1347 1622 1405; baseline 0 -15"><span class='ocrx_word' id='word_1_129' title='bbox 16 1347 26 1389; x_wconf 65' lang='grc' dir='ltr'><strong>Ῐ</strong></span> <span class='ocrx_word' id='word_1_130' title='bbox 91 1347 340 1405; x_wconf 68' lang='lat' dir='ltr'>relinquitur</span> <span class='ocrx_word' id='word_1_131' title='bbox 366 1348 645 1402; x_wconf 79' lang='lat' dir='ltr'>dubitationis,</span> <span class='ocrx_word' id='word_1_132' title='bbox 679 1349 778 1405; x_wconf 89' lang='lat' dir='ltr'>quin</span> <span class='ocrx_word' id='word_1_133' title='bbox 810 1348 971 1390; x_wconf 87' lang='lat' dir='ltr'>duobus</span> <span class='ocrx_word' id='word_1_134' title='bbox 1002 1348 1101 1390; x_wconf 84' lang='lat' dir='ltr'>locis</span> <span class='ocrx_word' id='word_1_135' title='bbox 1134 1349 1321 1404; x_wconf 74' lang='lat' dir='ltr'>Auyusti</span> <span class='ocrx_word' id='word_1_136' title='bbox 1350 1363 1448 1390; x_wconf 88' lang='lat' dir='ltr'>voce</span> <span class='ocrx_word' id='word_1_137' title='bbox 1477 1347 1524 1390; x_wconf 87' lang='lat' dir='ltr'>C.</span> <span class='ocrx_word' id='word_1_138' title='bbox 1555 1349 1622 1390; x_wconf 82' lang='lat' dir='ltr'>lu-</span> 
     </span>
     <span class='ocr_line' id='line_1_17' title="bbox 17 1414 1621 1473; baseline 0.001 -14"><span class='ocrx_word' id='word_1_139' title='bbox 17 1414 26 1470; x_wconf 33' lang='grc'>’-</span> <span class='ocrx_word' id='word_1_140' title='bbox 90 1417 192 1460; x_wconf 86' lang='lat' dir='ltr'>lium</span> <span class='ocrx_word' id='word_1_141' title='bbox 248 1416 470 1460; x_wconf 87' lang='lat' dir='ltr'>Caesarem</span> <span class='ocrx_word' id='word_1_142' title='bbox 525 1417 801 1461; x_wconf 82' lang='lat' dir='ltr'>Octavianum</span> <span class='ocrx_word' id='word_1_143' title='bbox 859 1419 1100 1472; x_wconf 88' lang='lat' dir='ltr'>Augustum</span> <span class='ocrx_word' id='word_1_144' title='bbox 1153 1417 1348 1458; x_wconf 83' lang='lat' dir='ltr'>Manilius</span> <span class='ocrx_word' id='word_1_145' title='bbox 1404 1417 1621 1473; x_wconf 81' lang='lat' dir='ltr'>significet.</span> 
     </span>
     <span class='ocr_line' id='line_1_18' title="bbox 16 1471 1624 1546; baseline 0 -18"><span class='ocrx_word' id='word_1_146' title='bbox 16 1471 28 1546; x_wconf 50' lang='grc' dir='ltr'>ἶ</span> <span class='ocrx_word' id='word_1_147' title='bbox 92 1485 282 1538; x_wconf 81' lang='lat' dir='ltr'>Quorum</span> <span class='ocrx_word' id='word_1_148' title='bbox 311 1486 449 1543; x_wconf 89' lang='lat' dir='ltr'>priore</span> <span class='ocrx_word' id='word_1_149' title='bbox 479 1487 618 1543; x_wconf 84' lang='lat' dir='ltr'>agitur</span> <span class='ocrx_word' id='word_1_150' title='bbox 649 1487 701 1529; x_wconf 93' lang='lat' dir='ltr'>de</span> <span class='ocrx_word' id='word_1_151' title='bbox 728 1502 869 1544; x_wconf 83' lang='lat' dir='ltr'>pugna</span> <span class='ocrx_word' id='word_1_152' title='bbox 892 1487 934 1528; x_wconf 91' lang='lat' dir='ltr'>in</span> <span class='ocrx_word' id='word_1_153' title='bbox 964 1486 1195 1543; x_wconf 89' lang='lat' dir='ltr'>Philippeis</span> <span class='ocrx_word' id='word_1_154' title='bbox 1222 1487 1376 1544; x_wconf 90' lang='lat' dir='ltr'>campis</span> <span class='ocrx_word' id='word_1_155' title='bbox 1406 1487 1624 1529; x_wconf 86' lang='lat' dir='ltr'>commissa</span> 
     </span>
    </p>
   </div>
   <div class='ocr_carea' id='block_1_12' title="bbox 5 2270 30 2681">
    <p class='ocr_par' dir='ltr' id='par_1_12' title="bbox 0 2270 30 2681">
     <span class='ocr_line' id='line_1_19' title="bbox 5 2270 30 2681; textangle 90"><span class='ocrx_word' id='word_1_156' title='bbox 6 2631 25 2681; x_wconf 53' lang='grc' dir='ltr'>οὓς.</span> <span class='ocrx_word' id='word_1_157' title='bbox 16 2610 26 2614; x_wconf 82' lang='grc'>;</span> <span class='ocrx_word' id='word_1_158' title='bbox 5 2508 23 2582; x_wconf 77' lang='lat'>1⁴.</span> <span class='ocrx_word' id='word_1_159' title='bbox 16 2478 26 2497; x_wconf 51' lang='grc' dir='ltr'>,Ἴ</span> <span class='ocrx_word' id='word_1_160' title='bbox 8 2379 29 2464; x_wconf 51' lang='lat' dir='ltr'>‘-⁴&#39;¹j*„·*.·&#39;.*-.</span> <span class='ocrx_word' id='word_1_161' title='bbox 9 2303 24 2351; x_wconf 66' lang='lat'>.-*.&lt;,:</span> <span class='ocrx_word' id='word_1_162' title='bbox 19 2270 30 2279; x_wconf 21' lang='grc' dir='ltr'>,Ἰ</span> 
     </span>
    </p>
   </div>
   <div class='ocr_carea' id='block_1_13' title="bbox 90 1555 1624 2518">
    <p class='ocr_par' dir='ltr' id='par_1_13' title="bbox 90 1555 1624 2100">
     <span class='ocr_line' id='line_1_20' title="bbox 92 1555 1624 1614; baseline 0.001 -16"><span class='ocrx_word' id='word_1_163' title='bbox 92 1555 140 1611; x_wconf 84' lang='lat' dir='ltr'>(I,</span> <span class='ocrx_word' id='word_1_164' title='bbox 172 1556 256 1599; x_wconf 84' lang='lat'>913</span> <span class='ocrx_word' id='word_1_165' title='bbox 284 1558 365 1613; x_wconf 89' lang='lat' dir='ltr'>sq.)</span> <span class='ocrx_word' id='word_1_166' title='bbox 397 1571 444 1598; x_wconf 82' lang='lat' dir='ltr'>ac</span> <span class='ocrx_word' id='word_1_167' title='bbox 474 1557 730 1613; x_wconf 84' lang='lat' dir='ltr'>praeteriens</span> <span class='ocrx_word' id='word_1_168' title='bbox 754 1556 869 1613; x_wconf 82' lang='lat' dir='ltr'>quasi</span> <span class='ocrx_word' id='word_1_169' title='bbox 900 1571 1068 1614; x_wconf 86' lang='lat' dir='ltr'>pugnae</span> <span class='ocrx_word' id='word_1_170' title='bbox 1085 1556 1347 1598; x_wconf 86' lang='lat' dir='ltr'>Pharsalicae</span> <span class='ocrx_word' id='word_1_171' title='bbox 1369 1563 1490 1613; x_wconf 86' lang='lat' dir='ltr'>poeta</span> <span class='ocrx_word' id='word_1_172' title='bbox 1513 1571 1624 1599; x_wconf 89' lang='lat' dir='ltr'>men-</span> 
     </span>
     <span class='ocr_line' id='line_1_21' title="bbox 92 1625 1624 1682; baseline 0.001 -16"><span class='ocrx_word' id='word_1_173' title='bbox 92 1625 247 1668; x_wconf 85' lang='lat' dir='ltr'>tionem</span> <span class='ocrx_word' id='word_1_174' title='bbox 303 1625 408 1667; x_wconf 84' lang='lat' dir='ltr'>faeit.</span> <span class='ocrx_word' id='word_1_175' title='bbox 469 1625 670 1682; x_wconf 76' lang='lat' dir='ltr'>Legimus</span> <span class='ocrx_word' id='word_1_176' title='bbox 714 1626 793 1667; x_wconf 84' lang='lat' dir='ltr'>ibi:</span> <span class='ocrx_word' id='word_1_177' title='bbox 834 1640 998 1682; x_wconf 77' lang='lat' dir='ltr'>perque</span> <span class='ocrx_word' id='word_1_178' title='bbox 1042 1628 1190 1681; x_wconf 72' lang='lat' dir='ltr'>patris</span> <span class='ocrx_word' id='word_1_179' title='bbox 1237 1631 1364 1682; x_wconf 75' lang='lat' dir='ltr'>pater</span> <span class='ocrx_word' id='word_1_180' title='bbox 1405 1627 1624 1682; x_wconf 62' lang='lat' dir='ltr'>A‘uqustus</span> 
     </span>
     <span class='ocr_line' id='line_1_22' title="bbox 91 1695 1624 1752; baseline 0.001 -16"><span class='ocrx_word' id='word_1_181' title='bbox 91 1696 268 1750; x_wconf 76' lang='lat' dir='ltr'>vestiyia</span> <span class='ocrx_word' id='word_1_182' title='bbox 303 1697 414 1737; x_wconf 72' lang='lat' dir='ltr'>vicit.</span> <span class='ocrx_word' id='word_1_183' title='bbox 488 1695 646 1737; x_wconf 87' lang='lat' dir='ltr'>Vicisse</span> <span class='ocrx_word' id='word_1_184' title='bbox 696 1695 808 1752; x_wconf 89' lang='lat' dir='ltr'>apud</span> <span class='ocrx_word' id='word_1_185' title='bbox 851 1696 1067 1752; x_wconf 86' lang='lat' dir='ltr'>Philippos</span> <span class='ocrx_word' id='word_1_186' title='bbox 1107 1697 1347 1751; x_wconf 83' lang='lat' dir='ltr'>Augustum</span> <span class='ocrx_word' id='word_1_187' title='bbox 1390 1711 1465 1752; x_wconf 84' lang='lat' dir='ltr'>per</span> <span class='ocrx_word' id='word_1_188' title='bbox 1495 1697 1624 1752; x_wconf 87' lang='lat' dir='ltr'>patris</span> 
     </span>
     <span class='ocr_line' id='line_1_23' title="bbox 93 1764 1621 1821; baseline 0.002 -17"><span class='ocrx_word' id='word_1_189' title='bbox 93 1764 267 1820; x_wconf 84' lang='lat' dir='ltr'>vestigia</span> <span class='ocrx_word' id='word_1_190' title='bbox 297 1771 421 1821; x_wconf 88' lang='lat' dir='ltr'>poeta</span> <span class='ocrx_word' id='word_1_191' title='bbox 452 1764 589 1806; x_wconf 86' lang='lat' dir='ltr'>dicore</span> <span class='ocrx_word' id='word_1_192' title='bbox 620 1765 766 1820; x_wconf 86' lang='lat' dir='ltr'>potuit,</span> <span class='ocrx_word' id='word_1_193' title='bbox 801 1772 842 1806; x_wconf 88' lang='lat' dir='ltr'>et</span> <span class='ocrx_word' id='word_1_194' title='bbox 882 1765 981 1820; x_wconf 90' lang='lat' dir='ltr'>quia</span> <span class='ocrx_word' id='word_1_195' title='bbox 1013 1790 1066 1796; x_wconf 89' lang='lat'>—</span> <span class='ocrx_word' id='word_1_196' title='bbox 1097 1765 1138 1806; x_wconf 91' lang='lat' dir='ltr'>ni</span> <span class='ocrx_word' id='word_1_197' title='bbox 1169 1765 1289 1806; x_wconf 86' lang='lat' dir='ltr'>nimis</span> <span class='ocrx_word' id='word_1_198' title='bbox 1316 1766 1465 1807; x_wconf 81' lang='lat' dir='ltr'>anxius</span> <span class='ocrx_word' id='word_1_199' title='bbox 1497 1766 1551 1807; x_wconf 88' lang='lat' dir='ltr'>sis</span> <span class='ocrx_word' id='word_1_200' title='bbox 1582 1766 1621 1807; x_wconf 89' lang='lat' dir='ltr'>in</span> 
     </span>
     <span class='ocr_line' id='line_1_24' title="bbox 90 1833 1623 1877; baseline 0.002 -3"><span class='ocrx_word' id='word_1_201' title='bbox 90 1833 470 1876; x_wconf 81' lang='lat' dir='ltr'>circumscribendis</span> <span class='ocrx_word' id='word_1_202' title='bbox 505 1834 627 1875; x_wconf 91' lang='lat' dir='ltr'>huius</span> <span class='ocrx_word' id='word_1_203' title='bbox 668 1841 802 1875; x_wconf 88' lang='lat' dir='ltr'>terrae</span> <span class='ocrx_word' id='word_1_204' title='bbox 844 1833 994 1875; x_wconf 86' lang='lat' dir='ltr'>finibus</span> <span class='ocrx_word' id='word_1_205' title='bbox 1028 1859 1080 1865; x_wconf 90' lang='lat'><em>-</em></span> <span class='ocrx_word' id='word_1_206' title='bbox 1122 1834 1162 1875; x_wconf 91' lang='lat' dir='ltr'>in</span> <span class='ocrx_word' id='word_1_207' title='bbox 1195 1834 1340 1876; x_wconf 87' lang='lat' dir='ltr'>eadem</span> <span class='ocrx_word' id='word_1_208' title='bbox 1372 1835 1459 1876; x_wconf 87' lang='lat' dir='ltr'>fere</span> <span class='ocrx_word' id='word_1_209' title='bbox 1491 1833 1623 1877; x_wconf 89' lang='lat' dir='ltr'>Grae-</span> 
     </span>
     <span class='ocr_line' id='line_1_25' title="bbox 92 1901 1622 1960; baseline 0.001 -17"><span class='ocrx_word' id='word_1_210' title='bbox 92 1902 179 1945; x_wconf 81' lang='lat' dir='ltr'>ciae</span> <span class='ocrx_word' id='word_1_211' title='bbox 207 1903 540 1960; x_wconf 86' lang='lat' dir='ltr'>septentrionalis</span> <span class='ocrx_word' id='word_1_212' title='bbox 572 1903 744 1959; x_wconf 88' lang='lat' dir='ltr'>regione</span> <span class='ocrx_word' id='word_1_213' title='bbox 767 1902 815 1947; x_wconf 84' lang='lat' dir='ltr'>C.</span> <span class='ocrx_word' id='word_1_214' title='bbox 839 1903 970 1944; x_wconf 90' lang='lat' dir='ltr'>lulius</span> <span class='ocrx_word' id='word_1_215' title='bbox 999 1901 1154 1945; x_wconf 84' lang='lat' dir='ltr'>Caesar</span> <span class='ocrx_word' id='word_1_216' title='bbox 1182 1918 1274 1945; x_wconf 88' lang='lat' dir='ltr'>cum</span> <span class='ocrx_word' id='word_1_217' title='bbox 1297 1903 1497 1960; x_wconf 86' lang='lat' dir='ltr'>Pompeio</span> <span class='ocrx_word' id='word_1_218' title='bbox 1529 1919 1622 1946; x_wconf 85' lang='lat' dir='ltr'>con-</span> 
     </span>
     <span class='ocr_line' id='line_1_26' title="bbox 92 1970 1623 2030; baseline 0.002 -17"><span class='ocrx_word' id='word_1_219' title='bbox 92 1970 269 2027; x_wconf 85' lang='lat' dir='ltr'>flixerat,</span> <span class='ocrx_word' id='word_1_220' title='bbox 283 1975 318 2027; x_wconf 84' lang='lat'>²)</span> <span class='ocrx_word' id='word_1_221' title='bbox 346 1979 387 2015; x_wconf 83' lang='lat' dir='ltr'>et</span> <span class='ocrx_word' id='word_1_222' title='bbox 418 1973 514 2030; x_wconf 90' lang='lat' dir='ltr'>quia</span> <span class='ocrx_word' id='word_1_223' title='bbox 544 1971 733 2015; x_wconf 86' lang='lat' dir='ltr'>Caesaris</span> <span class='ocrx_word' id='word_1_224' title='bbox 769 1972 955 2027; x_wconf 82' lang='lat' dir='ltr'>vestigiis</span> <span class='ocrx_word' id='word_1_225' title='bbox 986 1973 1143 2014; x_wconf 89' lang='lat' dir='ltr'>instans</span> <span class='ocrx_word' id='word_1_226' title='bbox 1175 1981 1314 2030; x_wconf 90' lang='lat' dir='ltr'>partes</span> <span class='ocrx_word' id='word_1_227' title='bbox 1345 1974 1432 2015; x_wconf 85' lang='lat' dir='ltr'>eius</span> <span class='ocrx_word' id='word_1_228' title='bbox 1460 1974 1501 2014; x_wconf 89' lang='lat' dir='ltr'>in</span> <span class='ocrx_word' id='word_1_229' title='bbox 1533 1988 1623 2016; x_wconf 87' lang='lat' dir='ltr'>sese</span> 
     </span>
     <span class='ocr_line' id='line_1_27' title="bbox 91 2042 624 2100; baseline 0 -17"><span class='ocrx_word' id='word_1_230' title='bbox 91 2049 331 2100; x_wconf 81' lang='lat' dir='ltr'>susceperat</span> <span class='ocrx_word' id='word_1_231' title='bbox 359 2042 624 2086; x_wconf 84' lang='lat' dir='ltr'>Octavianus.</span> 
     </span>
    </p>

    <p class='ocr_par' dir='ltr' id='par_1_14' title="bbox 93 2111 1624 2307">
     <span class='ocr_line' id='line_1_28' title="bbox 229 2111 1624 2169; baseline 0.001 -15"><span class='ocrx_word' id='word_1_232' title='bbox 229 2111 380 2169; x_wconf 87' lang='lat' dir='ltr'>Neque</span> <span class='ocrx_word' id='word_1_233' title='bbox 410 2112 546 2154; x_wconf 91' lang='lat' dir='ltr'>minus</span> <span class='ocrx_word' id='word_1_234' title='bbox 578 2111 704 2154; x_wconf 87' lang='lat' dir='ltr'>dubio</span> <span class='ocrx_word' id='word_1_235' title='bbox 736 2111 894 2169; x_wconf 84' lang='lat' dir='ltr'>procul,</span> <span class='ocrx_word' id='word_1_236' title='bbox 929 2127 1053 2169; x_wconf 89' lang='lat' dir='ltr'>quem</span> <span class='ocrx_word' id='word_1_237' title='bbox 1077 2118 1200 2168; x_wconf 90' lang='lat' dir='ltr'>poeta</span> <span class='ocrx_word' id='word_1_238' title='bbox 1229 2111 1451 2169; x_wconf 86' lang='lat' dir='ltr'>appellarit</span> <span class='ocrx_word' id='word_1_239' title='bbox 1477 2114 1624 2169; x_wconf 73' lang='lat' dir='ltr'><em>Anqu-</em></span> 
     </span>
     <span class='ocr_line' id='line_1_29' title="bbox 94 2180 1623 2238; baseline 0.001 -16"><span class='ocrx_word' id='word_1_240' title='bbox 94 2185 216 2234; x_wconf 79' lang='lat' dir='ltr'>stum,</span> <span class='ocrx_word' id='word_1_241' title='bbox 248 2187 310 2223; x_wconf 90' lang='lat' dir='ltr'>est</span> <span class='ocrx_word' id='word_1_242' title='bbox 336 2180 467 2223; x_wconf 88' lang='lat' dir='ltr'>altero</span> <span class='ocrx_word' id='word_1_243' title='bbox 497 2181 587 2224; x_wconf 89' lang='lat' dir='ltr'>loeo</span> <span class='ocrx_word' id='word_1_244' title='bbox 617 2181 809 2236; x_wconf 80' lang='lat'>(11509),</span> <span class='ocrx_word' id='word_1_245' title='bbox 842 2196 924 2238; x_wconf 90' lang='lat' dir='ltr'>quo</span> <span class='ocrx_word' id='word_1_246' title='bbox 956 2181 1246 2223; x_wconf 84' lang='lat' dir='ltr'>describuntur</span> <span class='ocrx_word' id='word_1_247' title='bbox 1276 2181 1396 2237; x_wconf 86' lang='lat' dir='ltr'>signa</span> <span class='ocrx_word' id='word_1_248' title='bbox 1427 2181 1623 2236; x_wconf 83' lang='lat' dir='ltr'>videntia,</span> 
     </span>
     <span class='ocr_line' id='line_1_30' title="bbox 93 2249 1194 2307; baseline 0 -15"><span class='ocrx_word' id='word_1_249' title='bbox 93 2249 316 2305; x_wconf 82' lang='lat' dir='ltr'>audientia,</span> <span class='ocrx_word' id='word_1_250' title='bbox 347 2251 541 2306; x_wconf 78' lang='lat' dir='ltr'>amantia,</span> <span class='ocrx_word' id='word_1_251' title='bbox 571 2251 748 2305; x_wconf 68' lang='lat' dir='ltr'>hostilia,</span> <span class='ocrx_word' id='word_1_252' title='bbox 781 2266 828 2292; x_wconf 85' lang='lat' dir='ltr'>ac</span> <span class='ocrx_word' id='word_1_253' title='bbox 859 2251 1036 2307; x_wconf 88' lang='lat' dir='ltr'>legimus</span> <span class='ocrx_word' id='word_1_254' title='bbox 1069 2251 1194 2293; x_wconf 84' lang='lat' dir='ltr'>haee:</span> 
     </span>
    </p>

    <p class='ocr_par' dir='ltr' id='par_1_15' title="bbox 326 2321 1440 2518">
     <span class='ocr_line' id='line_1_31' title="bbox 663 2321 1396 2377; baseline -0.003 -13"><span class='ocrx_word' id='word_1_255' title='bbox 663 2321 823 2364; x_wconf 75' lang='lat' dir='ltr'>Contra</span> <span class='ocrx_word' id='word_1_256' title='bbox 857 2321 1151 2377; x_wconf 76' lang='lat' dir='ltr'>Capricormcs</span> <span class='ocrx_word' id='word_1_257' title='bbox 1181 2323 1226 2363; x_wconf 75' lang='lat' dir='ltr'>in</span> <span class='ocrx_word' id='word_1_258' title='bbox 1257 2323 1396 2376; x_wconf 74' lang='lat' dir='ltr'>ipsum</span> 
     </span>
     <span class='ocr_line' id='line_1_32' title="bbox 329 2390 1408 2448; baseline -0.002 -15"><span class='ocrx_word' id='word_1_259' title='bbox 329 2390 539 2434; x_wconf 76' lang='lat' dir='ltr'>Convertit</span> <span class='ocrx_word' id='word_1_260' title='bbox 568 2393 683 2434; x_wconf 72' lang='lat' dir='ltr'>visus</span> <span class='ocrx_word' id='word_1_261' title='bbox 715 2416 760 2421; x_wconf 92' lang='lat'>—-</span> <span class='ocrx_word' id='word_1_262' title='bbox 797 2391 902 2448; x_wconf 72' lang='lat' dir='ltr'>quid</span> <span class='ocrx_word' id='word_1_263' title='bbox 932 2393 1043 2433; x_wconf 77' lang='lat' dir='ltr'>enim</span> <span class='ocrx_word' id='word_1_264' title='bbox 1073 2390 1305 2432; x_wconf 72' lang='lat' dir='ltr'>mirabitur</span> <span class='ocrx_word' id='word_1_265' title='bbox 1335 2391 1408 2432; x_wconf 73' lang='lat' dir='ltr'>ille</span> 
     </span>
     <span class='ocr_line' id='line_1_33' title="bbox 326 2459 1440 2518; baseline -0.001 -16"><span class='ocrx_word' id='word_1_266' title='bbox 326 2460 485 2515; x_wconf 81' lang='lat' dir='ltr'>Maius,</span> <span class='ocrx_word' id='word_1_267' title='bbox 515 2463 563 2504; x_wconf 55' lang='grc' dir='ltr'>ἐἴη</span> <span class='ocrx_word' id='word_1_268' title='bbox 591 2463 779 2518; x_wconf 70' lang='lat' dir='ltr'>Athzesti</span> <span class='ocrx_word' id='word_1_269' title='bbox 798 2462 917 2517; x_wconf 70' lang='lat' dir='ltr'>felix</span> <span class='ocrx_word' id='word_1_270' title='bbox 946 2475 1039 2503; x_wconf 74' lang='lat' dir='ltr'>cum</span> <span class='ocrx_word' id='word_1_271' title='bbox 1057 2461 1240 2516; x_wconf 78' lang='lat' dir='ltr'>fulserit</span> <span class='ocrx_word' id='word_1_272' title='bbox 1269 2459 1440 2502; x_wconf 76' lang='lat' dir='ltr'>ortum?</span> 
     </span>
    </p>
   </div>
   <div class='ocr_carea' id='block_1_14' title="bbox 94 2563 1625 2956">
    <p class='ocr_par' dir='ltr' id='par_1_16' title="bbox 94 2563 1625 2898">
     <span class='ocr_line' id='line_1_34' title="bbox 236 2563 1625 2608; baseline 0 -11"><span class='ocrx_word' id='word_1_273' title='bbox 236 2563 268 2608; x_wconf 82' lang='lat'>1]</span> <span class='ocrx_word' id='word_1_274' title='bbox 295 2565 394 2599; x_wconf 82' lang='lat' dir='ltr'>Haec</span> <span class='ocrx_word' id='word_1_275' title='bbox 425 2570 542 2599; x_wconf 83' lang='lat' dir='ltr'>autem</span> <span class='ocrx_word' id='word_1_276' title='bbox 579 2567 646 2599; x_wconf 91' lang='lat' dir='ltr'>duo</span> <span class='ocrx_word' id='word_1_277' title='bbox 677 2567 852 2600; x_wconf 77' lang='lat' dir='ltr'>vocabula</span> <span class='ocrx_word' id='word_1_278' title='bbox 887 2566 1100 2599; x_wconf 79' lang='lat' dir='ltr'>Caesaris</span> <span class='ocrx_word' id='word_1_279' title='bbox 1136 2569 1170 2598; x_wconf 84' lang='lat' dir='ltr'>et</span> <span class='ocrx_word' id='word_1_280' title='bbox 1201 2565 1396 2608; x_wconf 84' lang='lat' dir='ltr'>Augusti</span> <span class='ocrx_word' id='word_1_281' title='bbox 1429 2564 1625 2607; x_wconf 84' lang='lat' dir='ltr'>promiscue</span> 
     </span>
     <span class='ocr_line' id='line_1_35' title="bbox 94 2621 1623 2667; baseline -0.001 -12"><span class='ocrx_word' id='word_1_282' title='bbox 94 2621 269 2656; x_wconf 70' lang='lat' dir='ltr'>Manilius</span> <span class='ocrx_word' id='word_1_283' title='bbox 300 2623 447 2656; x_wconf 80' lang='lat' dir='ltr'>adhibet</span> <span class='ocrx_word' id='word_1_284' title='bbox 488 2625 633 2657; x_wconf 84' lang='lat' dir='ltr'>aliorum</span> <span class='ocrx_word' id='word_1_285' title='bbox 667 2628 852 2666; x_wconf 79' lang='lat' dir='ltr'>poetarum</span> <span class='ocrx_word' id='word_1_286' title='bbox 878 2624 1040 2667; x_wconf 79' lang='lat' dir='ltr'>exempla</span> <span class='ocrx_word' id='word_1_287' title='bbox 1064 2630 1216 2658; x_wconf 83' lang='lat' dir='ltr'>secutus.</span> <span class='ocrx_word' id='word_1_288' title='bbox 1265 2624 1435 2657; x_wconf 81' lang='lat' dir='ltr'>Horatius</span> <span class='ocrx_word' id='word_1_289' title='bbox 1470 2622 1623 2664; x_wconf 89' lang='lat' dir='ltr'>quidem,</span> 
     </span>
     <span class='ocr_line' id='line_1_36' title="bbox 95 2678 1623 2725; baseline -0.001 -12"><span class='ocrx_word' id='word_1_290' title='bbox 95 2683 135 2713; x_wconf 78' lang='lat' dir='ltr'>ut</span> <span class='ocrx_word' id='word_1_291' title='bbox 158 2680 392 2714; x_wconf 74' lang='lat' dir='ltr'>Octavianum</span> <span class='ocrx_word' id='word_1_292' title='bbox 415 2681 600 2724; x_wconf 84' lang='lat' dir='ltr'>significet,</span> <span class='ocrx_word' id='word_1_293' title='bbox 633 2682 671 2714; x_wconf 86' lang='lat' dir='ltr'>in</span> <span class='ocrx_word' id='word_1_294' title='bbox 698 2682 802 2725; x_wconf 81' lang='lat' dir='ltr'>epist.</span> <span class='ocrx_word' id='word_1_295' title='bbox 825 2682 843 2714; x_wconf 95' lang='lat' dir='ltr'>I</span> <span class='ocrx_word' id='word_1_296' title='bbox 869 2683 923 2724; x_wconf 80' lang='lat'>13,</span> <span class='ocrx_word' id='word_1_297' title='bbox 950 2685 970 2716; x_wconf 81' lang='lat'>2</span> <span class='ocrx_word' id='word_1_298' title='bbox 995 2682 1192 2724; x_wconf 79' lang='lat' dir='ltr'>Augusti</span> <span class='ocrx_word' id='word_1_299' title='bbox 1217 2684 1252 2713; x_wconf 87' lang='lat' dir='ltr'>et</span> <span class='ocrx_word' id='word_1_300' title='bbox 1276 2681 1313 2712; x_wconf 88' lang='lat' dir='ltr'>in</span> <span class='ocrx_word' id='word_1_301' title='bbox 1339 2680 1460 2712; x_wconf 84' lang='lat' dir='ltr'>eadem</span> <span class='ocrx_word' id='word_1_302' title='bbox 1487 2678 1538 2722; x_wconf 81' lang='lat' dir='ltr'>(v.</span> <span class='ocrx_word' id='word_1_303' title='bbox 1568 2680 1623 2720; x_wconf 90' lang='lat'>18)</span> 
     </span>
     <span class='ocr_line' id='line_1_37' title="bbox 97 2737 1623 2782; baseline -0.002 -10"><span class='ocrx_word' id='word_1_304' title='bbox 97 2737 311 2772; x_wconf 76' lang='lat' dir='ltr'>Caesaris</span> <span class='ocrx_word' id='word_1_305' title='bbox 336 2748 420 2772; x_wconf 80' lang='lat' dir='ltr'>voce</span> <span class='ocrx_word' id='word_1_306' title='bbox 446 2741 564 2782; x_wconf 77' lang='lat' dir='ltr'>utitur,</span> <span class='ocrx_word' id='word_1_307' title='bbox 589 2739 681 2772; x_wconf 85' lang='lat' dir='ltr'>sicut</span> <span class='ocrx_word' id='word_1_308' title='bbox 703 2739 849 2772; x_wconf 78' lang='lat' dir='ltr'>metrica</span> <span class='ocrx_word' id='word_1_309' title='bbox 875 2739 966 2772; x_wconf 84' lang='lat' dir='ltr'>ratio</span> <span class='ocrx_word' id='word_1_310' title='bbox 990 2739 1157 2782; x_wconf 83' lang='lat' dir='ltr'>postulat,</span> <span class='ocrx_word' id='word_1_311' title='bbox 1184 2739 1227 2772; x_wconf 79' lang='lat' dir='ltr'>cf.</span> <span class='ocrx_word' id='word_1_312' title='bbox 1252 2739 1374 2771; x_wconf 86' lang='lat' dir='ltr'>Horat.</span> <span class='ocrx_word' id='word_1_313' title='bbox 1401 2737 1501 2779; x_wconf 85' lang='lat' dir='ltr'>epist.</span> <span class='ocrx_word' id='word_1_314' title='bbox 1524 2737 1541 2768; x_wconf 93' lang='lat'>1</span> <span class='ocrx_word' id='word_1_315' title='bbox 1569 2738 1623 2778; x_wconf 82' lang='lat'>16,</span> 
     </span>
     <span class='ocr_line' id='line_1_38' title="bbox 98 2794 1625 2841; baseline -0.002 -12"><span class='ocrx_word' id='word_1_316' title='bbox 98 2796 140 2829; x_wconf 80' lang='lat'>19</span> <span class='ocrx_word' id='word_1_317' title='bbox 165 2799 201 2829; x_wconf 79' lang='lat' dir='ltr'>et</span> <span class='ocrx_word' id='word_1_318' title='bbox 222 2796 259 2829; x_wconf 88' lang='lat'>11</span> <span class='ocrx_word' id='word_1_319' title='bbox 283 2798 315 2838; x_wconf 83' lang='lat'>3,</span> <span class='ocrx_word' id='word_1_320' title='bbox 342 2798 363 2830; x_wconf 82' lang='lat'>2</span> <span class='ocrx_word' id='word_1_321' title='bbox 388 2799 422 2830; x_wconf 89' lang='lat' dir='ltr'>et</span> <span class='ocrx_word' id='word_1_322' title='bbox 448 2797 466 2828; x_wconf 86' lang='grc'><strong>7</strong></span> <span class='ocrx_word' id='word_1_323' title='bbox 492 2795 774 2840; x_wconf 82' lang='lat' dir='ltr'>(Augustus);</span> <span class='ocrx_word' id='word_1_324' title='bbox 809 2797 910 2841; x_wconf 87' lang='lat' dir='ltr'>epist.</span> <span class='ocrx_word' id='word_1_325' title='bbox 934 2797 952 2830; x_wconf 90' lang='grc' dir='ltr'>Ι</span> <span class='ocrx_word' id='word_1_326' title='bbox 976 2798 1009 2840; x_wconf 87' lang='lat'>5,</span> <span class='ocrx_word' id='word_1_327' title='bbox 1042 2798 1074 2840; x_wconf 84' lang='grc'>9,</span> <span class='ocrx_word' id='word_1_328' title='bbox 1098 2796 1191 2838; x_wconf 89' lang='lat'>111,</span> <span class='ocrx_word' id='word_1_329' title='bbox 1226 2796 1249 2830; x_wconf 77' lang='lat'><strong>4</strong></span> <span class='ocrx_word' id='word_1_330' title='bbox 1280 2794 1492 2838; x_wconf 82' lang='lat' dir='ltr'>(Caesar);</span> <span class='ocrx_word' id='word_1_331' title='bbox 1525 2794 1625 2836; x_wconf 85' lang='lat' dir='ltr'>epist.</span> 
     </span>
     <span class='ocr_line' id='line_1_39' title="bbox 95 2851 757 2898; baseline 0.003 -13"><span class='ocrx_word' id='word_1_332' title='bbox 95 2851 132 2886; x_wconf 88' lang='lat'>11</span> <span class='ocrx_word' id='word_1_333' title='bbox 163 2854 198 2896; x_wconf 84' lang='lat'>2,</span> <span class='ocrx_word' id='word_1_334' title='bbox 225 2855 271 2887; x_wconf 83' lang='lat'>48</span> <span class='ocrx_word' id='word_1_335' title='bbox 298 2853 479 2895; x_wconf 83' lang='lat' dir='ltr'>(Caesar</span> <span class='ocrx_word' id='word_1_336' title='bbox 505 2853 757 2898; x_wconf 80' lang='lat' dir='ltr'>Augustus).</span> 
     </span>
    </p>

    <p class='ocr_par' dir='ltr' id='par_1_17' title="bbox 233 2911 1468 2956">
     <span class='ocr_line' id='line_1_40' title="bbox 233 2911 1468 2956; baseline -0.002 -10"><span class='ocrx_word' id='word_1_337' title='bbox 233 2911 261 2956; x_wconf 90' lang='lat'>²)</span> <span class='ocrx_word' id='word_1_338' title='bbox 286 2911 487 2946; x_wconf 71' lang='lat' dir='ltr'>Promissus</span> <span class='ocrx_word' id='word_1_339' title='bbox 512 2912 681 2946; x_wconf 75' lang='lat' dir='ltr'>Lucanus</span> <span class='ocrx_word' id='word_1_340' title='bbox 707 2923 847 2956; x_wconf 81' lang='lat' dir='ltr'>quoque</span> <span class='ocrx_word' id='word_1_341' title='bbox 874 2912 959 2946; x_wconf 83' lang='lat' dir='ltr'>dicit</span> <span class='ocrx_word' id='word_1_342' title='bbox 983 2912 1166 2954; x_wconf 84' lang='lat' dir='ltr'>Philippos</span> <span class='ocrx_word' id='word_1_343' title='bbox 1191 2915 1226 2945; x_wconf 86' lang='lat' dir='ltr'>et</span> <span class='ocrx_word' id='word_1_344' title='bbox 1251 2911 1468 2944; x_wconf 83' lang='lat' dir='ltr'>Pharsalum.</span> 
     </span>
    </p>
   </div>
  </div>
 </body>
</html>
