1930 3320
942 253 1199 298 —46—-

315 345 407 384 dem
434 342 648 389 sententia,
676 345 786 388 sunt,
812 345 856 379 ut
877 340 926 379 de
951 339 1015 378 his
1043 339 1233 379 omnibus
1262 344 1385 392 poeta
1410 345 1545 381 taceat
1570 355 1701 396 neque
1730 357 1780 384 ea

316 420 407 447 cum
434 407 527 445 fatis
554 405 856 455 imperiosaque
896 407 1101 442 astrorum
1127 403 1166 443 vi
1192 405 1448 444 concilianda
1477 410 1603 445 curet.
1626 408 1682 446 De
1712 407 1779 449 his

314 471 539 520 loquuntur
564 468 715 515 stoicis,
746 468 870 506 etiam
898 479 990 506 cum
1025 479 1128 518 opus
1162 480 1246 506 non
1265 472 1352 508 est:
1385 469 1493 508 unde
1519 469 1579 518 fit,
1608 474 1666 518 ut,
1690 472 1774 523 qui,

313 545 404 572 cum
426 545 529 582 opus
548 531 612 579 sit,
636 531 686 570 de
706 531 769 569 his
786 543 870 569 non
892 531 1086 582 loquitur,
1110 531 1259 570 stoicus
1280 544 1362 571 non
1384 532 1448 571 sit.

366 596 408 635 Si
424 608 520 634 vero
542 607 625 634 rem
649 598 803 633 attente
824 594 1092 645 perspexeris,
1108 607 1191 633 non
1212 595 1303 634 fatis
1323 604 1552 648 exemptam
1573 609 1595 635 a
1613 597 1777 638 Manilio

312 664 352 699 et
380 660 423 698 in
447 659 677 697 libertatem
704 657 952 697 vindicatam
981 658 1173 697 virtutem
1202 658 1403 709 intelliges
1435 672 1482 699 ac
1515 661 1773 712 sapientiam.

312 725 399 762 Imo
419 723 512 762 faus
533 722 714 762 omniurn
739 721 952 760 arbitrium
972 721 1170 764 concedit,
1187 722 1347 761 virtutis
1364 723 1487 762 etiam
1508 727 1548 762 et
1567 724 1772 764 vitiorum.

314 787 390 833 Qui
410 787 532 836 igitur
556 790 690 837 potest
716 786 817 833 fieri,
850 789 893 823 ut
925 785 1116 823 virtutem
1149 786 1302 824 donum
1330 798 1354 824 a
1385 787 1502 825 nobis
1526 787 1778 827 habeamus?

311 851 403 890 Jam
425 850 548 897 enim,
572 853 616 888 ut
635 850 833 901 corporis,
858 849 915 887 ita
935 849 1062 887 animi
1079 848 1213 887 morbi
1234 849 1399 887 fatalem
1421 854 1625 888 astrorum
1643 851 1776 901 legem

312 918 552 965 sequuntur,
577 926 650 952 nec
677 925 883 952 summum
906 913 1061 951 bonum
1082 925 1206 964 penes
1231 912 1442 951 hominem
1463 917 1523 951 est
1542 924 1551 952 :
1577 914 1662 966 qui,
1685 915 1776 954 uni-

311 990 436 1017 versae
458 990 595 1016 rerum
616 977 765 1016 rationi
782 976 976 1024 serviens,
998 989 1081 1015 suae
1096 977 1184 1027 jam
1206 988 1288 1014 non
1310 989 1479 1027 compos
1501 977 1591 1017 erit.

363 1042 410 1079 Et
442 1041 620 1092 quidem,
650 1053 700 1080 ne
731 1044 864 1080 totum
899 1052 1064 1079 carmen
1097 1039 1298 1091 perlegas,
1332 1040 1412 1091 ipsi
1443 1040 1502 1078 illi
1536 1045 1699 1080 centum
1729 1053 1777 1080 ac

311 1104 453 1155 viginti
470 1117 624 1152 versus,
644 1104 791 1156 quibus
812 1103 916 1142 liber
939 1108 1109 1155 quartus
1127 1103 1284 1154 incipit,
1300 1103 1398 1142 satis
1418 1108 1558 1155 aperte
1578 1104 1775 1153 indicant,

310 1180 433 1218 quam
454 1180 537 1207 non
570 1168 756 1207 addictus
787 1167 829 1205 in
860 1168 938 1206 hoc
965 1167 1186 1206 stoicorum
1220 1167 1444 1218 disciplina}
1483 1172 1605 1218 poeta
1637 1167 1771 1207 suerit.

310 1232 419 1277 Quos
440 1243 575 1282 operae
596 1231 773 1282 pretium
795 1231 872 1269 erit
888 1231 1105 1281 diligenter
1125 1242 1170 1269 ac
1191 1230 1346 1269 minute
1366 1230 1642 1270 considerare.

360 1294 566 1346 Principio
584 1294 808 1345 inquietam
830 1294 1044 1332 hominum
1061 1294 1184 1331 vitam
1203 1298 1242 1331 et
1257 1293 1447 1332 omnibus
1468 1294 1575 1332 curis
1599 1298 1638 1333 et
1658 1294 1776 1334 affec·

308 1357 417 1395 tibus
440 1357 648 1396 turbidam
675 1358 876 1408 increpat,
906 1357 1208 1407 immodicaque
1236 1361 1332 1395 vota
1363 1369 1454 1407 quae
1489 1369 1623 1396 aevum
1655 1369 1778 1396 omne

307 1421 512 1472 sperando
533 1425 794 1461 consumunt.

495 1519 592 1560 Quid
607 1521 687 1554 tam
707 1518 875 1554 sollicitis
895 1518 1009 1554 vitam
1028 1518 1278 1554 consumimus
1298 1518 1405 1553 annis
1419 1517 1437 1552 ἱ)

493 1573 800 1617 Torquemurque
818 1574 935 1614 metu,
954 1582 1126 1617 caecaque
1144 1571 1316 1617 cupidine
1335 1570 1490 1606 rerum?

494 1623 729 1669 AEternisque
752 1634 860 1658 senes
879 1623 992 1665 curis,
1016 1624 1103 1658 dum
1127 1622 1330 1668 quaerimus
1349 1621 1483 1667 ae'vum,

492 1676 702 1719 Perdimus‚
725 1678 761 1710 et
780 1676 884 1710 nullo
902 1678 1074 1710 votorum
1095 1675 1167 1709 fine
1190 1674 1290 1709 beati

492 1727 658 1762 Victuros
679 1727 827 1773 agimus
848 1737 1008 1772 semper,
1032 1737 1100 1761 nec
1117 1726 1273 1761 vivimus
1291 1736 1458 1772 unquam
1477 1727 1488 1749 ¹
1504 1726 1522 1762 ⁶!

361 1826 570 1877 Splendidi
590 1826 754 1877 quidem
778 1838 930 1874 versus,
954 1829 992 1864 et
1014 1825 1082 1876 qui
1103 1825 1275 1864 stoicum
1298 1837 1379 1864 non
1404 1825 1628 1864 dedeceant
1656 1837 1666 1864 :
1691 1839 1775 1866 non

307 1894 445 1929 autem
467 1903 557 1941 quae
577 1889 750 1928 stoicum
771 1889 964 1940 prodant.
988 1889 1142 1927 Eadem
1163 1888 1544 1935 Lucretius,eadem
1566 1890 1773 1939 Horatius,

308 1954 451 1992 eadem
470 1953 690 1992 Christiani
707 1953 837 1991 nostri
855 1952 1019 1991 vivendi
1037 1956 1309 2002 praeceptores
1329 1951 1488 2003 quoties
1503 1956 1600 1991 sunt
1619 1954 1771 2005 questi!

307 2019 446 2068 Neque
478 2017 543 2055 hic
575 2029 623 2055 ea
659 2017 785 2055 verba
819 2016 1069 2062 invenimus,
1103 2015 1240 2054 stoicis
1271 2015 1514 2067 peculiaria,
1550 2016 1620 2068 qui
1650 2017 1772 2065 leves,

307 2081 599 2128 inconstantes,
614 2080 782 2119 insanos
802 2079 1006 2126 homines,
1024 2079 1178 2117 morbis
1196 2079 1322 2117 animi
1341 2083 1381 2118 et
1401 2079 1519 2118 malis
1540 2079 1775 2119 laborantes

308 2144 460 2184 dicant.
483 2145 568 2194 Age
589 2156 684 2183 vero
704 2157 711 2181 :
735 2144 859 2182 stoice
877 2143 1031 2181 dictum
1051 2142 1144 2182 volo
1167 2155 1176 2182 :
1201 2142 1297 2193 quid
1318 2143 1489 2193 postea?

495 2235 647 2282 Solvite,
667 2236 863 2279 mortales,
887 2235 1044 2278 animos,
1067 2244 1246 2277 curasque
1261 2233 1394 2277 levate,

493 2288 634 2333 Totque
655 2286 893 2333 supervacuis
912 2286 1028 2321 vitam
1049 2285 1193 2331 deplete
1214 2284 1386 2331 querelis.

495 2339 584 2374 Fata
600 2341 737 2385 regunt
759 2338 888 2373 orbem
910 2348 918 2373 ε
940 2340 1041 2372 certa
1061 2339 1160 2372 stant
1178 2336 1305 2372 omnia
1319 2336 1403 2383 lege
1419 2337 1446 2371 ².

307 2439 447 2490 anue
468 2437 607 2476 omnia
620 2441 860 2488 sequuntur,
873 2435 1062 2487 quaejam
1077 2435 1257 2475 laudavi.
1271 2435 1343 2475 Hic
1355 2435 1589 2475 exclamant
1599 2435 1773 2476 stoicum

308 2502 572 2541 manifestum
598 2500 742 2539 haberi
770 2500 880 2551 quod
907 2499 1035 2538 fatum
1058 2499 1159 2538 dixit
1184 2500 1213 2539 ³.
1243 2499 1419 2539 Verbum
1447 2500 1613 2551 quidem
1641 2501 1776 2540 fateor

308 2578 394 2605 esse
416 2578 425 2605 :
448 2578 512 2604 res
529 2564 833 2616 quaerendaest.
855 2565 946 2602 Non
966 2567 1103 2602 autem
1124 2563 1262 2603 stoicis
1273 2564 1486 2616 proprium
1504 2576 1551 2603 ae
1568 2564 1773 2614 singulare

348 2677 378 2707 1.
398 2674 549 2711 Astron,
572 2674 627 2713 IV,
649 2675 677 2705 1.

347 2723 378 2753 2.
398 2719 497 2758 Ibid„
517 2719 575 2759 IV,
594 2720 645 2751 14.

348 2769 379 2799 3.
400 2767 449 2800 Cf.
463 2776 498 2807 p.
521 2767 572 2798 32.
