1916 3302
901 230 1179 274 ..38-

294 357 379 400 fere
418 356 537 398 deum
576 370 718 398 revera
763 369 851 398 esse
890 354 1064 397 Romani
1095 355 1326 402 credebant.
1386 357 1526 416 thue
1561 359 1612 403 de
1642 359 1784 405 ceteris

292 432 459 476 taceam,
491 424 687 479 templum
719 424 752 464 is
782 423 947 479 quidem
976 424 1051 465 sibi
1082 425 1289 481 proprium
1319 426 1442 468 dicari
1465 443 1544 469 non
1576 429 1682 483 sivit,
1713 429 1784 472 sed

294 493 333 533 in
364 492 549 533 omnibus
581 498 620 532 et
651 491 760 532 urbis
789 491 944 533 Romae
985 497 1025 533 et
1054 492 1212 547 imperii
1242 493 1416 535 Romani
1458 496 1619 552 templis
1649 496 1785 552 imago

294 560 378 601 eius
415 559 545 615 posita
586 558 723 600 divino
766 559 878 599 cultu
915 559 1114 603 utebatur.
1186 559 1315 603 Suum
1363 569 1571 618 praeterea
1611 564 1786 606 habebat

292 627 510 679 flaminem,
552 641 631 681 quo
662 626 769 666 haud
799 625 880 667 scio
919 641 971 667 an
1012 627 1147 668 nullus
1178 628 1316 682 maior,
1359 645 1410 672 ne
1449 630 1580 672 dicam
1611 631 1785 674 divinior

294 694 462 749 cogitari
503 694 629 750 possit
666 694 807 737 honor.
879 694 1086 736 Mortuum
1129 695 1275 738 deinde
1321 697 1426 739 inter
1465 698 1597 741 sidera
1634 699 1785 742 versari

293 763 510 804 credebant
533 761 724 817 sidusque
746 762 894 803 Iulium
917 763 1189 819 appellabant,
1212 770 1252 806 et
1271 772 1433 807 senatus
1453 767 1635 808 consulto
1656 766 1785 808 cultus

294 830 330 871 ei
372 830 567 882 decretus,
611 829 695 885 ipse
732 829 848 870 divus
888 831 1116 872 nominatus
1156 839 1228 875 est.
1288 833 1329 874 A
1360 832 1534 876 Caesare
1569 840 1703 876 autem
1733 834 1785 876 ad

294 914 362 941 eos
393 898 586 938 translata
614 904 673 938 est
703 898 919 951 veneratio,
952 899 1022 955 qui
1052 900 1093 940 in
1124 900 1292 956 imperio
1313 901 1601 955 succedebant3
1632 903 1712 944 iam
1743 903 1784 944 in

298 966 471 1019 Vergilii
502 966 607 1008 Aen.
642 965 701 1006 VI
735 966 816 1008 789
854 966 1047 1022 scriptum
1083 967 1239 1009 videas:
1294 969 1447 1011 Caesar
1477 975 1513 1012 et
1539 972 1672 1012 omnis
1698 970 1786 1013 Iuli

291 1036 511 1089 prwenies
541 1048 738 1088 maynum
769 1036 872 1076 caela·
893 1040 1068 1077 ventura
1097 1036 1170 1077 sub
1201 1051 1331 1078 amem.
1348 1038 1377 1091 1)
1410 1037 1608 1079 Firmicus
1636 1037 1784 1079 Mater-

294 1117 381 1154 nus,
399 1102 432 1154 2)
463 1102 531 1142 ubi
563 1101 614 1142 de
645 1101 887 1157 imperatore
908 1103 1009 1144 nihil
1029 1104 1320 1146 mathematicis
1345 1105 1671 1161 respondendum
1698 1119 1785 1148 esse

295 1170 425 1222 docet,
455 1169 539 1210 eius
571 1169 710 1221 fatum,
738 1185 828 1210 cum
857 1171 909 1210 sit
938 1172 1058 1212 totius
1088 1171 1194 1213 orbis
1232 1172 1429 1225 dominus,
1461 1172 1526 1215 dei
1553 1172 1699 1214 summi
1726 1173 1784 1214 iu-

295 1237 398 1278 dicio
419 1237 637 1291 gubernari
670 1237 776 1290 dicit,
809 1243 849 1279 et
876 1238 970 1294 quia
1001 1239 1121 1280 totius
1151 1240 1259 1281 orbis
1277 1246 1482 1283 terrenum
1508 1241 1683 1298 spatium
1713 1240 1786 1282 im·

294 1305 490 1361 peratoris
520 1305 723 1347 subiaceat
750 1306 1026 1362 potestatibus,
1066 1307 1186 1348 etiam
1218 1308 1350 1363 ipsum
1381 1309 1422 1349 in
1452 1323 1592 1351 eorum
1617 1308 1784 1351 deorum

296 1388 464 1414 numero
495 1373 755 1415 constitutum
787 1389 886 1427 esse,
917 1389 1020 1430 quae
1051 1375 1103 1417 ad
1124 1375 1307 1417 facienda
1333 1382 1374 1418 et
1394 1376 1671 1418 conservanda.
1701 1391 1780 1419 om-

297 1441 362 1481 nia
392 1440 580 1482 divinitas
610 1442 796 1482 statuerit
824 1442 1067 1498 principalia.
1130 1443 1242 1501 Haec
1279 1444 1405 1499 igitur
1439 1451 1583 1501 quarto
1613 1460 1652 1502 p.
1685 1443 1783 1488 Chr.

295 1524 335 1550 n.
367 1509 527 1550 saeculo
558 1509 716 1565 scripsit
745 1509 984 1564 astrologus,
1026 1511 1095 1567 qui
1135 1526 1218 1554 non
1255 1512 1331 1553 fuit
1369 1519 1501 1569 poeta.
1561 1512 1785 1556 Celerrime

296 1576 402 1617 enim
439 1576 611 1617 Romani
652 1577 692 1617 in
733 1578 869 1619 divino
900 1579 1209 1633 imperatoribus
1249 1580 1403 1623 honore
1443 1581 1656 1623 tribuendo
1695 1595 1786 1637 pro-

294 1644 422 1699 gressi
453 1650 559 1687 sunt.
605 1645 691 1685 lam
722 1645 875 1688 Statius
897 1646 946 1687 ad
977 1647 1268 1701 Domitianum,
1301 1663 1422 1704 quem
1444 1648 1564 1690 deum
1587 1654 1628 1690 et
1646 1647 1786 1690 Iovem

296 1725 382 1753 esse
415 1711 511 1763 vult⁷
544 1726 685 1753 omnes
706 1713 843 1754 titulos
870 1714 1053 1769 congerit
1078 1721 1200 1771 atque
1224 1722 1449 1769 coacervat,
1481 1716 1550 1772 qui
1573 1714 1787 1771 cogitando

297 1779 436 1834 effingi
467 1786 647 1834 possunt.
661 1780 693 1833 3)
753 1781 794 1821 Is
824 1787 972 1833 autern,
1015 1781 1065 1823 ad
1105 1797 1226 1838 quem
1257 1790 1350 1839 post
1378 1790 1549 1826 mortem
1587 1782 1786 1836 Caesaris,

295 1862 319 1886 a
349 1861 428 1901 quo
465 1847 598 1902 coepit
639 1847 707 1889 ille
747 1848 895 1900 cultus,
938 1849 1116 1891 delatum
1155 1859 1215 1892 est
1254 1851 1485 1908 imperium,
1525 1850 1787 1904 Octavianus,

296 1914 365 1955 ubi
395 1914 501 1955 illius
532 1915 650 1956 heres
681 1916 807 1956 factus
847 1924 918 1968 est,
961 1932 1109 1959 nomen
1140 1933 1303 1975 quoque
1329 1919 1403 1960 sibi
1444 1917 1661 1974 assumpsit
1687 1916 1788 1961 Gae-

296 1982 395 2023 saris
435 1988 558 2038 atque
597 1983 698 2026 adeo
731 1999 804 2040 pro
844 1984 923 2028 Gai
963 1985 1045 2028 filio
1085 1985 1214 2028 filium
1253 1987 1351 2029 Divi
1390 2001 1477 2030 sese
1508 1985 1788 2040 nominavit.⁴)

297 2106 402 2128 revue
427 2096 470 2128 de
499 2097 619 2138 philol.
649 2099 744 2130 1879.
776 2099 825 2130 111
852 2100 895 2131 33
919 2110 968 2141 sq.
1001 2099 1054 2143 [le
1078 2100 1168 2132 culte
1193 2100 1251 2132 des
1278 2101 1356 2133 Divi
1389 2104 1423 2133 et
1445 2101 1478 2133 le
1501 2101 1592 2133 culte
1618 2099 1660 2132 de
1684 2099 1790 2132 Rome

298 2157 331 2183 et
356 2153 389 2184 d'
420 2151 608 2195 Auguste];
651 2154 1053 2197 Bouche-Leclerq
1089 2156 1167 2189 hist.
1201 2156 1242 2188 de
1274 2157 1310 2188 la
1341 2157 1551 2197 divination3
1588 2157 1650 2189 Jo.
1682 2156 1789 2190 Dan.

297 2209 499 2251 Schoepf
507 2209 599 2241 lini
625 2210 702 2243 diss.
727 2211 804 2243 hist.
829 2211 871 2244 de
895 2212 1069 2255 apotheosi
1096 2213 1167 2244 sive
1183 2214 1436 2246 consecratione
1459 2214 1698 2255 imperatorum
1723 2213 1790 2246 Ro-

298 2275 486 2297 manorum.
528 2267 743 2307 Argentorati
768 2269 873 2307 17293
915 2269 1186 2311 Marquardt
1213 2271 1310 2303 Rom.
1341 2269 1682 2312 Staatsverwaltung.
1709 2272 1790 2302 tom.

298 2322 372 2353 1112
397 2322 447 2354 ed.
474 2322 648 2355 Wissowa.
674 2324 753 2364 Lps.
781 2326 876 2357 1885.
901 2337 933 2367 p.
959 2326 1023 2357 463
1048 2337 1099 2367 sq.

437 2378 460 2417 1)
489 2378 530 2410 cs.
557 2379 695 2411 Homer.
720 2381 795 2411 Lat.
820 2381 904 2412 XIX
928 2383 988 2413 901
1018 2382 1154 2422 Quem
1179 2382 1266 2414 nisi
1291 2386 1517 2414 servasset
1541 2390 1788 2424 magnarum

299 2437 449 2465 rector
486 2445 726 2476 aquarum,
772 2441 817 2468 ut
847 2440 1060 2481 profugus
1092 2438 1229 2470 laetis
1266 2439 1441 2471 Troiam
1474 2441 1707 2479 repararet
1742 2437 1788 2468 in

299 2491 424 2521 arvis
453 2488 822 2533 {Augustumque
855 2503 988 2534 genus
1016 2494 1153 2526 elaris
1183 2493 1472 2527 submit-teret
1496 2493 1648 2536 astris,
1671 2493 1677 2537 Ι
1698 2494 1789 2526 Non

301 2547 452 2578 clarae
480 2547 631 2588 gentis
655 2549 783 2580 nobis
809 2550 1045 2582 mansisset
1067 2551 1203 2593 origo.

434 2605 460 2643 2)
486 2604 567 2636 edit.
595 2605 801 2637 Basileensis
825 2605 848 2638 1.
873 2606 906 2637 11
935 2618 966 2648 p.
990 2607 1044 2638 44.

434 2660 465 2700 3)
489 2660 678 2702 Ruedigeri
702 2661 782 2694 diss.
805 2673 838 2704 p.
864 2664 884 2695 2
908 2673 957 2704 sq.

435 2716 461 2757 4)
487 2718 528 2749 cf.
560 2718 660 2759 Verg.
692 2718 779 2750 Aen.
807 2719 854 2750 VI
889 2720 951 2751 792
979 2719 1114 2759 Caesar,
1149 2719 1219 2751 divi
1251 2729 1370 2761 genus.
1404 2719 1484 2751 Divi
1509 2718 1601 2750 filius
1625 2719 1727 2751 etiam
1751 2718 1788 2751 in

300 2774 448 2820 nummis
473 2777 616 2806 vocatur
643 2774 828 2816 Augustus,
854 2775 894 2808 cf.
919 2775 1037 2808 Cohen
1062 2777 1147 2818 Aug.
1173 2786 1208 2811 n.
1236 2777 1299 2808 138
1317 2779 1350 2808 et
1368 2777 1432 2808 144
1457 2774 1663 2821 (Mommsen
1681 2775 1788 2810 Sitzb.

301 2830 332 2863 d.
357 2829 447 2863 Berl.
472 2830 584 2863 Akad.
611 2831 709 2873 1885,
733 2842 766 2874 p.
795 2829 868 2874 72).
