1936 3392
803 291 857 332 61

121 441 164 484 id
197 444 258 482 est
290 442 417 481 forma
450 437 630 494 globosa.
648 438 672 492 ¹)
723 437 890 479 Summa
921 452 1034 494 pars,
1068 436 1155 479 sive
1176 436 1405 492 superficies
1426 435 1549 478 huius

121 518 232 576 globi
280 523 340 559 est
389 518 535 573 igneus
567 517 719 566 aether,
729 516 760 571 2)
813 515 996 571 liquidus
1038 516 1217 558 mundus
1250 515 1297 558 in
1331 530 1412 570 quo
1446 530 1551 571 vaga

120 596 346 639 scintillant
378 596 536 638 lumina
567 596 748 637 siderum
759 595 812 647 ‚³)
849 595 960 649 quod
993 595 1146 636 dicitur
1179 593 1365 646 caelum3
1399 594 1467 636 hic
1489 598 1552 635 est

122 676 313 732 laquear,
362 676 429 717 hic
477 679 576 717 sunt
622 674 787 730 fastigia
810 674 841 730 4)
886 674 952 716 vel
983 674 1170 716 flammea
1202 676 1312 714 tecta
1343 673 1502 716 mundi.
1515 673 1549 727 ⁸)

122 755 260 799 Altius
309 755 370 796 his
411 753 517 796 nihil
549 758 632 804 est,
653 753 685 808 ⁶)
718 753 783 795 vel
817 753 954 808 potius
987 766 1182 808 magnum
1214 751 1320 794 illud
1353 753 1475 794 inane
1508 752 1552 793 in

123 849 206 890 quo
243 834 420 876 mundus
469 833 640 890 pendet,
669 831 697 887 ⁷)
742 847 836 874 nam
870 831 1060 886 „publica
1093 835 1262 873 naturae
1297 834 1451 873 domus
1489 829 1553 872 his

123 918 316 956 contenta
362 917 528 955 tenetur
575 910 770 954 finibus.'’
795 911 827 966 ⁸)
891 910 943 953 In
977 910 1112 953 medio
1146 911 1223 952 hoc
1256 910 1412 953 mundo
1443 914 1554 952 terra

123 1007 318 1050 suspensa
349 997 434 1044 est,
459 992 489 1047 ⁹)
523 996 566 1034 et
595 992 683 1048 ipsa
714 990 861 1047 globus
868 991 945 1046 ,¹0)
980 991 1051 1046 qui
1084 990 1403 1043 circumcolitur,
1426 990 1484 1033 ita
1507 995 1556 1032 ut

123 1072 364 1129 antipodes,
414 1085 517 1127 quos
564 1085 707 1114 vocare
756 1071 949 1122 solemus,
986 1071 1092 1122 sint,
1127 1071 1201 1126 qui
1239 1070 1346 1123 „sub
1380 1070 1555 1127 pedibus

122 1150 303 1196 nostri?
335 1151 522 1194 habitent
555 1150 787 1206 quibusque
821 1165 944 1207 supra
976 1150 1177 1202 videatur,
1213 1149 1323 1205 quod
1357 1149 1476 1192 nobis
1501 1151 1556 1192 sit

122 1229 249 1282 infra,
285 1228 434 1285 quibus
466 1229 551 1271 dies
585 1230 733 1281 niteat,
768 1244 862 1271 cum
884 1245 959 1272 nos
977 1229 1022 1271 in
1042 1233 1164 1272 nocte
1186 1230 1336 1281 simus3
1352 1229 1402 1280 ¹¹)
1427 1230 1552 1273 etiam

123 1309 310 1366 regiones
342 1308 481 1361 „intra
512 1307 696 1364 gelidum
729 1307 968 1365 Capricorni
998 1309 1112 1351 sidus
1134 1313 1176 1351 et
1198 1308 1345 1351 axem”
1369 1309 1558 1353 meridio-

126 1388 260 1431 nalem
291 1387 551 1440 habitantur,
586 1403 834 1444 quamquam
867 1403 891 1431 a
923 1387 1118 1444 gentibus
1149 1388 1304 1445 ignotis
1336 1388 1397 1445 (I,
1434 1391 1555 1446 378).

127 1467 238 1510 Huic
269 1467 478 1524 proximus
510 1471 573 1510 est
605 1482 685 1518 aer,
721 1468 793 1523 qui
826 1482 914 1510 eam
948 1467 1208 1511 circumfluit.
1259 1467 1376 1511 luter
1406 1474 1556 1512 terram

127 1560 247 1603 porro
269 1546 509 1602 caelumque
530 1547 714 1603 pendent
730 1547 918 1604 planetae
941 1547 1167 1600 Saturnus,
1192 1547 1397 1606 Iuppiter,
1420 1548 1555 1602 Mars,

126 1625 215 1678 Sol,
265 1626 372 1678 „sub
419 1625 504 1669 illis
554 1625 782 1669 Mercurius
814 1625 1019 1670 Venerem
1053 1628 1163 1670 inter
1191 1628 1279 1684 agit
1312 1628 1558 1683 Lunamque

126 1704 326 1748 Ιοειεηιιε.υ

157 1877 276 1915 ,ηᾳιιοᾱ
299 1876 385 1908 latet
407 1878 443 1907 et
466 1877 594 1916 captum
620 1886 718 1916 supra
741 1879 792 1908 est
821 1878 1048 1917 hominumque
1073 1879 1250 1918 deumque”

171 1946 252 1976 quae
282 1938 381 1969 lectio
414 1939 530 1976 quibus
564 1948 598 1969 se
635 1940 837 1970 commendet
861 1941 963 1971 habet
987 1941 1085 1972 haec:
1117 1950 1243 1974 umen
1270 1943 1304 1973 et
1328 1952 1454 1975 cap-run
1489 1945 1556 1977 fere

127 1998 209 2029 nihil
238 1999 410 2035 differunt;
439 2000 602 2037 genitivos
626 2002 732 2032 autem
758 2002 973 2042 hominumque
990 2003 1138 2043 deumque
1154 2005 1257 2042 magis
1274 2006 1459 2044 probandos
1476 2009 1556 2046 puto

128 2067 221 2097 quam
255 2060 478 2092 accusativos:
514 2058 549 2091 1⁰
582 2070 651 2092 cnm
675 2062 845 2097 Manilius,
871 2064 924 2101 qui
950 2065 1004 2094 tot
1027 2064 1127 2095 verba
1151 2066 1186 2095 et
1210 2066 1395 2098 sententias
1420 2077 1457 2098 ex
1482 2068 1557 2099 aliis

127 2121 317 2159 sumpserit,
353 2121 433 2152 haec
468 2131 484 2152 e
518 2122 660 2160 Vergilio
697 2124 856 2161 repetisse
891 2124 1058 2157 videatur:
1101 2123 1140 2155 2⁰
1162 2134 1231 2157 cum
1257 2128 1374 2165 poetae
1399 2129 1556 2160 eiusmodi

128 2181 279 2220 copulata
313 2191 370 2221 per
404 2183 532 2214 eosdem
568 2193 664 2214 sonos
697 2185 847 2216 claudere
883 2187 1028 2220 soleant:
1078 2185 1117 2218 3⁰
1153 2197 1220 2219 cum
1258 2190 1332 2219 deus
1369 2191 1556 2221 vocabulum

127 2242 285 2280 singulari
319 2252 450 2275 numero
475 2254 493 2275 a
517 2245 652 2276 Manilio
673 2255 776 2285 paene
805 2256 965 2284 nunquam
994 2250 1056 2279 nisi
1086 2250 1126 2280 de
1154 2242 1303 2287 ratione.
1333 2260 1414 2288 quae
1439 2253 1556 2283 mundo

127 2304 231 2340 inest,
255 2306 313 2351 aut
336 2305 376 2336 de
405 2306 550 2344 Augusto
583 2307 719 2338 dicatur.

177 2363 200 2403 ¹)
246 2366 280 2403 1,
303 2367 379 2399 210.

171 2423 199 2464 ²)
246 2427 279 2463 Ι.
306 2428 378 2460 149.

171 2485 198 2526 ³)
245 2490 260 2519 I
274 2512 282 2526 ,
306 2490 380 2521 848.

173 2546 199 2587 ⁴)
245 2550 280 2586 1.
303 2550 386 2587 533,
410 2551 485 2582 534.
532 2552 638 2583 Bentl.
663 2553 699 2589 Ι,
724 2553 788 2584 276
804 2577 811 2587 ,
836 2554 911 2585 277.

175 2602 202 2644 ⁸)
249 2607 302 2643 11,
328 2608 400 2638 118.

175 2665 201 2705 ⁸)
249 2668 285 2704 1,
310 2668 384 2699 534.

179 2726 202 2766 ¹)
222 2737 226 2740 ·
248 2729 284 2765 1,
311 2729 386 2761 195.-

174 2785 203 2828 ⁸)
249 2790 285 2827 1,
309 2791 384 2822 535.

177 2847 203 2888 ⁹)
251 2852 302 2887 11,
326 2852 400 2883 327.

162 2909 202 2949 ³⁰)
248 2913 285 2948 1,
308 2913 372 2944 202
397 2904 508 2951 πῃ,
532 2914 618 2951 219,
643 2915 728 2951 εει-η
754 2917 823 2948 111.
849 2918 912 2948 326
938 2929 1026 2958 seqq.

159 2971 201 3016 η)
248 2975 284 3012 1,
307 2975 382 3006 236.
