1930 3320
784 254 1039 294 ...9-

292 377 344 420 In
375 378 574 420 omnibus
606 378 740 434 igitur
763 377 951 434 quinque
972 377 1095 420 libris
1117 376 1366 420 Manilianis
1389 375 1680 434 spondeorum

171 461 378 489 numerus
400 447 537 489 maior
560 451 627 489 est
649 461 777 503 quam
799 447 1082 503 dactylorum,
1114 447 1175 489 ita
1196 451 1356 500 tamen,
1387 450 1435 488 ut
1465 446 1510 488 in
1540 446 1678 502 primo

173 515 418 558 hexametri
480 515 593 573 pede
649 516 811 573 dactyli
854 517 1157 573 praeferantur
1210 516 1432 573 spondeis.
1511 515 1679 558 Versus

175 584 434 641 »dactylici«
466 585 492 626 i.
517 599 555 628 e.
586 600 754 639 versus,
786 586 831 627 in
864 586 1020 642 quibus
1053 587 1096 628 in
1129 590 1332 643 quattuor
1362 585 1512 643 primis
1543 585 1680 627 hexa-

174 654 302 697 metri
342 654 527 713 pedibus
574 655 688 698 terni
731 656 879 697 insunt
925 655 1088 712 dactyli
1130 670 1226 698 cum
1260 655 1443 711 singulis
1476 654 1681 711 spondeis

171 723 317 778 mixti,
356 723 470 780 apud
507 723 735 766 Manilium
774 724 994 770 rarissime
1044 728 1289 778 occurrunt,
1314 738 1428 776 ⁴cum
1475 738 1680 766 versuum

175 806 468 849 »aequorum«
501 793 528 835 i.
548 807 585 836 e.
606 807 825 847 versuum,
856 794 900 836 in
932 794 1090 849 quibus
1122 794 1214 836 bini
1245 793 1407 850 dactyli
1439 807 1535 835 cum
1567 793 1681 835 binis

176 862 381 919 spondeis
409 863 661 917 miscentur,
693 878 898 906 numerus
926 864 1064 906 maior
1086 864 1142 906 sit
1153 880 1162 914 ;
1196 864 1270 921 qui
1301 862 1477 920 quidem
1509 877 1605 904 cum
1638 863 1683 904 in

172 931 312 974 tribus
335 932 555 990 prioribus
577 933 700 975 libris
728 933 820 976 fere
848 933 903 976 ad
923 948 1128 976 versuum
1161 932 1496 991 spondiacorum
1530 946 1682 974 nume-

172 1016 267 1044 rum
298 1002 521 1054 accedant,
563 1003 607 1044 in
642 1002 753 1045 libro
786 1007 936 1059 quarto
977 1007 1021 1046 et
1052 1004 1202 1059 quinto
1233 1017 1386 1046 versus
1420 1002 1680 1060 spondiacos

171 1075 391 1128 superant.

487 1140 565 1184 De
598 1141 1048 1184 hexametrorum
1081 1141 1361 1184 clausulis.

288 1216 590 1259 Clausularum
607 1217 962 1260 hexametrorum
979 1217 1167 1260 ostendit
1178 1217 1214 1259 L
1222 1232 1251 1259 u
1262 1232 1283 1259 c
1294 1217 1340 1259 ia
1348 1231 1376 1258 n
1387 1231 1416 1259 u
1427 1231 1445 1258 s
1459 1216 1504 1258 M
1513 1230 1541 1258 u
1551 1216 1654 1258 elle
1664 1230 1684 1258 r

171 1287 216 1328 in
263 1287 423 1329 Catulli
476 1287 679 1330 editionis
734 1289 871 1346 praef.
927 1304 966 1346 p.
1014 1288 1183 1331 LXVII
1243 1288 1413 1345 species
1460 1288 1680 1343 legitimas

170 1355 248 1398 has
280 1370 403 1399 esse:

508 1402 550 1459 1)
582 1414 1230 1449 -ΝΛ-Ι-υυ-υυ-υυ-υυι-κι

506 1473 548 1527 2)
579 1483 1124 1518 -ψυ,υυ,,υυ-υυ..υ1υ
1160 1502 1225 1518 „w

505 1541 547 1597 3)
580 1552 1228 1588 ,.Λ.,.Λ,.....,.......ψι.ιψ

504 1613 547 1666 4)
577 1621 1229 1657 ,w,W-w-w1-1wt-c

502 1680 545 1737 5)
578 1690 1233 1727 „W„w-W„W-ouot-o

498 1749 544 1807 6)
574 1760 1229 1796 -W,w-w„wr-1oucl-o

280 1835 351 1879 Ex
366 1837 449 1879 hoc
467 1838 756 1880 clausularum
778 1852 958 1880 numero
978 1837 1185 1879 Manilius
1208 1837 1417 1879 abstinuit
1439 1851 1464 1879 a
1497 1836 1676 1893 specie

169 1911 348 1960 sexta,
390 1922 487 1950 raro
525 1907 700 1950 admisit
730 1911 774 1950 et
805 1908 976 1950 tertiam
1009 1912 1052 1950 et
1085 1912 1302 1964 quartam,
1335 1923 1445 1964 quae
1484 1912 1677 1964 quarta

171 1977 385 2032 species
432 1978 478 2018 in
522 1978 633 2019 libro
674 1977 823 2034 quinto
855 1992 1081 2033 nusquam,
1125 1978 1169 2019 in
1216 1978 1433 2035 prioribus
1474 1982 1677 2034 quattuor

168 2044 291 2087 libris
342 2045 514 2087 obviam
554 2046 601 2087 fit
638 2046 838 2088 versibus
875 2046 968 2088 his:
1024 2047 1046 2088 I
1089 2048 1155 2090 80.
1190 2049 1285 2089 292.
1318 2049 1414 2090 408.
1448 2049 1543 2088 422.
1578 2048 1675 2088 482.

171 2116 265 2158 707.
345 2114 392 2156 II
443 2117 539 2158 216.
578 2117 674 2158 577.
715 2117 810 2157 814.
887 2115 956 2157 III
1004 2117 1070 2158 28.
1120 2118 1215 2160 246.
1294 2117 1359 2158 IV
1410 2119 1456 2166 7;
1515 2116 1676 2158 tertia

168 2183 347 2240 specie
378 2184 573 2240 insignes
607 2189 706 2226 sunt
752 2199 905 2227 versus
946 2185 1011 2227 hi:
1052 2186 1073 2227 I
1105 2187 1202 2228 213.
1263 2186 1310 2228 II
1350 2189 1442 2228 151.
1503 2186 1572 2228 III
1604 2187 1672 2227 97.

169 2254 264 2296 148.
299 2255 397 2295 200.
431 2255 524 2295 230.
558 2255 654 2295 553.
716 2254 780 2296 IV
814 2256 909 2296 230.
942 2256 1038 2296 321.
1065 2257 1166 2297 449.
1200 2258 1294 2296 455.
1326 2258 1422 2297 459.
1452 2256 1548 2298 468.
1578 2257 1674 2298 477.

166 2323 263 2365 520.
296 2324 392 2366 896.
426 2325 522 2367 922.
583 2323 623 2365 V
648 2325 741 2365 131.
805 2323 996 2380 Specie
1029 2324 1210 2380 quinta
1239 2339 1345 2367 usus
1379 2329 1446 2367 est
1467 2323 1674 2366 Manilius

165 2392 210 2434 in
256 2392 365 2435 libro
409 2393 547 2449 primo
595 2392 687 2435 fere
731 2395 868 2436 semel
908 2398 952 2436 et
982 2395 1214 2451 nonagies,
1260 2395 1306 2437 in
1337 2394 1449 2436 libro
1483 2393 1674 2436 secundo

166 2463 306 2509 semel
338 2466 382 2505 et
412 2463 627 2518 octogies,
660 2464 703 2505 in
734 2465 864 2506 tertio
896 2464 1243 2521 undenonagies,
1275 2466 1319 2507 in
1351 2468 1502 2521 quarto
1537 2463 1674 2506 semel

166 2536 210 2574 et
243 2532 452 2587 octogies,
483 2533 528 2574 in
558 2533 669 2575 libro
703 2532 890 2590 denique
913 2534 1064 2590 quinto
1085 2535 1194 2577 locis
1217 2535 1448 2590 sexaginta
1469 2534 1671 2590 quinque.

163 2599 462 2643 Usitatissima
485 2602 705 2645 clausulae
730 2604 899 2660 species
922 2603 1036 2661 apud
1051 2604 1278 2646 Manilium
1302 2608 1369 2646 est
1400 2604 1586 2660 prima,
1619 2601 1673 2643 ad

165 2683 293 2725 quam
323 2684 457 2727 prope
490 2671 658 2713 accedit
690 2673 860 2729 species
893 2674 1138 2717 secunda.

280 2738 582 2782 Glausularum
619 2741 664 2782 in
712 2743 934 2785 verbum
975 2744 1380 2801 polysyllabum
1421 2741 1673 2784 exeuntium

163 2812 338 2866 praeter
369 2809 556 2865 quinque
590 2809 679 2866 (vel
710 2811 807 2868 sex)
839 2827 991 2855 versus
1025 2813 1298 2871 spondiacos,
1340 2812 1413 2868 qui
1445 2825 1595 2854 omnes
1627 2810 1671 2852 in

163 2878 343 2922 verbum
380 2879 710 2935 tetrasyllabum
756 2881 937 2936 cadunt,
976 2887 1129 2925 extant
1160 2883 1365 2939 exempla
1395 2882 1504 2923 haec
1536 2885 1670 2922 tetra-

1376 2951 1398 2984 2
