1936 3392
826 253 1040 294 -31-

918 418 937 461 Ι

232 530 431 579 Quaedam
445 542 545 569 sane
560 530 727 582 prolata
746 533 857 575 sunt.
875 542 968 581 quae
984 529 1159 570 stoicam
1174 530 1439 583 disciplinam
1459 529 1682 570 luculentis

175 595 313 636 verbis
333 598 548 645 ornarent,
569 607 703 647 neque
726 594 808 635 alio
830 595 945 634 fonte
967 595 1139 635 omnino
1158 595 1258 635 oriri
1279 600 1464 647 possent.

229 659 351 701 Velut
370 659 413 699 in
432 659 498 699 his
516 660 720 711 versibus,
744 659 895 712 quibus
917 676 935 696 «
962 661 1093 700 Deum
1111 659 1312 713 praedicat
1332 672 1478 709 unum,
1507 660 1684 700 immen-

175 737 285 774 sum,
308 729 459 765 cuncta
479 725 531 764 ad
552 725 681 765 vitam
703 725 955 765 excitantem
978 725 988 747 ²
1015 739 1054 774 »,
1077 737 1215 765 nonne
1235 724 1455 764 notissima
1479 724 1549 764 ille
1575 725 1679 765 stoi-

173 802 323 831 corum
343 790 393 830 de
410 791 495 831 Deo
517 791 723 830 sententia
744 790 1012 841 agnoscitur?

369 893 543 938 Namque
565 902 702 927 canam
723 891 840 927 tacita
860 893 1008 926 naturae
1027 895 1159 926 mente
1175 891 1375 936 potentem

367 944 617 991 Infusumque
638 944 754 980 deum
775 945 866 980 caelo
885 943 1074 989 terrisque
1094 942 1284 989 fretoque,

367 998 567 1044 Ingentem
587 997 724 1044 aequali
746 997 1012 1032 moderantem
1030 996 1172 1031 foedere
1193 995 1337 1030 molem
1359 1006 1368 1030 ε

365 1052 579 1097 Totumque
599 1052 747 1086 alterno
764 1061 954 1086 consensu
975 1049 1097 1084 vivere
1117 1048 1323 1093 mundum,

369 1103 415 1138 Et
434 1102 592 1138 rationis
611 1102 675 1149 agi
695 1105 807 1137 motu
827 1113 836 1137 :
857 1112 943 1136 cum
963 1101 1116 1148 spiritus
1134 1112 1235 1136 unus

364 1156 436 1190 Per
455 1157 609 1190 cunctas
628 1155 778 1191 habitet
797 1157 926 1201 partes
947 1156 1060 1201 atque
1080 1154 1215 1201 irriget
1233 1154 1365 1190 orbem

364 1207 503 1245 Omnia
521 1208 764 1256 pervolitans,
785 1219 1000 1255 corpusque
1022 1207 1190 1244 animale
1213 1209 1353 1255 figuret
1371 1209 1399 1244 ².

174 1310 317 1363 Neque
337 1310 465 1350 semel
484 1323 534 1350 ea
553 1309 704 1349 cecinit
726 1322 734 1349 :
758 1309 859 1362 quid
877 1309 989 1348 hunc
1010 1321 1178 1361 quoque
1199 1309 1340 1348 locum
1361 1310 1623 1349 memorem?

366 1411 444 1446 Hoc
460 1421 571 1457 opus,
590 1409 772 1446 immensi
793 1411 1054 1445 constructum
1074 1420 1231 1456 corpore
1254 1409 1402 1455 mundi,

363 1464 608 1510 Membraque
628 1466 776 1499 naturae
798 1463 946 1498 diversa
965 1463 1121 1499 condita
1139 1463 1266 1499 forma

365 1516 474 1553 Aeris
496 1519 612 1563 atque
629 1516 741 1563 ignis,
760 1518 872 1551 terrae
889 1516 1093 1564 pelagique
1109 1516 1286 1563 jacentis,

364 1570 425 1606 Vis
445 1570 586 1605 animae
608 1569 735 1606 divina
754 1570 852 1616 regit
872 1580 880 1613 ;
904 1580 1087 1615 sacroque
1109 1572 1241 1605 meatu

365 1623 567 1669 Conspirat
583 1622 688 1666 deus,
710 1625 748 1658 et
768 1621 885 1658 tacita
904 1622 1053 1658 ratione
1074 1623 1276 1670 gubernat,

363 1677 410 1712 Et
428 1675 551 1711 multa
570 1676 609 1710 in
632 1677 787 1711 cunctas
810 1675 1004 1721 dispensat
1023 1675 1167 1711 foedera
1189 1678 1331 1721 partes,

362 1730 494 1765 Altera
511 1730 551 1763 ut
566 1728 724 1764 alterius
749 1727 848 1764 vires
869 1727 1063 1774 faciatque
1086 1727 1276 1775 feratque,

364 1781 602 1828 Summaque
622 1791 691 1828 per
707 1779 831 1818 varias
851 1784 1011 1817 maneat
1031 1782 1196 1827 cognata
1214 1781 1359 1828 figuras
1379 1783 1409 1815 ³.

228 1884 359 1923 Porro
370 1881 490 1922 stoici
499 1883 631 1921 Deum
644 1881 942 1933 hominemque
954 1881 1190 1921 arctissima
1201 1881 1398 1921 societate
1411 1882 1682 1936 conjunxere,

177 1948 491 1999 humanamque
523 1946 731 1986 rationem
760 1959 786 1985 a
816 1946 959 1986 divina
990 1946 1155 1986 ratione
1187 1946 1301 1986 velut
1328 1960 1352 1986 a
1375 1946 1489 1987 fonte
1517 1947 1684 1989 deriva-

176 2015 326 2053 verunt
348 2026 356 2051 :
381 2024 507 2064 quam
529 2011 780 2050 sententiam
800 2011 993 2051 Manilius
1019 2011 1084 2051 his
1110 2011 1298 2051 versibus
1323 2012 1574 2064 expressisse
1594 2026 1684 2054 cre-

176 2077 291 2117 ditur
314 2091 322 2116 :

368 2164 458 2207 Quis
479 2164 628 2200 dubitet
649 2165 736 2210 post
754 2163 836 2200 haec
855 2163 1056 2200 hominem
1074 2165 1307 2213 conjungere
1322 2165 1445 2235 caelq?

369 2237 1393 2250 ·················

369 2264 559 2300 Eximium
578 2266 715 2301 natura
734 2263 840 2300 dedit
861 2264 1120 2312 linguamque,
1143 2276 1339 2312 capaxque

363 2318 580 2366 Ingenium,
603 2318 875 2365 volucremque
903 2318 1092 2365 animum,
1115 2330 1232 2366 quem
1254 2319 1420 2366 denique
1442 2321 1482 2356 in
1503 2331 1624 2356 unum

366 2371 570 2407 Descendit
590 2373 690 2408 Deus
711 2373 826 2418 atque
843 2371 1006 2416 habitat,
1027 2372 1231 2420 ipsumque
1251 2373 1426 2420 requirit.
1471 2382 1474 2387 ·

367 2471 458 2514 Quis
477 2473 613 2508 caelum
634 2472 768 2519 possit,
785 2471 861 2508 nisi
880 2472 962 2508 caeli
981 2483 1154 2517 munere,
1175 2472 1310 2510 nosse?

365 2526 411 2560 Et
427 2525 596 2572 reperire
616 2526 753 2570 Deum,
774 2525 845 2562 nisi
866 2525 932 2572 qui
950 2536 1036 2573 pars
1055 2526 1138 2574 ipse
1157 2527 1326 2564 Deorum
1347 2529 1406 2564 est
1428 2529 1454 2564 ὅ.

219 2625 250 2655 1.
271 2624 408 2665 Ferraz,
428 2634 482 2666 op.
502 2625 612 2662 laud„
636 2635 670 2666 p.
692 2627 744 2658 49.

219 2670 252 2701 2.
272 2670 422 2709 Astron„
441 2671 484 2712 11,
505 2673 563 2712 603
584 2673 724 2714 Ferraz,
745 2682 799 2714 op.
822 2672 859 2710 l„
878 2683 916 2715 p.
937 2675 988 2705 49.

222 2716 253 2748 3.
273 2717 370 2756 Ibid„
390 2718 417 2758 I,
437 2719 516 2759 2473
537 2719 675 2758 Ferraz,
698 2729 751 2761 op.
774 2719 812 2757 l.,
835 2729 869 2760 p.
890 2721 942 2752 51.

222 2764 254 2796 4.
272 2764 336 2796 Hic
354 2774 495 2798 versum
514 2766 692 2800 excidisse
711 2767 865 2799 Jacobus
882 2767 1034 2809 judicat.

222 2812 253 2843 5.
273 2810 342 2849 Id„
363 2811 460 2851 ibid„
481 2813 525 2854 11,
547 2814 624 2854 1053
645 2814 782 2853 Ferraz,
803 2823 858 2856 op.
882 2813 917 2851 l„
941 2824 974 2855 p.
996 2816 1048 2847 52.
