1936 3392
1126 262 1154 300 4

500 402 603 444 Cum
634 402 817 444 studium
849 401 1089 456 astrologiae
1109 401 1354 443 obsolescere
1378 402 1512 456 coepit
1531 406 1841 458 propternovas

439 480 724 522 astronomicas
757 480 981 530 doctrinas,
1007 493 1110 533 quae
1130 479 1253 520 huius
1277 479 1524 520 inveteratae
1546 478 1843 534 superstitionis

439 557 654 612 caliginem
671 561 712 598 et
731 556 917 598 tenebras
938 556 1136 612 paulatim
1159 555 1450 612 dispellebant,
1472 556 1559 597 fieri
1579 569 1662 597 non
1681 554 1842 611 potuit,

438 635 541 690 quin
571 635 824 677 eruditorum
856 649 974 676 curae
1000 635 1044 676 in
1064 634 1283 676 Manilium
1305 634 1607 685 minuerentur,
1629 633 1700 674 sed
1721 633 1843 674 etiam

437 713 637 754 iudicium
669 713 719 754 de
751 727 797 755 eo
831 713 962 754 verius
994 716 1035 753 et
1066 712 1235 766 aequius
1268 713 1453 753 ferretur.
1518 709 1662 752 Petrus
1697 709 1845 751 Daniel

438 790 618 832 Huetius
633 823 646 842 ,
679 791 892 846 episcopus
925 788 1130 841 Gallicus,
1165 789 1261 831 olim
1293 789 1403 830 inter
1434 787 1631 844 Delphini
1655 792 1846 843 ‘praecep‘-

438 873 546 910 tores
576 867 804 924 praeclarus
815 899 828 918 ‚
868 866 1061 921 Scaligeri
1092 867 1328 908 iactantiam
1361 865 1600 921 perstrinxit
1630 869 1672 906 et
1702 864 1845 907 merito

438 947 515 987 1100
547 945 736 1000 quidem,
768 945 865 986 licet
895 945 1086 986 severius.
1122 943 1263 996 „Dum
1284 943 1463 994 nodum,
1484 943 1645 997 inquit,
1669 940 1848 996 Scaliger

438 1037 558 1080 saepe
604 1023 762 1078 quaerit
807 1023 852 1063 in
898 1022 1055 1077 scirpo,
1099 1022 1226 1063 nimia
1272 1037 1346 1063 sua
1387 1019 1606 1075 περιεργίᾳ
1650 1023 1691 1060 et
1729 1011 1849 1060 anxia

441 1102 615 1156 quadam
662 1115 709 1142 ac
754 1115 910 1142 morosa
958 1100 1196 1155 diligentia,
1239 1104 1330 1141 tum
1361 1106 1403 1141 et
1434 1100 1591 1140 insano>
1609 1095 1850 1139 eruditionis

440 1178 702 1221 ostentandae
717 1178 878 1229 studio,
902 1177 1110 1233 egregium
1133 1177 1312 1219 laborem
1334 1174 1563 1232 corrupit.’'
1589 1174 1617 1232 ¹)
1648 1175 1714 1217 De
1731 1179 1852 1231 poeta

436 1259 517 1300 -1100
563 1257 762 1312 optimum
810 1255 920 1310 apud
967 1270 1061 1296 eum
1107 1255 1291 1298 invenies
1338 1255 1561 1296 iudicium:
1626 1252 1853 1306 „Quamvis

441 1334 676 1377 intricatum
709 1337 750 1374 et
780 1332 930 1373 subtile
963 1335 1249 1387 argumentum
1278 1332 1440 1374 Latinis
1463 1332 1612 1374 litteris
1633 1328 1850 1387 explicare,

441 1417 483 1454 et
529 1410 774 1453 carminibus
822 1410 1048 1452 convestire
1097 1424 1310 1465 aggressus
1360 1408 1558 1451 Manilius
1599 1409 1754 1464 ingenii
1780 1408 1854 1450 “sui

442 1490 679 1532 felicitatem
724 1488 954 1530 nobilitarit
1001 1488 1245 1544 egregiaque
1279 1487 1443 1543 aliqua,
1483 1501 1529 1529 ac
1559 1490 1685 1543 prope
1717 1481 1854 1528 divina

441 1568 624 1624 poeticae
655 1566 861 1608 facultatis
893 1566 1116 1621 specimina
1147 1566 1344 1617 ediderit,
1384 1565 1594 1607 fatendum
1623 1563 1761 1607 tamen
1793 1566 1854 1606 est

443 1646 538 1688 stilo
586 1659 706 1686 usum
748 1659 833 1686 esse
869 1644 1154 1699 praefractiore
1187 1658 1233 1685 ac
1265 1643 1368 1685 duro
1401 1649 1442 1684 et
1474 1641 1526 1684 ob
1558 1643 1662 1684 hanc
1693 1643 1855 1684 causam

443 1721 689 1766 subobscuro
700 1739 712 1774 ς
761 1721 1044 1764 audacioribus
1091 1721 1214 1763 etiam
1245 1720 1412 1776 figuris:
1462 1719 1576 1762 sicca*
1599 1719 1652 1761 ad
1682 1719 1782 1761 haec
1812 1721 1854 1760 et

443 1803 580 1844 ieiuna
611 1801 792 1843 oratione
810 1832 822 1852 ‚
853 1813 936 1841 non
966 1799 1113 1850 ubere,
1146 1813 1229 1840 non
1259 1797 1485 1854 locuplete,
1520 1797 1681 1854 qualem
1713 1792 1854 1852 ampli—

443 1880 544 1922 tudo
574 1878 788 1929 materiae‚
825 1877 999 1919 difficilis
1031 1881 1079 1919 ut
1109 1876 1220 1919 voles
1251 1879 1292 1918 et
1312 1875 1549 1932 perplexae,
1573 1874 1722 1918 nobilis
1743 1878 1851 1917 certe

445 1964 486 2000 et
533 1957 614 1999 late
662 1957 840 2013 patentis
878 1955 996 2014 facile
1029 1954 1284 1996 admittebat.
1348 1953 1439 1995 Hoc
1471 1954 1579 1995 enim
1610 1953 1675 1995 vel
1704 1953 1856 2009 praeci-

446 2050 575 2093 puum
622 2039 683 2076 est
729 2048 751 2075 e
782 2033 946 2075 Manilii
978 2031 1111 2083 vitiis,
1146 2031 1257 2086 quod
1288 2031 1448 2073 minuta
1480 2020 1665 2086 quaeque
1697 2044 1855 2073 consec-

447 2118 558 2156 tatus
589 2118 673 2164 est,
707 2116 747 2153 et
779 2111 890 2166 quod
920 2126 983 2153 res
1016 2110 1158 2152 docere
1191 2113 1430 2161 contentus,
1463 2108 1528 2151 uti
1558 2123 1653 2164 prae
1684 2109 1726 2151 se
1752 2109 1853 2160 fert,

449 2206 589 2234 ornare
620 2189 857 2246 neglexerit.
921 2188 1115 2231 Officium
1146 2188 1223 2230 1100
1254 2191 1340 2230 erat
1371 2186 1619 2243 Hipparchi,
1663 2185 1731 2228 vel
1761 2185 1856 2228 Pto-

449 2268 592 2310 lemaei
608 2299 619 2319 ,
668 2267 884 2309 alteriusve
932 2265 1168 2315 Astronomi
1214 2268 1428 2321 praecepta
1471 2260 1730 2320 ‘disciplinae'
1761 2276 1858 2305 suae

449 2346 558 2388 nude
604 2345 826 2396 tradentis,
873 2359 956 2386 non
1003 2347 1170 2400 poetae,
1220 2342 1336 2384 cuius
1367 2345 1502 2398 partes
1532 2345 1630 2384 sunt
1659 2340 1857 2383 lectorum

450 2424 606 2468 animos
652 2422 862 2479 voluptate
907 2422 1068 2464 allicere
1101 2426 1141 2462 et
1174 2420 1379 2472 detinere3
1412 2412 1486 2462 nec
1518 2419 1626 2462 enim
1659 2401 1857 2474 Georgica

450 2502 626 2545 scribens
671 2500 873 2556 Virgilius
920 2501 1062 2542 docere
1110 2498 1306 2554 agricolas
1350 2497 1483 2539 voluit
1498 2529 1510 2548 ,
1559 2497 1630 2539 sed
1676 2496 1858 2552 legentes

452 2579 691 2623 delectare.'’
734 2580 765 2634 2)
827 2578 940 2620 Haec
988 2577 1237 2620 existimatio
1254 2609 1266 2628 ,
1317 2575 1502 2631 quamvis
1537 2587 1631 2648 ‚non
1670 2572 1858 2616 omnibus

501 2712 524 2750 ¹)
571 2711 657 2742 Petri
683 2710 827 2741 Danielis
852 2709 962 2739 l‘luotii
987 2706 1280 2739 animadversiones
1304 2706 1337 2736 in
1364 2704 1528 2736 Manilium
1546 2706 1580 2735 ct
1596 2702 1749 2742 Scaliger-i
1766 2706 1859 2735 notas

455 2781 540 2812 (pag.
569 2773 641 2810 87),
675 2780 754 2808 quac
778 2770 980 2800 accesserunt
1004 2768 1043 2798 1111
1072 2769 1146 2804 Fayi
1172 2767 1346 2797 editionem
1371 2765 1495 2795 Manilii
1521 2763 1553 2794 in
1586 2774 1671 2794 usum
1695 2764 1858 2801 Delphini.

458 2832 588 2863 Parisiis
613 2841 692 2862 anno
717 2828 972 2859 MDOLXXVHI.

500 2890 523 2925 Δ-’]
572 2891 589 2918 l.
617 2891 635 2917 l.
663 2898 730 2925 pag.
758 2890 807 2918 δῖ,
