1930 3320
1763 20 1766 22 .
1811 3 1832 19 ’ς
1862 0 1899 30 ἰζ-»ᾗ

989 310 1197 350 -76-

356 399 550 446 Tullium,
573 398 786 437 Horatium
811 397 989 447 Coclem,
1011 397 1198 445 Matium,
1223 398 1380 448 Decios,
1408 399 1595 447 Brutum,
1625 400 1824 450 Curtium,

356 462 602 510 Fabricium,
625 461 900 508 Tuberonem,
927 460 1140 508 Manlium,
1163 461 1350 510 Marium,
1378 461 1584 511 Crassum,
1611 463 1822 516 Catonem,

357 525 613 576 Pompeium,
637 524 857 574 Caesarem,
880 536 900 562 e
922 523 1050 562 Graiis
1070 536 1167 563 vero
1184 524 1449 576 Asiaticisque
1471 526 1663 574 Codrum,
1684 528 1827 567 Socra-

356 592 456 636 tem,
481 587 679 636 Croesum,
704 588 856 626 adnoto
884 599 966 626 non
991 587 1115 626 semel
1135 587 1175 625 in
1197 588 1431 639 exemplum
1451 590 1825 642 documentumque

357 651 592 691 advocatos.
616 653 798 699 Quorum
820 651 1036 702 plerosque
1057 655 1096 690 et
1113 650 1275 690 Persius
1295 664 1342 691 ac
1364 653 1587 703 Juvenalis‚
1610 657 1650 693 et
1670 655 1825 694 Seneca

357 714 644 767 philosophus,
668 727 760 753 cum
780 715 990 753 rhetorum
1011 714 1054 752 in
1074 714 1181 754 ludis
1203 715 1378 754 instituti
1397 717 1578 764 fuissent,
1601 717 1706 757 ciere
1726 719 1826 758 sole-

356 779 469 830 bant,
493 779 652 830 quoties
678 778 890 830 praesentis
916 778 1041 816 seculi
1070 778 1181 826 vitia,
1205 779 1385 830 antiquae
1414 780 1573 820 virtutis
1601 781 1824 832 imaginem

358 843 608 890 attollentes,
636 842 918 894 increpabant.
949 844 1103 881 Horum
1135 842 1317 893 ipsorum
1345 844 1512 882 nomina
1543 845 1730 884 Manilius
1760 845 1826 885 vel

358 906 643 946 astronomicis
678 907 741 945 vel
770 906 1066 957 philosophicis
1095 906 1322 945 rationibus
1355 906 1560 947 luxuriose
1592 908 1822 950 admiscuit.

358 971 440 1009 Hos
460 970 592 1009 lacteo
613 971 654 1008 in
676 970 827 1009 circulo
853 969 979 1008 stellis
1005 970 1174 1008 inseruit
1196 971 1229 1014 ¹;
1257 970 1332 1010 hos
1359 971 1412 1009 ad
1436 971 1729 1012 declarandam
1750 973 1826 1012 for-

359 1037 470 1072 tunae
501 1033 818 1073 inconstantiam
853 1034 1111 1084 fetorumque
1140 1036 1421 1073 necessitatem
1452 1036 1662 1087 compellit
1687 1036 1722 1084 ²;
1750 1036 1826 1075 hos

359 1097 621 1149 propriarum
646 1097 841 1148 cujusque
866 1097 963 1135 astri
984 1097 1179 1136 virtutum
1202 1102 1324 1137 testes
1350 1103 1390 1137 et
1409 1099 1598 1150 exempla
1618 1100 1774 1151 profert
1793 1100 1823 1140 ³.

355 1161 438 1199 Nec
459 1161 539 1199 alio
559 1161 698 1208 modo,
722 1161 854 1200 aliove
874 1161 1078 1200 scribendi
1099 1161 1272 1201 artificio
1301 1165 1340 1201 et
1366 1163 1656 1202 consuetudine
1685 1163 1826 1214 magni

359 1223 418 1262 illi
450 1223 527 1262 viri
561 1237 585 1262 a
620 1224 853 1262 rhetoribus
887 1229 927 1263 et
961 1237 984 1263 a
1019 1224 1184 1264 Manilio
1222 1225 1263 1263 in
1301 1230 1639 1276 argumentorum
1679 1227 1824 1266 seriem

358 1286 638 1325 immittuntur
667 1288 694 1325 ⁴.
720 1288 893 1334 Scilicet,
921 1292 967 1326 ut
997 1288 1159 1326 dicendi
1187 1289 1306 1339 copia
1337 1294 1568 1339 augeretur,
1595 1290 1825 1331 adolescen-

359 1350 461 1389 tium
483 1350 526 1388 in
545 1350 696 1389 scholis
715 1350 958 1390 memoriam
980 1363 1130 1401 magno
1151 1364 1286 1390 rerum
1318 1365 1364 1391 ac
1385 1353 1597 1392 nominum
1622 1359 1823 1405 proventu

359 1414 544 1464 magistri
571 1414 871 1462 distendebant,
901 1427 1051 1466 eosque
1078 1414 1242 1453 assidua
1269 1416 1557 1455 exercitatione
1587 1418 1826 1458 assuefacie-

357 1477 472 1525 bant,
496 1482 539 1516 ut
569 1491 618 1517 ea
643 1478 783 1517 omnia
810 1479 851 1516 in
881 1482 1076 1530 promptu
1108 1479 1288 1518 dicentes
1312 1479 1526 1531 haberent,
1549 1485 1589 1520 et
1615 1481 1710 1520 inde
1738 1494 1826 1522 ora-

356 1541 510 1581 tionem
531 1542 724 1581 inflarent
744 1546 866 1594 atque
889 1543 1169 1583 extenderent.

408 1607 488 1644 Nec
521 1606 692 1645 historia
721 1606 1008 1645 tantummodo
1041 1610 1128 1644 tum
1157 1606 1469 1646 delectabantur
1497 1620 1505 1646 :
1534 1609 1622 1659 jam
1651 1621 1827 1660 geogra-

357 1669 497 1722 phiam
525 1682 690 1720 quoque
710 1669 848 1708 favore
869 1682 952 1708 non
972 1682 1100 1721 parvo
1124 1671 1486 1721 persequebantur,
1510 1672 1682 1724 ideoque
1707 1673 1827 1712 multi

358 1733 576 1772 recitantes
601 1734 860 1783 studuerunt,
897 1738 939 1771 ut
974 1745 1097 1784 quam
1127 1733 1456 1773 luculentissimis
1483 1735 1663 1786 gentium
1693 1736 1824 1787 regio-

357 1809 537 1848 numque
564 1796 904 1847 descriptionibus
924 1797 1243 1836 declamationes
1269 1797 1531 1837 adornarent.
1553 1799 1610 1837 Ac
1627 1812 1677 1838 ne
1703 1799 1827 1850 hujus

358 1860 524 1912 quidem
555 1860 614 1899 rei
645 1860 863 1910 vestigium
892 1860 961 1898 diu
997 1861 1106 1911 apud
1139 1862 1334 1900 Senecam
1367 1866 1527 1912 patrem
1559 1863 1826 1913 quaerendum

358 1925 447 1964 erit.
470 1926 587 1972 Nam,
610 1924 652 1962 in
674 1924 807 1975 prima
835 1924 1033 1971 suasoria,
1062 1923 1103 1962 in
1129 1924 1313 1975 amplum
1340 1925 1561 1976 quemdam
1587 1926 1636 1964 de
1665 1927 1826 1966 Oceano

356 1989 494 2027 locum
520 1987 752 2035 incidimus,
786 1988 828 2026 in
853 2000 950 2039 quo,
976 1987 1129 2037 ingenii
1154 1988 1354 2040 impetum
1381 2001 1567 2040 sequens,
1595 1990 1827 2032 American]

355 2052 488 2103 ipsam
515 2052 774 2103 praesensisse
806 2051 948 2091 rhetor
973 2051 1133 2090 videtur
1167 2064 1175 2091 :
1212 2067 1231 2088 «
1266 2051 1500 2105 Cuicunque
1531 2053 1588 2092 rei
1617 2054 1827 2105 magnitu-

357 2115 494 2154 dinem
527 2119 675 2155 natura
705 2115 830 2163 dedit,
856 2115 968 2154 dedit
993 2119 1032 2154 et
1058 2116 1226 2154 modum
1253 2127 1260 2154 :
1293 2116 1395 2154 nihil
1420 2116 1625 2156 infinitum
1658 2121 1719 2156 est
1750 2118 1828 2156 nisi

357 2180 558 2219 Oceanus.
579 2180 704 2218 Aiunt
730 2179 882 2218 fertiles
904 2179 946 2218 in
973 2180 1134 2219 Oceano
1152 2179 1290 2230 jacere
1316 2183 1462 2227 terras,
1484 2179 1673 2232 ultraque
1702 2181 1827 2220 Ocea-

358 2256 457 2282 num
484 2256 624 2282 rursus
645 2243 726 2282 alia
746 2243 900 2291 littora,
923 2243 1050 2282 alium
1074 2243 1187 2282 nasci
1212 2242 1368 2291 orbem,
1391 2255 1465 2283 nec
1491 2256 1665 2295 usquam
1688 2256 1827 2283 rerum

358 2311 550 2346 naturam
588 2307 792 2356 desinere,
833 2307 904 2346 sed
941 2319 1103 2359 semper
1142 2306 1257 2354 inde,
1297 2306 1364 2345 ubi
1404 2306 1586 2346 desinere
1623 2307 1824 2356 videatur,

358 2382 508 2410 novam
533 2383 752 2421 exsurgere
772 2372 785 2394 ⁵
808 2386 844 2409 ».
867 2372 957 2410 Jam
988 2383 1084 2410 vero
1116 2375 1154 2409 et
1187 2370 1340 2409 Lucani
1371 2370 1596 2422 splendidae
1623 2370 1704 2410 illae
1731 2371 1826 2411 Gal-

359 2433 507 2473 liarum
526 2434 755 2485 Africaeque
777 2434 1069 2485 descriptiones
1089 2434 1140 2473 ad
1160 2434 1268 2473 idem
1292 2434 1506 2473 hominum
1529 2434 1708 2474 studium
1729 2436 1829 2474 refe-

400 2551 429 2581 1.
451 2549 556 2588 Man.‚
575 2550 726 2586 Astron„
745 2549 770 2586 Ι,
793 2550 851 2581 258
871 2558 951 2590 sqq.

400 2596 431 2627 2.
450 2595 516 2635 Id.,
536 2595 630 2633 ibid„
651 2596 704 2635 iv,
727 2597 836 2628 23-90.

399 2644 429 2675 3.
451 2642 516 2681 Id.,
534 2641 628 2679 ibid„
648 2642 690 2682 V,
709 2643 848 2683 passim.

398 2691 430 2721 4.
446 2689 493 2721 Cf.
515 2689 618 2728 Man.‚
645 2689 795 2726 Astron„
822 2689 876 2728 lv,
899 2690 1008 2728 23-90,
1029 2691 1063 2721 et
1082 2689 1162 2721 Sen.
1188 2689 1290 2730 rhet„
1305 2689 1388 2721 Eaec.
1412 2689 1578 2728 Controv„
1595 2691 1635 2731 V,
1652 2691 1682 2730 1,
1699 2699 1733 2730 p.
1748 2690 1826 2730 2723

361 2736 432 2776 Vll,
452 2736 483 2776 2,
503 2744 537 2776 p.
558 2736 634 2775 2713
656 2738 691 2767 et
701 2735 845 2776 passim.
1355 2775 1362 2782 ‚

401 2783 431 2814 5.
453 2781 533 2814 Sen.
558 2782 661 2822 rhet„
690 2781 846 2820 Suas.,1,
870 2791 903 2822 p.
932 2783 960 2814 1.
982 2800 1022 2806 —
1041 2782 1089 2815 Cf.
1116 2783 1149 2815 S.
1173 2783 1322 2824 Dosson,
1340 2782 1450 2815 Etude
1473 2792 1533 2815 sur
1562 2783 1683 2823 Quinte
1707 2782 1825 2824 Curae,

362 2838 397 2871 p.
420 2829 568 2869 243-344,
585 2837 619 2860 η.
