1936 3392
406 376 459 415 50

403 493 547 543 traque
578 494 618 530 et
647 490 758 542 Arii,
788 489 977 541 Babylon
1008 493 1048 531 et
1077 489 1181 531 Susa
1206 491 1440 545 Panosque]
1466 491 1695 546 Bactraque
1725 492 1861 534 aethe-

403 560 485 599 rios
522 559 756 599 babilonem
794 563 834 599 et
864 561 898 599 si
929 561 1168 613 spimosque·
1204 585 1256 589 ——
1296 561 1389 601 805.
1422 560 1743 615 complectenda]
1775 574 1860 602 am-

402 628 616 682 plectenda
658 628 922 682 (aplectenda)
966 653 1020 658 ——
1065 629 1160 670 806.
1203 629 1336 683 litora]
1380 630 1517 670 littora
1559 654 1613 659 -
1657 631 1752 672 807.
1787 643 1862 685 per

402 697 551 751 sidera]
582 710 656 751 per
685 698 833 749 sydera
864 722 918 727 —
951 699 1046 738 808.
1078 700 1262 752 proprias
1292 713 1342 739 ecc
1370 712 1566 753 proproas
1594 699 1695 753 fecit
1711 713 1780 754 pr.
1804 713 1858 740 m.

403 793 456 796 —
490 768 584 807 809.
610 766 814 820 Namque]
839 766 879 807 N
881 780 1016 821 anque
1050 792 1101 796 —
1135 767 1394 822 commercia]
1422 770 1661 810 commertia
1684 770 1859 822 (coffifia)

403 861 456 866 —
490 838 584 877 812.
622 837 702 877 alia
731 850 809 877 om.
850 861 903 866 —
942 838 1037 878 814.
1067 836 1206 878 Litora
1235 837 1439 892 litoribus]
1471 837 1627 880 Littora
1654 838 1860 880 littoribus

402 931 455 935 ——
483 907 578 947 816.
598 909 639 947 et
662 905 736 960 sic]
750 907 887 958 §iffi
913 931 966 935 —
992 906 1093 948 Post
1115 921 1151 947 v.
1170 909 1253 948 817
1275 921 1351 948 ser.
1371 921 1439 962 pr.
1464 922 1519 948 m.
1529 923 1543 948 .·
1575 921 1627 948 nr:
1649 921 1859 950 meramors

400 988 525 1016 smms
553 1000 605 1004 —
633 977 727 1016 818.
754 975 954 1030 ecliptica]
981 976 1192 1030 eccliptica
1217 1001 1269 1006 -—
1298 978 1392 1018 820.
1418 976 1745 1032 Nonnunquam]
1763 977 1860 1019 Non

399 1058 629 1099 numquam
661 1070 714 1074 »-
748 1046 842 1086 821.
874 1045 1091 1100 immenso]
1117 1047 1306 1087 inmenso
1339 1071 1391 1076 —-
1425 1048 1519 1088 822.
1545 1050 1729 1099 tenorem
1748 1047 1861 1089 mest

402 1139 453 1143 —
488 1115 583 1155 825.
620 1118 772 1169 negant
808 1129 857 1156 ex
892 1118 1015 1169 negat
1049 1115 1163 1156 inter
1196 1116 1461 1157 scribendum
1493 1117 1595 1170 feeit
1616 1130 1685 1171 pr.
1715 1129 1771 1158 m.
1803 1141 1857 1147 --

400 1186 495 1225 830.
526 1184 581 1224 Et
608 1184 753 1238 vomit]
776 1184 970 1239 EbVQU-i}
1000 1210 1053 1214 —
1085 1185 1283 1240 resorbet]
1310 1186 1480 1227 resolvit
1511 1211 1564 1216 ——
1597 1187 1693 1228 831.
1717 1185 1857 1241 urbes]

399 1254 540 1295 orbem
571 1254 697 1307 (orbe)
730 1279 783 1284 ——
817 1256 912 1295 832.
944 1254 1076 1309 heres]
1107 1255 1296 1309 haerens.
1326 1257 1398 1297 sed
1425 1269 1455 1296 n
1485 1257 1692 1310 eoepunoeit
1708 1270 1778 1312 pr.
1801 1270 1856 1298 m.

404 1349 452 1352 —
493 1325 586 1364 834.
620 1323 847 1377 Phaethon]
884 1325 1034 1378 pheton
1081 1350 1131 1354 —
1179 1326 1275 1366 836.
1306 1325 1454 1380 sidera]
1486 1326 1633 1378 sydera
1669 1351 1723 1356 —
1762 1327 1857 1368 838.

398 1398 581 1447 tempore
612 1393 774 1447 cuncta]
806 1397 989 1448 tempora
1020 1398 1167 1436 cuncta
1199 1419 1251 1424 --
1288 1396 1383 1436 841.
1410 1395 1520 1449 quod
1545 1395 1660 1449 luna]
1677 1409 1768 1450 QQ
1793 1386 1856 1450 (⁰q)

397 1463 496 1503 luna
529 1488 581 1491 —
615 1464 709 1503 843.
742 1463 914 1516 Phoebi]
946 1464 1070 1517 phebi
1102 1489 1154 1493 ——
1189 1466 1283 1506 844.
1315 1465 1367 1506 ad
1398 1477 1442 1505 se
1471 1464 1576 1518 tum]
1607 1464 1660 1506 ad
1689 1477 1858 1506 caecum

400 1558 452 1561 —
489 1532 645 1586 lumen]
683 1533 784 1573 luna
822 1558 874 1562 —
915 1535 1009 1574 845.
1048 1547 1140 1574 cun]
1180 1534 1327 1588 sidere]
1360 1547 1455 1576 cum
1485 1535 1632 1587 sydere
1669 1559 1723 1564 ——
1761 1535 1856 1576 846.

397 1602 544 1656 vigori]
582 1604 722 1656 vigore
767 1627 820 1631 ——
847 1603 959 1643 847.
998 1603 1208 1657 Phoeben]
1239 1604 1402 1658 Pheben
1438 1629 1491 1634 —
1528 1592 1685 1659 lugent]
1715 1605 1858 1646 lucent

398 1697 451 1700 —
491 1673 586 1713 848.
621 1672 715 1726 Ipse
746 1672 865 1713 docet
895 1673 1041 1713 titulus
1072 1673 1230 1727 causas]
1246 1673 1510 1737 ΝΙρξρἒηρροθϊ
1540 1674 1723 1728 tim-ips„
1711 1686 1856 1725 causae

398 1755 505 1801 quae
534 1767 587 1771 —
621 1743 715 1782 851.
747 1741 852 1796 tum]
885 1746 984 1783 tunc
1015 1744 1095 1795 (tc),
1116 1768 1169 1772 --
1202 1745 1297 1784 852.
1325 1743 1556 1798 Phoebum]
1587 1743 1769 1798 phebum
1800 1769 1855 1773 —

394 1801 491 1852 853.
519 1815 702 1865 tempore
726 1811 889 1865 cuncta]
916 1815 1100 1866 tempora
1123 1816 1273 1854 cuncta
1304 1838 1358 1843 -—-
1391 1813 1485 1854 856.
1511 1812 1856 1868 Ρὴοθδθὶε,]ΡΙιθ-

395 1881 471 1922 bea
514 1906 567 1910 —
613 1882 707 1921 858.
745 1880 1059 1935 Impleruntque
1093 1895 1190 1922 suos
1219 1883 1330 1923 inest
1372 1908 1425 1912 —-
1470 1883 1566 1924 861.
1597 1882 1854 1937 relinquunt]

395 1951 607 2007 relinqunt
650 1975 703 1979 —
748 1950 842 1990 862.
881 1950 1063 2005 Sidereo]
1096 1951 1276 2004 Sydereo
1315 1977 1368 1981 ——
1408 1953 1503 1993 863.
1535 1951 1615 1993 Sed
1646 1951 1744 2006 qua]
1775 1946 1856 1994 Sed

395 2021 494 2074 quia
524 2011 603 2074 (da)
637 2045 688 2048 —
722 2023 762 2060 et
791 2019 893 2074 ipse]
926 2024 967 2061 et
995 2021 1084 2074 ipsa
1121 2046 1173 2050 —
1213 2022 1308 2062 865.
1340 2022 1487 2063 similis
1516 2022 1627 2063 inest
1663 2018 1717 2051 ’-
1755 2021 1856 2063 Post

394 2104 429 2130 v.
459 2091 550 2131 865
585 2103 661 2130 ser.
694 2103 763 2143 pr.
801 2103 878 2130 m:
922 2103 1106 2131 FATORVM
1142 2104 1339 2132 numm
1375 2093 1414 2142 (n
1447 2091 1498 2133 in
1532 2105 1638 2143 ras.,·
1682 2105 1712 2134 Μ
1747 2105 1798 2133 em
1828 2105 1856 2133 N

393 2160 492 2213 fecit
516 2173 584 2214 pr.
616 2161 685 2211 m.)
716 2171 891 2200 Pnusmm
922 2173 1040 2201 Possn
1071 2185 1124 2190 —
1158 2162 1252 2202 866.
1286 2162 1387 2216 quid
1418 2161 1514 2215 (qid)
1546 2186 1600 2191 »-
1632 2162 1728 2203 868.
1759 2175 1784 2203 a
1805 2162 1855 2203 li-

394 2229 521 2283 mine]
553 2243 575 2270 e
605 2229 747 2270 limine
786 2254 838 2258 ——
879 2230 974 2270 869.
1008 2229 1225 2284 Conditur,
1258 2244 1326 2284 en,
1357 2232 1512 2285 inquit,
1541 2222 1855 2296 rastoLflondi-

395 2305 462 2340 tur
505 2300 613 2340 enim
660 2299 769 2352 quod
815 2298 896 2352 (qd)
940 2304 1072 2352 vasto,
1114 2301 1228 2342 ‘mater
1264 2315 1366 2342 voce.
1404 2302 1517 2343 enim
1553 2305 1592 2342 et
1628 2301 1680 2356 qd
1716 2301 1854 2356 spatio

395 2370 528 2410 trium
559 2372 808 2422 quattuorve
840 2369 916 2408 litt.
952 2383 1078 2410 vacuo
1109 2371 1250 2412 relicto
1282 2396 1335 2400 -——
1368 2372 1463 2412 872.
1494 2370 1642 2425 fatum]
1672 2371 1767 2412 fatis
1798 2395 1852 2401 -

394 2440 488 2480 877.
527 2438 688 2492 census]
727 2451 899 2479 censum
938 2441 1090 2492 (censu)
1135 2466 1188 2470 —
1233 2442 1328 2482 879.
1368 2440 1560 2494 nutricia]
1596 2441 1768 2482 nutritia
1798 2465 1852 2470 —-

394 2510 488 2550 880.
532 2507 718 2562 pontum]
748 2511 925 2562 ,ΡΞΥζΠ-ῌέ
974 2534 1027 2538 —-
1073 2511 1167 2550 882.
1210 2511 1371 2552 ratione
1413 2509 1608 2564 ediscere]
1650 2511 1854 2552 rationem

393 2580 578 2630 (ratione)
609 2578 764 2619 discere
796 2602 849 2607 -
882 2579 977 2618 890.
1004 2578 1183 2633 Spiritus
1213 2584 1253 2622 et
1282 2584 1398 2622 motu
1427 2580 1590 2635 rapido,
1619 2592 1724 2634 quae
1753 2581 1852 2633 visa,
1883 2619 1889 2626 ,

391 2647 606 2703 gubernet]
644 2646 844 2701 Spiritum
875 2646 1003 2701 (Spm)
1040 2653 1079 2690 et
1115 2653 1199 2691 toto
1236 2650 1378 2704 rapido
1417 2662 1521 2704 quae
1555 2650 1669 2692 iussa
1701 2649 1853 2704 guber·
1919 2676 1929 2685 .-

392 2723 510 2771 nant,
552 2718 665 2759 inter
705 2730 808 2758 voce.
847 2716 946 2769 ann
990 2722 1029 2759 et
1070 2723 1110 2760 et
1145 2721 1283 2774 spatio
1320 2720 1453 2761 triwm
1487 2719 1576 2774 fere
1608 2720 1684 2760 litt.
1702 2733 1852 2761 *vacuo

390 2789 531 2830 relicto
575 2813 628 2817 —
667 2788 762 2828 891.
797 2787 998 2842 terrenae]
1030 2792 1189 2831 terrene
1226 2815 1279 2819 ——
1318 2791 1412 2831 893.
1443 2789 1682 2831 hominem?
1726 2788 1850 2843 Quid]

392 2859 600 2900 hominem
651 2859 858 2914 (homine)
891 2860 914 2907 ΙΙὶΙ
948 2859 1067 2912 quid3
1116 2860 1205 2914 fuit
1245 2860 1451 2911 homines3
1499 2859 1599 2901 dein
1639 2873 1732 2901 una
1772 2859 1851 2901 litt.

390 2942 513 2982 eras„
545 2929 670 2970 cuius
700 2930 928 2984 vestiyz'um
959 2930 1036 2982 (οἳ)
1067 2933 1266 2984 apparet;
1300 2929 1403 2984 quid
1432 2929 1481 2970 in
1510 2943 1593 2971 ras.
1618 2942 1686 2984 pr.
1714 2942 1769 2970 m.
1795 2953 1849 2958 —
