1942 3308
958 210 1228 264 ..gggm

922 347 1013 388 licet
1036 347 1274 402 zyrze'pedmn
1290 347 1495 402 frenator
1522 361 1718 404 equorum

486 415 579 470 Ipse
608 415 690 456 tuis
721 415 802 456 alte
831 416 934 467 (var.
967 415 1066 463 late)
1094 416 1333 457 radiantem
1363 416 1546 458 crinibus
1577 430 1721 458 arcum

488 484 720 537 Imprimat,

353 550 401 590 ad
434 565 538 605 quae
570 550 694 590 verba
724 555 889 590 annotat
916 549 1158 602 Barthiusl)
1197 562 1265 603 „ut
1295 551 1388 593 solis
1419 551 1543 592 instar
1572 557 1657 593 tute
1686 556 1727 592 et
1757 550 1842 607 ipse

354 618 485 658 luceas
521 617 654 672 sisque
694 616 796 657 alter
829 617 870 657 in
912 617 1022 658 caelo
1057 617 1128 660 sol.
1148 652 1156 660 .
1177 652 1185 661 .
1206 620 1241 661 .“
1301 618 1472 662 Ovidius
1502 633 1599 660 vero
1639 619 1717 659 iam
1749 618 1841 660 vivo

354 685 542 739 Augusto
573 684 706 725 sidera
733 690 848 740 pacta
879 684 1000 726 fuisse
1028 685 1178 727 affatim
1212 686 1267 727 eis
1295 687 1495 742 patefecit,
1527 701 1630 741 quae
1658 686 1697 726 in
1718 685 1841 729 Trist.

355 753 393 792 V
414 753 468 794 49
490 767 549 807 sq.
573 752 867 807 pronuntiavit:
899 754 957 793 sie
974 754 1227 811 >adj-starem
1251 754 1343 795 Tibi
1370 754 1560 795 sidera
1583 754 1733 807 tardus
1753 755 1851 795 eas!

354 821 418 861 Ac
455 834 612 861 summo
644 819 740 860 mihi
784 810 1083 862 fore‘Su'sssidio
1125 808 1664 877 idme&qualis'kiiii‘ffii‘ffus‘
1701 835 1744 862 re
1774 835 1842 862 ex-

353 894 488 943 specto
529 886 809 939 Claudianum,
851 888 919 942 qui
958 888 1044 929 sine
1083 888 1332 930 dubitatione
1373 888 1599 930 Honorium
1640 894 1844 943 nuncupat

353 955 510 1010 imperii
539 954 661 1006 sidus,
694 955 801 1010 quod
824 956 876 995 sit
905 955 955 996 ab
985 955 1072 1011 ipso
1097 955 1271 997 Zodiaco
1302 956 1341 996 in
1371 971 1443 997 sua
1468 955 1562 997 sede
1591 955 1842 998 collocatum.

354 1023 487 1079 Ipsius
519 1023 729 1076 sententia,
762 1037 865 1078 quae
891 1029 952 1063 sat
980 1023 1077 1064 mihi
1109 1010 1268 1069 videtur
1297 1025 1522 1080 conspicua,
1554 1023 1653 1065 haec
1683 1029 1742 1064 est
1772 1022 1844 1074 (de

356 1091 412 1130 VI
444 1105 550 1132 conS.
584 1106 621 1133 v,
656 1090 704 1131 18
737 1093 842 1146 sq.):

523 1169 715 1224 Namque
745 1171 849 1211 velut
873 1171 1017 1212 stellas
1042 1170 1282 1226 Babylonia
1306 1184 1410 1211 cura
1440 1169 1624 1211 salubres

528 1237 694 1292 Optima
726 1243 820 1279 tunc
850 1239 1022 1292 spondet
1051 1239 1298 1280 mortalibus
1327 1239 1444 1280 edere
1461 1238 1568 1292 fata
1587 1268 1708 1280 .....

521 1305 655 1346 Hand
673 1307 799 1347 aliter
816 1307 968 1348 Latiae
985 1307 1171 1348 sublimis
1186 1307 1366 1362 signifer
1382 1307 1506 1348 aulae
1521 1306 1563 1360 (i.
1581 1320 1616 1348 e.
1629 1303 1842 1357 zodiacus)

522 1374 753 1428 Imperii
791 1375 947 1416 sidus
991 1375 1035 1426 (i.
1071 1390 1105 1418 e.
1137 1374 1385 1426 Honorium)
1420 1375 1606 1429 propria
1636 1386 1726 1414 cum
1754 1372 1845 1413 sede

1306 1444 1456 1484 locavit

523 1510 657 1565 Auyet
681 1524 772 1565 spes
801 1511 949 1555 Italas.
962 1511 998 1563 ²)

353 1577 497 1619 Paullo
541 1578 645 1618 infra
686 1578 914 1620 Honorium
963 1577 1172 1620 consulatu
1200 1577 1456 1634 *fungentem
1497 1575 1618 1618 deum
1667 1574 1846 1632 appellat

354 1645 600 1688 Claudianus
632 1661 669 1688 V.
699 1646 753 1688 25
784 1661 845 1701 sq.
905 1646 1102 1702 Idemque
1139 1645 1210 1698 (de
1240 1645 1315 1688 lV.
1347 1660 1456 1688 cons,
1485 1644 1641 1688 Honor.
1672 1659 1710 1687 v,
1739 1643 1843 1693 570)

354 1729 378 1755 a
409 1713 601 1754 militibus
632 1713 726 1754 dicit
747 1720 950 1770 portatum
974 1729 1059 1756 esse
1079 1714 1283 1755 sidereum
1310 1727 1437 1756 onus:
1466 1713 1542 1754 hoc
1570 1717 1706 1754 autem
1729 1724 1843 1763 onus,

358 1781 467 1836 quod
497 1788 658 1836 gestant
688 1782 845 1835 milites,
887 1797 966 1823 non
997 1788 1056 1823 est
1085 1788 1351 1834 consecratus,
1381 1780 1450 1823 sed
1483 1780 1597 1821 vivus
1627 1779 1846 1836 imperator

354 1848 572 1901 Honorius,
612 1850 723 1890 euius
751 1865 863 1890 saera
890 1850 940 1890 ab
971 1850 1155 1890 omnibus
1185 1849 1431 1905 frequentari
1463 1854 1582 1905 poeta
1611 1847 1708 1888 dicit
1735 1846 1776 1887 in
1806 1861 1844 1886 v.

353 1918 448 1961 577.
509 1917 595 1958 lam
626 1917 732 1959 laud.
766 1916 908 1960 Seren.
943 1917 1020 1958 huc
1050 1916 1194 1958 afferre
1225 1931 1303 1958 non
1333 1930 1476 1958 vereor
1507 1931 1572 1959 vv,
1600 1915 1654 1956 46
1684 1928 1745 1969 sq.

1166 1985 1351 2026 Necdum
1377 1985 1666 2026 moderamina
1697 1983 1846 2024 mundi

412 2054 655 2109 Sumpserat
686 2055 763 2095 illa
793 2054 947 2107 domus,
979 2067 1069 2094 eum
1099 2058 1135 2094 te
1160 2053 1255 2106 (scil.
1280 2051 1492 2106 Serenam)
1525 2052 1691 2094 Lucina
1720 2051 1845 2092 beatis

409 2124 594 2165 Aclderet
624 2127 835 2164 astrorum
862 2123 1023 2175 rad-iis,-

354 2207 433 2247 quo
475 2192 563 2232 loeo
596 2190 746 2231 Birtius
779 2190 969 2230 unanima
1007 2190 1204 2230 bonorum
1243 2187 1424 2228 codicum
1461 2187 1696 2228 auctoritate
1736 2186 1845 2227 nisus

353 2259 527 2301 restituit
556 2259 738 2300 adderet.
766 2258 879 2312 Ergo
901 2257 1058 2300 Serena
1089 2257 1156 2297 ubi
1188 2256 1364 2296 nascitur
1384 2255 1547 2305 additur
1576 2255 1706 2297 astris.
1738 2253 1844 2295 Ecce

353 2341 453 2382 gens
474 2333 673 2367 astrorum
697 2326 736 2366 in
766 2326 893 2367 terra!
923 2325 1058 2366 Minor
1151 2325 1230 2365 vim
1249 2324 1380 2364 tribuo
1407 2322 1590 2365 Suetonii
1619 2321 1706 2364 loco
1736 2320 1843 2372 (Cal.

354 2396 428 2446 13)
456 2394 523 2450 qui
548 2395 667 2435 sidus
692 2394 842 2434 dietum
877 2408 987 2443 esse„
1015 2393 1201 2434 onfirmat
1230 2390 1471 2446 Caligulam.
1518 2389 1599 2440 Qui
1629 2389 1845 2445 imperium

353 2463 522 2518 adeptus
559 2476 649 2503 cum
676 2477 701 2503 a
728 2442 1130 2517 Misenospfssofectus
1155 2461 1329 2502 Roma-m
1348 2463 1516 2514 peteret,
1537 2461 1646 2500 inter
1672 2458 1844 2508 altaria,

354 2538 398 2572 ut
428 2531 483 2571 ait
513 2530 592 2581 ille,
619 2535 654 2571 et
685 2532 871 2575 victimas
902 2531 1169 2584 ardentesque
1196 2528 1340 2570 taedas
1370 2528 1609 2569 densissimo
1642 2531 1677 2567 et
1709 2527 1845 2567 laetis-

353 2601 454 2640 simo
479 2598 689 2640 obviorum
708 2600 870 2652 aymine
886 2599 1059 2648 incessit,
1079 2610 1204 2651 super
1208 2597 1365 2650 fausta
1382 2597 1522 2636 omina
1538 2594 1640 2645 (var.
1656 2594 1844 2643 nomina)

353 2669 471 2709 sidus
508 2672 543 2708 et
566 2667 734 2721 pullum
764 2671 801 2707 et
833 2679 994 2720 purum
1026 2669 1062 2705 et
1097 2665 1313 2705 alumnum
1350 2664 1667 2718 appellantium.
1727 2660 1844 2712 Quae

492 2773 515 2811 ¹)
541 2771 578 2803 C.
605 2769 734 2811 Papirii
760 2770 861 2802 Statii
887 2778 974 2812 quae
999 2771 1144 2812 exstant,
1177 2768 1230 2801 ed.
1255 2768 1384 2811 Caspai·
1409 2766 1523 2808 Barth,
1558 2765 1723 2810 Cygneae
1747 2764 1845 2798 1664.

490 2829 516 2875 ²)
541 2829 582 2862 cf.
610 2827 754 2862 Gesneri
780 2829 905 2861 notam.
