1910 3250
957 285 1229 322 „42-

373 402 486 439 viora
518 402 779 442 dissimulatis
813 405 1044 453 plerumque
1079 403 1221 453 pretiis
1249 405 1562 455 occultabantur,
1595 407 1746 445 ventris
1773 409 1814 446 et

372 480 520 516 ganeae
547 474 710 518 paratus
738 471 908 508 assiduis
937 471 1184 508 sermonibus
1211 471 1364 520 vulgati
1392 474 1541 510 erant.“
1585 473 1746 522 Iamque
1773 486 1808 512 a.

373 537 445 573 770
473 535 657 573 Tiberius
679 537 852 574 Drusum
880 536 1001 574 filium
1029 538 1069 574 in
1090 537 1291 587 Illyricum
1318 539 1437 588 misit,
1466 543 1510 577 ut
1535 540 1689 578 iuvenis
1714 540 1811 578 luxu

372 603 523 640 urbano
564 603 773 641 lasciviens
808 604 848 640 in
884 605 1026 642 castris
1059 605 1197 643 melius
1231 605 1442 643 haberetur
1476 610 1515 644 et
1548 607 1712 645 militiae
1745 607 1812 645 ad-

371 674 579 707 suesceret.
641 670 715 708 Cui
754 682 880 719 prope
921 671 1079 708 modum
1115 672 1228 719 quasi
1262 683 1310 709 ex
1344 684 1411 710 ore
1445 677 1622 722 ereptum
1654 673 1812 712 videtur

370 735 634 774 Manilianum
662 736 761 774 illud
789 737 880 787 (IV,
907 738 1017 786 404):

773 803 979 846 „Luxuriae
1004 815 1143 849 quoque
1167 805 1294 840 militia
1318 806 1408 840 est“.

372 869 517 916 Qualia
541 870 773 919 posteritati
802 872 988 920 quoniam
1015 872 1177 920 prodita
1204 878 1308 921 sunt,
1335 873 1560 911 audacioris
1586 875 1708 913 animi
1731 886 1811 912 non

370 937 553 975 existimo
582 949 665 976 esse
694 950 739 976 ex
768 939 830 976 his
857 940 1082 977 coniectare
1109 940 1157 978 de
1183 943 1374 990 tempore,
1411 952 1488 989 quo
1515 941 1808 981 Astronomicis

369 1004 458 1040 finis
486 1005 566 1042 fere
595 1006 804 1054 impositus
824 1006 888 1054 sit,
915 1010 1035 1054 atque
1055 1009 1226 1045 statuere
1247 1008 1390 1046 librum
1409 1008 1469 1046 IV
1488 1011 1582 1058 post
1599 1021 1634 1046 a.
1653 1009 1704 1047 U,
1725 1010 1810 1058 769,

369 1070 408 1107 V
435 1076 527 1109 ante
555 1084 589 1109 a.
619 1075 691 1111 780
719 1085 803 1112 esse
831 1074 1062 1123 confectum.

472 1139 589 1186 Quod
622 1143 667 1178 ut
702 1142 890 1190 suspicer,
923 1142 1028 1179 haud
1056 1143 1183 1180 minus
1211 1155 1460 1182 commoveor
1487 1155 1534 1181 eo
1562 1144 1664 1192 loco,
1699 1155 1814 1192 quem

369 1212 611 1257 postremum
645 1209 822 1247 Jacobus
859 1210 900 1246 in
935 1209 1206 1258 quaestionem
1240 1223 1320 1249 non
1357 1212 1440 1249 sine
1475 1211 1606 1250 fructu
1640 1211 1811 1250 vocavit.

369 1275 613 1324 Reperiebat
644 1277 748 1314 enim
781 1277 814 1313 is
849 1277 941 1314 inde
974 1289 997 1314 a
1030 1277 1080 1325 V,
1115 1279 1199 1326 510,
1233 1290 1319 1316 cum
1352 1278 1400 1316 de
1428 1279 1621 1327 partubus
1651 1277 1808 1316 Cassio-

368 1343 480 1391 peiae
509 1343 680 1392 legebat,
707 1356 788 1382 non
815 1345 855 1381 in
883 1345 1005 1394 foliis,
1035 1346 1178 1393 quibus
1197 1346 1404 1384 Bentleius
1423 1346 1710 1384 Astronomica
1727 1348 1812 1384 arte

369 1411 509 1449 critica
535 1412 730 1461 castigata
757 1413 973 1460 mandavit,
1006 1413 1073 1451 sed
1101 1413 1142 1450 in
1170 1414 1359 1462 exemplis
1387 1425 1503 1451 manu
1530 1411 1691 1463 scriptis
1718 1413 1815 1452 haec

368 1479 511 1516 verba:

503 1547 579 1582 510.
617 1546 734 1590 „Hinc
757 1546 928 1591 Augusta
952 1547 1068 1581 nitent
1092 1548 1245 1582 sacratis
1269 1558 1416 1582 munera
1439 1547 1584 1593 templis

502 1605 578 1638 511.
613 1603 662 1637 Et
686 1603 937 1638 Mithridateos
961 1603 1079 1638 vultus
1102 1603 1229 1639 induta
1252 1606 1416 1649 tropaea,

502 1661 579 1694 512.
617 1659 742 1694 Aurea
764 1660 946 1695 Phoebeis
972 1660 1150 1694 certantia
1172 1660 1307 1695 lumina
1330 1660 1495 1703 flammis,

502 1716 578 1750 513.
615 1714 917 1761 Gemmarumque
940 1715 1054 1759 iubar,
1079 1716 1263 1751 radiantes
1290 1716 1430 1751 lucibus
1454 1717 1566 1760 ignes.

502 1773 579 1806 514.
614 1771 711 1806 Hinc
733 1771 907 1818 Pompeia
930 1774 1078 1807 manent
1104 1772 1235 1807 veteris
1259 1774 1489 1807 monumenta
1512 1772 1681 1818 triumphi

501 1828 578 1862 515.
614 1827 663 1862 Et
686 1829 781 1873 quod
806 1832 885 1863 erat
907 1839 1067 1874 regnum,
1090 1829 1241 1874 pelagus
1266 1829 1342 1869 fuit,
1365 1838 1438 1862 una
1461 1828 1635 1863 malorum

503 1885 579 1919 516.
615 1883 698 1919 Non
723 1886 905 1920 exstincta
929 1885 1005 1920 lues
1029 1895 1240 1931 semperque
1264 1884 1425 1919 recentia
1448 1884 1636 1919 flammis.“

370 1953 547 1999 Quorum
579 1964 762 1990 versuum
788 1957 1049 2002 posteaquam
1077 1953 1255 1991 ordinem
1281 1963 1305 1989 a
1332 1952 1508 1990 librariis
1535 1951 1650 1990 valde
1677 1951 1816 2001 depra-

368 2022 502 2058 vatum
536 2020 594 2058 ita
627 2020 862 2068 emendavit,
896 2025 940 2058 ut
976 2033 1007 2058 v.
1047 2022 1117 2058 511
1147 2025 1241 2070 post
1266 2033 1302 2057 v.
1331 2022 1403 2058 516
1431 2023 1470 2057 et
1497 2031 1533 2056 v.
1561 2020 1642 2072 515*
1660 2022 1755 2068 post
1778 2031 1814 2056 v.

369 2089 442 2125 543
475 2087 704 2134 collocaret,
736 2089 872 2137 posito
907 2101 981 2138 pro
1018 2089 1154 2137 „lues“
1189 2089 1354 2137 ‚,acie“
1382 2087 1591 2135 vocabulo,
1623 2086 1729 2124 haud
1755 2086 1814 2124 in-

368 2158 472 2204 epte,
500 2159 544 2192 ut
570 2155 670 2193 alias
699 2167 828 2206 saepe,
856 2157 904 2194 de
923 2168 978 2193 vs.
999 2159 1084 2205 514,
1113 2158 1185 2195 516
1203 2154 1437 2199 disseruitffl)
1457 2155 1498 2192 in
1517 2154 1620 2192 hunc
1637 2153 1814 2192 modum:

370 2222 590 2272 „Pompeia
619 2228 885 2270 monumenta,
915 2235 1013 2272 quae
1043 2235 1196 2272 semper
1222 2223 1396 2261 recentia
1429 2221 1592 2260 flammis
1619 2220 1816 2268 dicuntur,

367 2289 416 2326 de
450 2290 607 2327 theatro
642 2290 836 2339 Pompeio
872 2290 1127 2339 interpretor,
1163 2290 1268 2338 quod
1302 2290 1393 2338 igne
1430 2288 1597 2326 fortuito
1632 2287 1815 2324 haustum

369 2369 409 2395 se
443 2362 734 2396 exstructurum
763 2358 948 2395 Tiberius
981 2358 1188 2406 pollicitus
1225 2362 1296 2402 est,
1332 2356 1438 2404 quod
1474 2367 1586 2394 nemo
1615 2367 1635 2393 e
1663 2354 1813 2392 familia

368 2426 630 2463 restaurando
666 2425 875 2472 sufficeret,
910 2431 1090 2462 manente
1124 2430 1252 2462 tamen
1279 2423 1447 2472 Pompei
1483 2422 1651 2470 nomine,
1686 2424 1732 2460 ut
1757 2422 1815 2459 ait

370 2491 532 2529 Tacitus
566 2491 692 2541 (Ann.
725 2492 803 2538 ΙΙΙ,
838 2493 916 2542 72).
969 2492 1072 2530 Nam
1109 2492 1215 2540 quod
1250 2492 1289 2530 id
1325 2503 1425 2541 opus
1455 2489 1640 2528 Tiberius
1675 2490 1815 2539 imper-

369 2559 512 2597 fectum
544 2559 719 2607 reliquit,
757 2559 858 2596 nihil
892 2562 1052 2607 poetam
1081 2559 1270 2608 impedire
1298 2559 1445 2608 potuit,
1479 2557 1688 2606 quominus
1715 2557 1816 2595 hanc

369 2627 410 2664 in
438 2638 524 2665 eum
552 2627 707 2665 laudem
734 2631 941 2677 poetarum
968 2638 1076 2665 more
1104 2626 1313 2665 conferret.
1354 2626 1520 2664 Factum
1546 2625 1591 2674 id*
1607 2626 1736 2664 autem
1754 2628 1815 2663 est

458 2768 498 2810 ι8)
522 2768 640 2803 Praef.
664 2779 698 2812 p.
726 2768 768 2802 16
793 2770 830 2801 et
855 2766 910 2800 ed.
934 2777 969 2811 p.
997 2767 1072 2802 187.
