1936 3392
1090 293 1142 331 28

426 431 656 473 Bentleius:
687 433 715 487 ¹)
762 434 1018 488 „suspicatur
1065 447 1157 473 eum
1203 432 1325 473 fuisse
1367 430 1515 472 alicubi
1552 432 1718 474 forsitan
1750 447 1798 473 ex

425 508 523 549 Asia
570 509 850 563 peregrinum,
883 505 969 550 tum
1005 523 1053 549 ex
1084 508 1281 562 singulari
1315 507 1402 548 eius
1435 507 1686 561 quorundam
1718 522 1802 550 ver-

425 583 564 624 borum
615 584 938 633 constructione,
986 587 1073 624 tum
1121 583 1216 637 quia
1263 597 1462 636 nusquam
1499 586 1663 638 apparet
1692 584 1800 639 ipsos

425 659 626 700 Romanos
642 660 748 702 hisce
766 659 922 701 artibus
938 660 1036 701 adeo
1052 663 1207 701 mature
1226 673 1384 714 operam
1399 658 1597 701 dedisse.''
1613 659 1802 714 Denique

426 736 552 779 Jacob
583 738 628 778 in
658 753 792 793 progr.
827 739 922 780 anni
960 739 1074 779 1832
1109 752 1200 791 pag.
1239 738 1292 777 14
1317 736 1532 778 Manilium
1554 737 1695 786 Afrum
1717 752 1804 781 esse

427 813 598 868 putavit.
663 813 752 864 „Eo
794 813 874 854 iam
906 812 999 854 libri
1030 827 1102 853 nos
1135 812 1312 862 ducunt,
1347 812 1418 865 qui
1451 812 1620 855 Poenum
1651 827 1801 858 nuncu·

428 892 544 944 pant,
594 903 639 930 eo
688 889 810 930 etiam
857 889 984 930 oratio
1032 888 1262 929 luxuriante
1296 887 1480 929 ubertate
1514 887 1714 940 diffluens,
1758 903 1804 930 eo

428 967 771 1021 praepositionum
821 981 914 1008 usus
951 966 1121 1007 laxior.''
1186 965 1237 1006 In
1270 966 1369 1006 edit.
1403 966 1499 1007 anni
1535 968 1648 1008 1846
1681 966 1804 1022 praef.

430 1056 523 1096 pag.
575 1043 626 1083 17
678 1046 813 1083 tamen
862 1042 1045 1097 scripsit:
1097 1041 1271 1092 „Utrum
1316 1045 1451 1083 autem
1483 1042 1600 1086 homo
1633 1042 1807 1085 Asianus

430 1118 576 1167 fuerit,
616 1119 725 1172 quod
757 1118 942 1160 Bentleio
976 1118 1102 1159 visum
1137 1121 1220 1168 est,
1269 1132 1320 1158 an
1353 1117 1448 1159 Afer
1479 1118 1664 1168 natione,
1699 1117 1806 1172 quod

430 1196 529 1237 mihi
562 1195 632 1237 diu
669 1196 791 1237 videri
823 1195 998 1244 solebat,
1034 1197 1222 1237 incertior
1251 1210 1371 1249 quam
1394 1195 1596 1249 quondam
1617 1194 1806 1238 haereo.”

491 1274 585 1315 'Pria
631 1279 726 1316 sunt
758 1275 885 1329 igitur
917 1279 1154 1329 argumenta
1188 1274 1334 1328 quibus
1360 1274 1533 1325 iudicia,
1567 1288 1669 1328 quae
1700 1288 1809 1330 pere-

432 1353 592 1406 grinum
645 1352 859 1394 Manilium
905 1353 1081 1403 faciunt,
1129 1354 1332 1394 nituntur.
1411 1354 1467 1394 At
1498 1351 1601 1395 illud
1637 1350 1780 1395 Jacobi
1796 1383 1809 1402 ‚

433 1429 614 1470 Poenum
646 1444 877 1484 nuncupare
900 1430 1055 1471 codices
1077 1429 1292 1470 Manilium
1306 1461 1315 1478 ‚
1339 1428 1492 1471 nullius
1514 1443 1599 1470 esse
1618 1428 1811 1470 momenti

434 1504 550 1546 facile
586 1505 756 1555 videbis,
790 1506 823 1546 si
857 1506 1185 1547 animadverteris
1207 1506 1317 1547 haec.
1368 1505 1548 1546 Primum
1568 1504 1671 1546 illud
1700 1504 1812 1546 Poeni

435 1582 478 1623 in
521 1597 600 1623 uno
642 1586 799 1623 tantum
848 1597 974 1636 eoque
1024 1583 1150 1624 malae
1192 1587 1310 1625 notae
1342 1583 1478 1624 codice
1509 1582 1721 1638 reperitur,
1769 1582 1811 1623 in

434 1657 630 1699 vossiano
683 1659 804 1699 tertio
857 1659 1037 1709 scilicet,
1093 1661 1164 1713 qui
1215 1660 1433 1714 inscriptus
1486 1663 1570 1701 est:
1624 1658 1757 1700 Marci
1800 1673 1809 1682 ·

435 1733 581 1774 Mallia·
612 1747 623 1758 ·
658 1734 840 1775 Antiochi
873 1749 882 1759 ·
917 1735 1037 1776 Poeni
1071 1750 1080 1760 ·
1115 1735 1402 1776 Astronomicon
1426 1749 1435 1759 ·
1457 1734 1560 1776 Divo
1583 1749 1592 1759 ·
1620 1734 1777 1775 Octavio
1800 1747 1812 1758 ·

442 1811 609 1862 Quirino
653 1827 662 1837 ·
707 1813 878 1864 Auqusto
920 1828 928 1837 ·
968 1812 1219 1854 Vocabulum
1260 1812 1382 1854 Poeni
1413 1816 1554 1854 autem*
1580 1815 1809 1867 corruptum

436 1887 596 1927 videtur
642 1902 663 1927 e
711 1887 904 1929 vocabulo
946 1893 1112 1941 poetae,
1157 1888 1266 1942 quod
1313 1887 1447 1943 plures
1475 1887 1632 1929 codices
1662 1885 1813 1929 habent

437 1966 526 2019 post
557 1977 703 2004 nomen
735 1964 953 2017 scriptoris.
1003 1964 1133 2006 Simili
1167 1965 1265 2005 vitio
1297 1969 1485 2019 corrupta
1517 1968 1576 2004 est
1601 1963 1812 2017 insci-*ptio

436 2041 584 2083 codicis
631 2041 774 2082 Urbin.
818 2042 931 2083 haec:
988 2043 1048 2084 M.
1083 2043 1254 2084 Manilii
1285 2042 1406 2084 Boeo-i
1436 2042 1680 2084 astronomici
1713 2040 1812 2082 liber

430 2118 585 2171 primus
616 2118 801 2171 incipit.''

499 2195 730 2236 Secundum
777 2199 1090 2250 argumentum,
1141 2196 1247 2249 quod
1295 2199 1354 2236 cst
1387 2194 1566 2243 Bentlei‚
1615 2207 1812 2246 nusquam

438 2271 591 2313 scilicet
624 2286 813 2327 apparere
846 2274 952 2327 ipsos
985 2271 1183 2314 Romanos
1226 2273 1333 2314 hisce
1356 2271 1532 2320 artibus,
1555 2270 1811 2324 astrologiam

440 2350 562 2400 dicit,
613 2350 711 2391 adeo
758 2354 914 2391 mature
961 2366 1118 2406 operam
1168 2351 1347 2401 dedisse,
1390 2350 1543 2391 firmius
1575 2354 1635 2389 est
1667 2347 1809 2389 nihilo.

441 2425 575 2466 Multo
624 2429 717 2466 ante
753 2425 969 2467 Manilium
1003 2426 1172 2467 Romani
1205 2425 1442 2480 astrologiae
1474 2425 1552 2466 iam
1584 2422 1813 2464 studebant.

440 2503 699 2545 Etruscorum
734 2503 927 2544 divinatio
961 2504 1010 2544 ad
1042 2504 1150 2544 illam
1187 2508 1311 2545 artem
1346 2518 1464 2557 quam
1499 2501 1675 2557 proxime
1709 2515 1815 2542 acce-

441 2579 561 2621 debat
571 2597 582 2630 3
616 2579 786 2620 Romani
818 2579 867 2620 ab
899 2580 980 2620 illis
1014 2579 1286 2621 didicerunt.'’
1309 2580 1340 2635 2)
1393 2577 1664 2633 Astrologiam
1687 2578 1812 2631 ipsam

486 2725 510 2766 ¹)
556 2727 658 2757 Praef.
682 2726 721 2756 X.

485 2784 511 2823 ²)
557 2786 649 2816 Diod.
687 2786 781 2816 Sicul.
818 2786 859 2820 V,
895 2786 953 2819 40,
989 2786 1017 2814 2.
1055 2785 1163 2814 Senes.
1190 2785 1261 2814 Nat.
1286 2786 1412 2821 Quacst.
1440 2785 1484 2817 ΙΙ,
1510 2784 1567 2812 32.
1593 2783 1670 2812 Gen.
1698 2782 1753 2815 lV,
1777 2781 1814 2815 ὃ,

444 2847 514 2876 Luc.
551 2846 581 2880 1,
617 2845 697 2877 587.
733 2845 820 2874 Lucr.
858 2844 914 2876 vl,
950 2844 1020 2872 381.
1070 2844 1191 2872 Etrusci
1222 2828 1450 2879 longitudinem
1479 2841 1571 2874 anni.
1596 2841 1649 2878 qui
1674 2840 1815 2877 tropicus

444 2905 579 2939 dicitur,
613 2904 674 2934 365
711 2904 830 2934 dierum
866 2904 884 2933 5
921 2903 987 2932 hor.
1023 2904 1063 2932 40
1098 2903 1209 2932 minut.
1246 2911 1314 2932 esse
1350 2902 1518 2943 dicebant,
1549 2899 1701 2930 Niebuhr.
1725 2898 1814 2929 Rom.
