1910 3250
953 210 1229 264 ...ΞΟ-,-

347 340 556 390 videatur:
607 346 863 402 Augusteam
895 346 1108 388 simillimis
1140 347 1273 389 verbis
1307 353 1429 404 atque
1464 361 1629 392 auream
1662 354 1836 392 aetatem

348 415 531 471 depingit
547 417 580 466 ¹)
608 415 862 470 eandemque
889 415 975 456 sere
1004 415 1337 470 tranquillitatem
1369 421 1410 457 et
1429 416 1684 459 securitatem
1715 416 1838 460 Octa-

347 483 510 524 vianum
548 482 634 524 orbi
666 482 825 524 dedisse
854 482 949 523 dicit
982 483 1034 526 cf.
1066 498 1098 526 c.
1131 482 1194 523 IV
1223 482 1263 524 5.
1277 484 1313 535 2]
1375 483 1572 527 Similiter
1600 490 1723 540 atque
1751 483 1837 526 Ho-

346 550 470 591 ratius
495 549 678 605 plurimis
703 549 799 591 locis
827 549 945 601 (Met.
969 549 1053 591 XV
1083 550 1166 593 832
1193 565 1252 606 sq.
1275 550 1384 595 Fast.
1409 552 1446 604 1,
1479 554 1557 594 281
1581 566 1641 607 sq.
1672 551 1754 594 709
1775 566 1835 608 sq.

347 620 444 669 etc.)
473 616 645 660 Ovidius
675 617 784 673 pacis
815 617 920 659 bona
947 624 987 659 et
1006 618 1217 659 commoda
1239 618 1290 660 ab
1317 619 1507 673 Augusto
1533 618 1640 660 bello
1670 625 1837 675 paratae

346 699 504 726 summa
528 685 788 726 veneratione
816 684 1087 740 prosequitur.
1147 684 1357 727 Gravioris
1379 686 1571 728 momenti
1601 693 1695 727 sunt
1724 685 1836 730 Fast.

346 754 365 793 I
396 754 479 795 700
506 767 588 808 sq.:

464 821 619 862 Gratia
651 819 717 860 dis
743 821 962 875 domuique
991 825 1087 861 tuae
1117 819 1392 872 (Germanici)
1424 822 1603 876 reliqata
1629 823 1783 863 catenis

460 889 555 930 Iam
578 888 794 943 pridem
823 892 965 929 nostro
995 888 1068 928 sub
1090 889 1197 943 pede
1225 888 1329 930 bella
1359 891 1506 931 iacent.

349 968 487 1023 Atque
515 982 567 1008 ex
598 966 727 1021 elegia
764 966 939 1022 quadam
978 967 1028 1008 ab
1069 967 1222 1009 incerto
1253 973 1428 1021 auctore,
1465 981 1588 1023 quem
1617 967 1838 1009 certissime

348 1050 447 1078 aevo
476 1035 690 1090 Augusteo
711 1034 891 1076 floruisse
913 1050 979 1078 vv,
1006 1034 1073 1078 dd.
1088 1035 1121 1089 3)
1151 1034 1392 1087 iudicavere,
1416 1034 1468 1077 de
1488 1049 1591 1078 nuce
1613 1034 1838 1091 conscripta

347 1103 480 1145 locum
511 1101 618 1143 ciere
648 1101 746 1143 utile
773 1108 844 1153 est,
877 1117 957 1157 quo
987 1101 1038 1144 de
1067 1102 1256 1158 Augusta
1285 1117 1384 1158 pace
1415 1103 1515 1144 haee
1545 1102 1752 1144 audimus:

517 1170 599 1211 Sed
628 1183 755 1225 neque
783 1171 989 1211 tolluntur
1015 1183 1098 1221 nee,
1127 1170 1226 1211 dum
1256 1173 1361 1225 reqc't
1388 1172 1526 1213 omnia
1561 1169 1726 1222 Caesar,

516 1239 741 1280 Incolumis
771 1243 885 1280 tanto
911 1239 1108 1293 praeside
1137 1243 1288 1293 raptor
1317 1240 1408 1280 erit.

517 1306 575 1347 At
601 1320 683 1347 non
711 1306 784 1347 ille
812 1306 911 1348 deus
932 1319 1079 1360 pacem
1109 1308 1226 1348 intra
1255 1309 1418 1349 moenia
1433 1307 1558 1362 finit:

518 1374 743 1415 Aemilium
773 1379 880 1416 toto
908 1376 1071 1429 spa-rqit
1097 1376 1144 1415 in
1174 1373 1266 1415 orbe
1293 1388 1425 1416 suum.

348 1453 501 1495 Multos
541 1452 640 1495 alios
679 1467 842 1509 quoque
880 1453 988 1495 locos
1026 1453 1189 1509 prodire
1219 1453 1412 1506 iuberem,
1451 1452 1492 1494 ni
1522 1453 1690 1508 longum
1721 1458 1837 1497 esset.
1900 1487 1903 1490 -

348 1523 431 1562 Iam
473 1535 570 1563 vero
610 1535 701 1562 cum
739 1522 952 1575 Augustus
991 1521 1057 1563 vel
1085 1520 1179 1562 Paci
1206 1520 1320 1574 deae,
1359 1529 1494 1577 atque,
1524 1521 1634 1576 quod
1673 1520 1838 1577 quidem

348 1590 532 1642 sciamus,
575 1589 728 1644 primus
772 1589 811 1629 in
852 1603 994 1645 campo
1037 1588 1182 1630 Martio
1215 1603 1328 1630 aram
1368 1588 1647 1643 constituisset,
1659 1590 1696 1641 4)
1736 1589 1838 1630 nihil

349 1657 496 1698 mirum
530 1663 601 1710 est,
642 1657 750 1712 quod
790 1655 841 1697 ad
871 1657 1046 1712 speciem
1086 1670 1232 1697 aureae
1267 1656 1420 1708 aetatis,
1461 1670 1542 1711 qua
1576 1655 1663 1698 sine
1700 1655 1838 1698 militis

350 1740 425 1767 usu
456 1731 598 1780 gentes
627 1738 793 1766 securae
831 1724 968 1765 mollia
997 1724 1078 1766 otia
1109 1724 1358 1779 peragebant
1388 1724 1459 1776 (cf.
1487 1723 1566 1767 Ov.
1596 1722 1694 1768 Met.
1725 1724 1744 1766 I
1768 1723 1836 1775 89,

348 1801 433 1846 cet3
476 1791 618 1836 Germ.
650 1793 795 1848 phaen.
820 1797 1002 1847 pacatus
1036 1793 1215 1833 mundus
1245 1791 1326 1834 103
1362 1793 1458 1848 sq.),
1498 1791 1583 1833 eius
1623 1791 1837 1847 imperium

348 1861 474 1903 semel
505 1867 627 1916 atque
665 1861 812 1902 iterum
849 1875 873 1901 a
912 1860 1041 1916 poetis
1071 1867 1303 1902 revocatum
1331 1865 1414 1912 est3
1450 1874 1497 1901 ac
1525 1873 1598 1901 suo
1627 1873 1723 1901 sane
1752 1859 1839 1902 iure

350 1929 559 1984 Vergilius
582 1929 622 1969 in
640 1929 746 1972 Aen.
770 1929 788 1970 1
810 1928 914 1971 295:
947 1928 1084 1970 Dirae
1105 1927 1234 1984 inquit
1239 1928 1368 1982 ferro
1390 1933 1426 1969 et
1448 1927 1710 1982 compayibus
1731 1930 1839 1970 artis

522 1997 783 2039 Clazcdentur
813 1997 906 2038 belli
927 2002 1092 2052 portae.
1149 1997 1293 2038 Furor
1322 1998 1478 2052 impius
1504 1994 1623 2038 intus‘
1665 2049 1670 2054 .

520 2066 655 2107 Saeva
684 2066 827 2107 sedens
853 2079 978 2120 super
1008 2079 1132 2107 arma
1161 2069 1197 2106 et
1227 2069 1385 2106 centum
1413 2067 1574 2107 vinctus
1601 2066 1718 2106 aenis

521 2133 621 2175 Post
650 2138 807 2188 tergum
834 2134 966 2185 nodis,
985 2133 1142 2187 fremet
1166 2133 1367 2174 horridus
1392 2146 1462 2174 ore
1490 2137 1670 2175 cruento.

351 2201 510 2253 Quibus
540 2201 687 2242 mirum
717 2201 757 2242 in
790 2201 954 2243 modum
983 2201 1129 2242 similia
1157 2206 1262 2253 sunt,
1295 2214 1400 2256 quae
1427 2199 1616 2242 Manilius
1645 2199 1687 2242 in
1717 2197 1838 2256 primi

349 2269 645 2312 astronomicon
674 2269 767 2310 libri
795 2269 877 2311 fine
902 2269 1076 2325 profert:

487 2371 511 2413 1)
536 2371 701 2404 Similiter
726 2370 936 2403 Claudianus
961 2370 1003 2403 de
1027 2370 1079 2403 ΡΙ.
1110 2371 1223 2402 Mallii
1241 2370 1370 2403 Theod.
1394 2369 1525 2402 consul.
1547 2380 1579 2402 v.
1605 2370 1670 2402 135
1690 2379 1741 2412 sq.
1764 2369 1839 2402 feli-

350 2429 499 2468 citatem,
527 2437 616 2469 quae
640 2428 701 2459 sub
726 2427 880 2459 Honorio
905 2437 945 2458 ao
970 2426 1161 2460 Stilichone
1184 2427 1238 2468 sit,
1264 2426 1450 2469 praedicat.

484 2484 511 2526 ²)
543 2483 652 2515 Aliter
690 2483 850 2514 nonnulli
889 2483 1068 2516 versieulis
1111 2483 1251 2516 Tiberio
1291 2483 1485 2525 praesentia
1523 2482 1777 2525 exprobrabant
1805 2485 1840 2515 et

348 2540 463 2573 futura
486 2539 737 2572 denuntiabant
759 2539 852 2571 mala
876 2539 987 2580 (Suet.
1012 2539 1088 2572 Tib.
1106 2541 1167 2581 595
1194 2540 1365 2572 Baehrens
1390 2540 1452 2582 frg.
1477 2549 1509 2580 p.
1527 2539 1566 2571 L.
1590 2550 1624 2582 p.
1641 2537 1736 2582 360):

599 2596 743 2627 Aurea
766 2596 944 2627 mutasti
969 2595 1159 2628 Saturni
1182 2595 1385 2638 saecula,
1410 2596 1592 2636 caesai-3

598 2652 820 2684 Incolumi
843 2663 938 2684 nam
964 2653 1021 2685 Te
1046 2654 1194 2685 ferrea
1218 2663 1386 2695 semper
1410 2655 1548 2685 erunt.

486 2707 512 2750 3)
538 2708 578 2740 of.
603 2708 777 2741 Baehrens
809 2719 842 2750 p.
867 2710 908 2743 L.
936 2720 978 2742 m.
1003 2710 1019 2742 1
1043 2720 1076 2751 p.
1101 2711 1165 2751 883
1199 2711 1237 2742 L.
1262 2711 1407 2743 Mueller
1431 2709 1473 2742 de
1503 2719 1541 2742 re
1564 2708 1706 2742 metrica
1729 2719 1763 2752 p.
1784 2709 1839 2742 49.

351 2765 486 2799 Teuffel
504 2764 583 2797 hist.
606 2765 671 2798 litt.
694 2766 791 2798 Rom.
816 2766 894 2798 edit.
918 2768 939 2799 4
964 2767 984 2805 ἓ
1009 2767 1073 2799 251
1099 2770 1166 2800 not.
1190 2769 1223 2800 4.

485 2822 511 2865 4)
536 2822 576 2854 ef.
601 2821 746 2856 Prelleri
771 2823 913 2868 mythol.
938 2823 1035 2856 Rom.
1060 2824 1079 2855 3
1106 2826 1183 2856 tom.
1209 2823 1243 2856 11
1266 2834 1300 2867 p.
1326 2824 1411 2864 2515
1438 2822 1500 2857 Ov,
1524 2822 1599 2856 fast.
1623 2821 1641 2855 1
1667 2821 1742 2855 709.
