1930 3320
940 280 992 284 -—-
1053 257 1100 294 34
1153 281 1215 289 .-

338 377 568 427 quartum
601 375 770 415 locum
799 375 820 415 I
852 378 930 416 336
964 375 1037 431 (ex
1067 378 1214 418 Iacobi
1245 379 1508 431 coniectura,
1551 381 1595 421 in
1626 381 1744 424 codd.
1774 385 1811 424 et

342 455 425 482 non
455 441 645 496 legitur).
705 443 749 482 ΙΙ
781 445 873 484 464.

448 508 518 549 Ad
548 509 864 564 adiungendum
894 511 938 551 in
969 512 1356 554 enumerationibus
1393 515 1609 556 tertium
1651 529 1806 558 enun-

335 577 456 616 tiati
502 578 773 618 membrum
827 581 864 619 et
911 581 1063 634 copula
1108 585 1319 636 usurpata
1363 586 1428 622 est
1471 583 1575 623 locis
1619 582 1805 626 duobus:

333 644 377 684 Π
408 646 488 685 523
519 645 653 695 Aries,
683 645 765 686 Leo
794 648 832 686 et
863 647 1106 688 Arcitenens
1136 652 1178 689 et
1208 648 1272 688 IV
1294 651 1370 690 150
1402 663 1461 704 sq.
1493 649 1654 691 Laudis
1681 665 1807 704 amor,

336 711 480 752 tacitae
508 715 657 753 mentes
686 716 723 753 et
753 726 921 765 corpora
951 714 1071 755 tarda
1103 715 1216 756 Mole
1244 715 1390 756 valent.

446 779 639 821 Eandem
689 783 726 821 ct
775 782 970 836 copulam
1018 786 1147 837 poeta
1202 783 1377 824 adhibet
1435 785 1495 826 ad
1542 784 1808 828 formanda

334 847 597 902 polysynd
610 851 693 888 eta
714 848 816 889 locis
840 848 1027 890 duobus:
1061 850 1129 890 III
1153 852 1230 891 129
1253 865 1340 905 sqq.
1364 864 1444 903 qua
1466 854 1622 893 constat
1642 852 1808 894 honoris

341 913 530 956 Condicio
549 917 587 955 ct
601 915 744 969 famae
763 915 914 966 modus,
945 919 982 956 et
997 930 1136 969 qenus,
1168 920 1205 958 et
1223 919 1395 969 specioso
1415 919 1566 960 Gratia
1587 922 1808 971 praetextu

335 986 378 1023 et
399 982 461 1023 IV
481 983 557 1024 180
576 997 664 1037 sqq.
708 983 795 1024 Hoc
813 983 940 1033 habet,
970 984 1040 1025 hoe
1069 985 1258 1036 studium,
1280 989 1416 1038 postes
1446 1000 1593 1028 ornare
1622 987 1807 1039 superbis

334 1049 525 1100 Pellibus,
556 1053 592 1091 et
621 1054 761 1102 captas
789 1051 971 1093 domibus
993 1054 1218 1106 praeflqere
1243 1053 1432 1105 praedas,
1453 1054 1511 1095 Et
1523 1067 1676 1107 pacare
1698 1057 1804 1096 metu

332 1117 470 1168 silvas,
502 1121 539 1159 et
568 1119 699 1160 vivere
728 1122 857 1171 rapto.

447 1187 544 1239 Que
565 1188 773 1242 particula
803 1201 897 1229 cum
927 1188 971 1228 in
1000 1188 1246 1230 universum
1275 1189 1410 1244 primo
1443 1191 1649 1232 enuntiati
1679 1205 1805 1232 voca-

331 1255 431 1296 bulo
464 1255 633 1296 adnecti
660 1256 809 1308 soleat,
840 1260 997 1307 tamen,
1029 1257 1064 1297 si
1094 1257 1275 1312 primum
1307 1258 1412 1316 illud
1444 1259 1651 1300 enuntiati
1680 1273 1806 1300 voca-

332 1323 477 1364 bulum
523 1325 784 1379 praepositio
832 1330 911 1374 est,
956 1326 1205 1381 plerumque
1239 1327 1503 1368 substantivo
1535 1327 1588 1368 ab
1621 1341 1672 1368 ea
1700 1341 1806 1383 pen-

333 1391 449 1432 denti
506 1391 763 1447 adiungitur.
843 1393 910 1434 De
970 1407 1051 1447 qua
1109 1394 1386 1436 collocatione
1443 1395 1528 1435 iam
1578 1394 1804 1437 Lucretius

334 1459 516 1510 decedit,
567 1474 662 1500 cum
711 1473 786 1512 quc
836 1461 1031 1515 copulam
1082 1474 1210 1516 saepe
1262 1462 1386 1503 alteri
1431 1462 1637 1503 enuntiati
1674 1463 1805 1504 verbo

331 1527 544 1578 adnectat,
587 1541 841 1582 quamquam
870 1529 986 1583 prius
1019 1529 1278 1585 praepositio
1309 1543 1394 1571 non
1416 1533 1481 1571 est
1496 1528 1553 1583 ¹);
1584 1534 1808 1586 praeterea

332 1594 446 1636 idem
478 1609 605 1650 saepe
636 1608 710 1647 que
742 1597 937 1651 copulam
967 1597 1273 1652 praepositioni
1303 1597 1494 1652 adiungit
1508 1597 1557 1652 2).
1605 1597 1806 1639 Manilius

326 1663 567 1704 locis'haud
587 1664 731 1704 multis
752 1676 828 1715 que
850 1665 1045 1720 copulam
1067 1665 1221 1705 alteri
1252 1665 1526 1706 enuntiati
1555 1665 1806 1707 vocabulo

329 1730 539 1772 adnectit:
572 1731 593 1771 I
620 1733 664 1771 11
699 1731 783 1772 iam
804 1731 1068 1783 propiusque.
1106 1733 1186 1773 808
1216 1732 1348 1786 viqeat
1375 1732 1626 1785 quandoque.
1676 1733 1722 1774 II
1753 1734 1805 1774 39

328 1800 436 1840 ritus
466 1812 734 1851 pecorumque
764 1799 903 1854 (codd.
934 1799 1013 1841 LO
1045 1800 1242 1841 omittunt
1279 1814 1371 1852 que,
1414 1800 1453 1841 G
1489 1800 1664 1842 exhibet
1689 1813 1804 1852 peco-

328 1880 421 1908 rum
461 1867 597 1921 ritus).
670 1867 733 1908 IV
765 1869 846 1909 269
888 1880 1052 1919 operum
1087 1870 1316 1919 pontesque.
1374 1869 1455 1909 682
1481 1868 1671 1918 fluctibus
1698 1881 1807 1910 eecce-

321 1936 465 1988 pitque
487 1935 543 1988 (G
565 1937 682 1979 omis.
706 1935 811 1990 que).
872 1936 913 1977 V
935 1937 1015 1977 323
1046 1948 1122 1976 sua
1152 1936 1298 1988 datque
1320 1936 1372 1989 (L
1395 1949 1471 1976 sua
1491 1935 1643 1988 detque,
1675 1937 1806 1978 ceteri

327 2003 556 2055 suadetque,
577 2002 622 2044 M
641 2002 889 2058 madetque);
921 2006 1146 2058 praeterea
1168 2003 1360 2045 conferas
1378 2003 1424 2045 II
1445 2005 1522 2044 700
1540 2003 1600 2044 bis
1620 1996 1805 2056 Senaque.

327 2070 394 2112 III
423 2072 503 2111 616
537 2075 579 2112 et
607 2071 672 2112 IV
694 2073 775 2112 482
807 2071 867 2112 bis
896 2084 1055 2123 sexque.
1115 2071 1154 2112 V
1178 2073 1255 2112 491
1289 2071 1351 2112 bis
1380 2074 1623 2124 seoetamque,
1653 2072 1805 2127 quibus

330 2138 500 2194 quidem
538 2139 681 2181 verbis
717 2154 801 2181 una
836 2140 975 2191 notio,
1023 2139 1301 2181 »duodecim«
1343 2140 1412 2181 vel
1443 2139 1804 2193 »duodecimam«,

331 2207 603 2261 significatur.
665 2207 847 2248 Tertio
881 2207 1142 2248 enuntiati
1172 2207 1427 2248 vocabulo
1467 2207 1642 2248 affixum
1671 2207 1803 2250 habes

328 2287 404 2327 que
432 2275 454 2315 Ι
484 2276 563 2315 847
587 2275 834 2327 praecipites
862 2275 1001 2315 stellae
1026 2275 1260 2327 passimque
1289 2264 1653 2316 volare‘videntur.

445 2343 540 2394 Que
561 2342 714 2397 copula
734 2342 936 2383 adnexa
967 2346 1032 2383 est
1064 2342 1398 2383 substantivo
1420 2342 1510 2383 vel
1537 2341 1802 2384 adiectivo

330 2423 355 2450 a
384 2409 804 2464 praepositione
835 2409 1085 2464 pendenti
1115 2409 1220 2450 locis
1251 2409 1341 2450 his:

420 2476 436 2509 I
453 2476 496 2510 94
520 2476 558 2510 in
583 2478 797 2520 noctemque.
821 2476 887 2510 239
902 2475 968 2510 sub
989 2475 1225 2520 pedibusque.
1250 2476 1315 2510 793
1334 2487 1403 2521 per
1427 2480 1568 2521 tresque
1593 2477 1803 2521 triumphos.

329 2533 363 2566 II
387 2532 453 2567 885
483 2533 521 2566 in
548 2533 731 2577 peiusque.
780 2532 830 2566 IV
860 2533 925 2566 128
955 2532 993 2566 in
1021 2533 1260 2577 iugulumque.
1301 2533 1368 2567 364
1396 2533 1434 2566 in
1453 2534 1648 2578 pluresque
1670 2533 1804 2569 modos.

327 2589 396 2622 435
425 2588 462 2622 in
492 2599 700 2632 vanumque.
739 2589 804 2622 887
829 2589 866 2622 in
899 2589 1111 2633 caelumque.
1158 2589 1190 2622 V
1216 2589 1280 2623 169
1300 2599 1368 2634 per
1392 2593 1572 2634 totumque
1596 2609 1638 2614 -—
1661 2599 1804 2634 corpus.

328 2645 395 2681 396
423 2645 463 2679 in
492 2645 705 2689 caelumque.
752 2645 820 2679 413
849 2645 887 2679 in
919 2646 1106 2690 lucemque.
1149 2645 1215 2680 624
1239 2657 1310 2690 per
1333 2649 1519 2690 noctesque
1543 2645 1744 2690 (Bentleius
1768 2647 1805 2680 et

422 2772 447 2813 ¹)
474 2770 746 2812 Lachmann,
783 2770 829 2804 ad
859 2770 961 2805 Lucr.
993 2782 1027 2816 p.
1053 2771 1118 2805 113
1143 2783 1195 2814 sq.
1248 2772 1262 2814 Η
1315 2771 1342 2815 ²)
1371 2771 1544 2812 Holtze‚
1581 2771 1675 2815 synt.
1700 2770 1802 2809 Lucr,

329 2827 391 2869 lin.
417 2839 453 2872 p.
479 2826 543 2861 174
567 2839 618 2872 sq.
