1916 3302
723 242 1008 287 ..41-

99 371 282 433 appellat
308 370 587 427 (‚,Herrscher
617 369 692 414 der
720 371 900 428 Wolff).
962 370 1052 415 Nee
1082 385 1180 415 vero
1214 371 1349 426 credo,
1383 368 1493 429 quod
1524 375 1628 414 tem-

101 443 212 502 poris
239 442 468 500 praesentis
506 442 638 484 forma
668 441 875 495 Manilius,
908 441 1106 484 Horatius
1146 441 1273 483 futuri
1306 441 1435 483 utitur
1466 441 1506 482 in
1540 456 1573 484 c.
1608 440 1628 482 1

105 517 170 568 12,
202 514 243 556 id
275 528 426 569 magno
449 511 633 570 pondere
655 526 756 566 esse,
789 526 969 569 namque
989 518 1050 554 est
1073 511 1152 553 iam
1176 526 1372 568 praesens
1395 511 1627 567 Augustus,

99 583 141 627 id
172 582 285 640 quod
315 582 469 625 affatim
503 581 720 638 probatum
750 588 862 638 puto,
901 597 993 623 cum
1026 580 1139 635 deus,
1173 587 1260 622 tum
1294 581 1495 638 Iuppiter,
1527 595 1628 635 ergo

100 653 244 695 mundi
271 659 313 695 et
343 651 518 708 Olympi
552 657 707 704 rector-3
738 651 861 693 habet
891 652 1077 693 omnium
1107 666 1246 693 rorum
1269 650 1495 708 potentiam
1528 649 1627 704 (Ov.

103 722 182 780 Ep.
211 737 262 765 ex
293 721 340 765 P.
373 720 416 763 II
447 721 487 774 2,
529 721 601 774 66)
634 735 769 777 neque
807 720 949 762 mundi
981 720 1072 762 finis
1111 726 1174 763 est
1202 720 1293 762 finis
1325 719 1497 777 imperii,
1517 719 1552 773 1)
1584 724 1630 760 ut

98 791 338 849 Propertius
387 790 426 832 V
462 791 508 845 ‚6‚
555 790 606 831 14
648 797 788 846 petere
830 790 970 847 possit,
1016 797 1072 844 ut,
1114 789 1212 832 dum
1251 790 1469 846 Augustus
1508 788 1626 842 adsit,

98 860 188 918 ipse
217 866 337 903 vacet
368 859 567 917 Iuppiter.
631 858 773 902 Grave
802 859 923 901 etiam
958 866 1031 913 est,
1061 859 1170 916 quod
1194 859 1258 902 vel
1290 859 1422 913 divus,
1456 858 1556 901 dum
1587 858 1628 899 in

99 930 185 974 vita
207 936 407 982 versatur,
450 930 669 985 Augustus
708 929 938 986 appellatus
971 936 1032 971 est
1063 930 1132 982 (cf.
1162 929 1321 972 Fincke
1353 930 1378 973 l.
1413 929 1438 972 l.
1471 945 1510 986 p.
1542 928 1627 982 15).

99 1000 191 1042 Iam
221 1014 320 1042 vero
351 999 531 1041 incertus
563 997 731 1056 quidam
755 1013 802 1040 co
835 998 1045 1055 processit,
1079 1005 1123 1040 ut
1144 998 1355 1041 Neronem
1386 998 1627 1056 principem,

100 1068 141 1111 in
174 1069 279 1111 vivis
310 1074 552 1121 morantem,
586 1067 686 1109 caeli
712 1074 888 1109 mentem
911 1067 1092 1124 solisque
1123 1067 1347 1124 imaginem
1372 1067 1628 1109 adulantium

100 1153 215 1182 more
257 1137 411 1181 diceret
451 1137 637 1190 (carmin.
678 1136 809 1180 bucol.
854 1137 1129 1180 Einsidlensia
1168 1137 1381 1180 Baehrens
1423 1153 1462 1195 p.
1492 1136 1542 1182 L.
1574 1152 1628 1180 m.

99 1207 165 1251 III
204 1223 318 1252 num.
354 1207 463 1250 XIX
501 1224 539 1251 v,
582 1207 669 1262 27).
732 1206 924 1249 Adversa
965 1207 1129 1249 fortuna
1169 1207 1224 1261 fit,
1266 1214 1310 1249 ut
1351 1206 1536 1263 litigetur
1578 1205 1629 1248 de

99 1277 274 1330 lectione
296 1277 398 1322 Hor.
422 1292 456 1322 c.
485 1277 550 1319 ΙΙΙ
574 1280 611 1331 3,
649 1277 713 1330 12,
747 1292 829 1334 quo
861 1277 951 1320 loeo
985 1277 1123 1318 multis
1147 1277 1333 1334 paullulo
1368 1276 1630 1319 verisimilius

101 1347 266 1390 videtur
295 1347 347 1390 ab
376 1346 550 1390 Horatio
593 1361 786 1404 praesens
825 1362 949 1404 quam
983 1347 1168 1389 futurum
1208 1353 1370 1404 tempus
1399 1346 1630 1389 adhibitum
1700 1378 1707 1383 .

100 1431 211 1472 esse3
239 1417 419 1475 legimus
448 1417 527 1459 sio:

375 1487 474 1530 Hac
501 1492 593 1530 arte
624 1487 783 1529 Pollux
816 1492 853 1529 et
884 1502 1014 1543 myas
1045 1487 1249 1530 Hercules

378 1557 538 1600 Enisus
570 1570 690 1600 arces
713 1559 855 1614 attiye't
889 1559 1044 1614 iyneas,

384 1627 495 1679 Quos
525 1629 637 1670 inter
664 1627 883 1683 Auqustus
912 1627 1150 1669 recumbens

381 1696 606 1753 Purpureo
639 1697 737 1739 bibit
768 1699 872 1751 (var.
906 1697 1027 1751 bibet)
1057 1712 1127 1740 ore
1158 1702 1316 1740 nectar.

103 1764 305 1808 Praesens
326 1766 555 1809 sententiae
579 1781 661 1809 non
685 1781 834 1810 nocere
855 1773 1145 1810 concesserunt
1166 1781 1258 1808 cum
1281 1765 1348 1807 alii
1372 1771 1457 1807 tum
1483 1764 1628 1808 Herm.

103 1833 283 1878 Schuetz
315 1834 386 1889 eis,
428 1850 535 1892 quae
576 1836 617 1877 in
650 1835 811 1878 Horatii
844 1836 1024 1878 editione
1065 1836 1194 1879 altera
1232 1834 1386 1890 (Berol.
1420 1833 1548 1889 1880)
1580 1832 1630 1875 ad

102 1903 212 1946 hunc
242 1903 379 1948 locum
407 1905 633 1959 annotavit,
666 1911 707 1948 et
734 1905 784 1949 C.
818 1905 890 1949 W.
921 1905 1068 1948 Nauck
1097 1906 1138 1947 in
1170 1921 1268 1947 suae
1290 1904 1452 1947 Horatii
1486 1903 1630 1947 editio·

103 1973 165 2015 nis
194 1973 312 2031 (LPS.
359 1974 487 2030 1885)
529 1990 570 2032 p.
601 1975 698 2019 1⁶29.
760 1975 1057 2033 Obloquuntur
1096 1975 1168 2020 Fr.
1199 1975 1334 2018 Ritter
1367 1974 1472 2018 Hor.
1506 1989 1631 2018 carm.

19 2034 39 2086 ὲ,
104 2048 146 2086 et
170 2043 291 2101 epod.
321 2042 420 2101 Lps.
465 2043 576 2087 1856
618 2059 657 2101 p.
690 2044 774 2087 2:22
815 2050 857 2087 et
885 2043 1100 2101 Kiessling
1131 2044 1233 2089 Hor.
1267 2059 1392 2088 carm.
1439 2050 1479 2086 ct
1510 2042 1630 2100 epod.

17 2131 22 2141 ·
103 2111 242 2157 Berol.
280 2112 403 2166 1884,
445 2113 576 2168 alii.2)
638 2111 739 2157 Sine
780 2113 905 2156 dubio
945 2129 1136 2171 praesens
1168 2114 1282 2156 verbi
1316 2114 1447 2155 forma
1478 2112 1632 2169 legitur

103 2181 126 2224 l
162 2183 198 2236 l,
231 2183 272 2236 6,
305 2181 417 2239 quod
448 2197 615 2226 carmen
646 2183 726 2226 huc
756 2198 962 2227 arcessere
993 2183 1124 2238 liccat,
1154 2183 1280 2241 siquis
1307 2183 1505 2226 concedat
1536 2197 1633 2226 vere

242 2277 266 2316 ¹)
291 2277 334 2309 ef.
359 2286 461 2309 earm.
494 2277 529 2308 in
565 2276 684 2309 laudes
719 2276 891 2318 Caesaris,
927 2277 1018 2320 quod
1052 2276 1090 2308 in
1117 2277 1257 2309 Anthol.
1292 2277 1370 2309 Lat.
1403 2280 1492 2320 part.
1527 2275 1632 2318 prior.

90 2333 184 2381 fue.
213 2335 243 2367 1.
277 2344 310 2376 p.
336 2335 414 2367 272.
452 2345 545 2368 num.
570 2335 637 2368 419
676 2333 749 2378 (ed.
774 2333 897 2374 Riese)
923 2335 1068 2378 legitur:
1106 2335 1180 2367 Icta
1213 2338 1285 2375 tuo,
1320 2335 1458 2376 Caesar,
1485 2333 1633 2366 fulmine

23 2390 39 2436 ζ,
88 2391 304 2435 procubuit,
331 2392 586 2435 Oceanumque
611 2396 686 2425 tuas
713 2392 807 2424 ultra
830 2402 867 2425 se
892 2392 1034 2436 respicit
1058 2403 1155 2425 aras:
1207 2392 1295 2433 Qui
1328 2391 1444 2424 finis
1471 2391 1633 2424 mundo

18 2459 34 2485 ρ
104 2452 191 2491 est,
217 2460 300 2483 non
327 2455 424 2483 erat
447 2451 656 2493 imperio.

241 2508 268 2547 2)
293 2507 422 2549 Invita,
448 2507 560 2549 eredo,
587 2507 749 2540 Minerva
772 2507 865 2540 hune
888 2508 1004 2540 locum
1028 2507 1191 2540 tractavit
1218 2508 1465 2551 Dillenburger
1491 2508 1633 2553 (Horat.

18 2563 34 2626 ζ’
105 2563 186 2597 edit.
212 2564 288 2599 v11.
314 2565 459 2599 Bonnae
480 2565 598 2608 1871),
624 2566 682 2608 qui
709 2565 814 2598 dicit:
842 2565 972 2598 bibet
997 2566 1146 2608 scripsi.
1165 2591 1172 2598 .
1191 2589 1199 2598 .
1218 2590 1227 2601 .
1252 2576 1296 2598 ne
1322 2566 1431 2600 honor
1458 2567 1519 2609 qui
1544 2578 1633 2599 mor-

105 2624 162 2654 tuo
188 2621 385 2664 deberetur,
414 2623 491 2656 vivo
517 2623 587 2656 iam
614 2623 764 2665 daretur,
798 2623 836 2656 id
861 2623 953 2666 quod
980 2623 1087 2665 fieret,
1112 2625 1140 2656 si
1167 2625 1289 2658 bibit.
1313 2625 1538 2664 scriberetur;
1574 2626 1633 2658 be-

104 2688 149 2712 ne
175 2689 256 2713 vero
282 2680 524 2713 Mitseherlich
551 2682 587 2713 in
613 2691 674 2714 sua
710 2681 848 2715 Horatii
881 2681 1036 2714 editione
1070 2682 1150 2724 Lps.
1179 2683 1267 2715 1800
1300 2682 1343 2714 ad
1378 2682 1399 2713 Ι.
1425 2683 1475 2714 111
1501 2694 1530 2714 c.
1557 2683 1577 2714 3
1604 2694 1633 2714 v.

107 2727 148 2768 1‘1
175 2740 210 2770 et
237 2739 278 2770 12
302 2740 351 2770 sie
375 2739 531 2782 scripsit:
568 2750 669 2782 quem
702 2739 740 2771 in
773 2740 874 2773 terris
899 2738 1017 2772 adhuc,
1049 2743 1243 2772 morantem
1279 2740 1430 2781 populus
1459 2741 1633 2772 Romanus
1698 2762 1704 2780 5

105 2793 232 2828 divinis
257 2797 531 2838 prosequebatur
555 2796 756 2840 honoribus,
786 2797 880 2830 huno
911 2801 1015 2840 poeta
1049 2796 1321 2841 εὖφαντασίωιυς
1355 2799 1391 2830 in
1426 2799 1522 2830 caelo
1555 2809 1632 2830 cum
1666 2781 1704 2847 ,ξ

107 2849 159 2884 dis
183 2852 431 2885 convivantem
462 2854 681 2896 nectarisque
707 2855 832 2888 haustu
864 2865 902 2887 se
935 2856 1153 2896 proluentem
1180 2855 1330 2889 exhibet.
1380 2856 1421 2889 cf.
1446 2856 1551 2887 etiam
1579 2856 1633 2889 Fr.
1656 2852 1668 2864 ‘¹
1697 2848 1702 2881 ἕ

106 2908 250 2943 Liibker
274 2910 467 2945 Comment.
492 2923 535 2946 zu
559 2913 687 2946 Horaz'
715 2913 815 2947 Oden
840 2925 874 2957 p.
901 2914 980 2948 334.
