1942 3308
869 235 1152 282 ...53-

251 365 587 426 terpretationem
620 363 910 409 commendare
942 375 1101 412 vereor.
1162 363 1274 419 Quid
1306 364 1429 421 enim,
1465 365 1497 408 si
1526 363 1776 411 subobscure

251 438 302 480 ad
332 438 451 480 sidus
479 438 731 494 Anqnstnm,
763 436 873 494 quod
904 437 980 478 sibi
1013 437 1198 494 iniquum
1231 443 1350 491 esset,
1383 435 1568 479 alludere
1597 436 1776 480 voluisse

251 514 413 565 poetam
446 507 606 548 audebo
639 505 852 548 statuere?
914 506 1094 562 Augusti
1127 505 1234 548 enim
1258 520 1410 548 numen
1443 505 1646 547 offensum
1674 512 1775 560 erat,

252 584 297 618 ut
328 577 367 617 in
401 575 581 618 eiusdem
615 575 773 631 elegiae
803 575 885 617 fine
916 575 1002 632 ipse
1041 575 1215 618 Ovidius
1247 575 1378 618 docet.
1442 574 1533 617 Hoc
1564 574 1687 617 modo
1716 574 1775 617 in-

251 652 546 703 terpretatum,
589 660 681 686 cum
723 645 820 686 satis
866 644 1082 686 commoda
1132 643 1280 686 evadat
1318 644 1521 686 sententia
1563 644 1776 702 multoque

251 722 450 772 quantum
494 714 689 772 perspexi
731 714 961 769 elegantior
1002 728 1125 770 quam
1164 714 1301 771 priore
1340 713 1574 771 explicandi
1605 728 1773 770 genere,

250 791 401 826 metam
434 798 499 825 me
530 783 714 838 attigisse
743 797 876 839 spero.

391 853 583 909 Denique
614 852 714 893 illud
746 851 796 893 ad
830 850 1135 892 dilucidandam
1168 857 1348 893 nostram
1373 851 1609 908 opinionem
1642 851 1775 895 faeere

250 921 377 979 possit
407 921 595 979 quamvis
636 920 727 963 leve
761 927 1027 973 momentum,
1072 920 1183 977 quod
1214 935 1266 962 ex
1300 920 1609 963 Antoninorum
1641 927 1775 963 aetate

251 991 374 1034 moris
406 997 506 1044 erat,
540 997 584 1032 ut
614 997 654 1032 et
681 996 776 1032 ante
806 989 1097 1046 imperatorem
1130 996 1169 1032 et
1201 996 1296 1032 ante
1327 990 1647 1047 imperatricem,
1677 1005 1777 1047 quo-

251 1061 505 1117 tiescumque
544 1060 584 1100 in
627 1058 836 1116 publicum
880 1058 1111 1115 prodibant,
1155 1059 1261 1114 ignis
1303 1065 1538 1115 portaretur
1580 1066 1623 1100 ut
1660 1059 1777 1116 quasi

251 1129 417 1187 quidam
450 1129 664 1186 symbolus
700 1128 772 1181 (cf.
805 1128 965 1170 Prcller
993 1127 1333 1184 Myth.R0m.11
1364 1129 1484 1182 441).
1518 1127 1778 1170 verecundia

250 1205 387 1240 autem
415 1199 651 1256 pietateque
690 1198 807 1239 illum
847 1212 900 1239 ex
933 1197 1130 1239 Matthaei
1171 1198 1390 1253 euangelio
1423 1197 1557 1239 locum
1587 1204 1776 1253 repetere

250 1268 483 1324 prohibeor,
515 1268 582 1310 ubi
613 1269 704 1309 Iesu
737 1267 891 1310 Christi
923 1267 1146 1308 adventum
1181 1282 1256 1324 per
1276 1267 1436 1309 stellam
1466 1268 1551 1309 eius
1583 1260 1777 1322 (εἴδομεν

249 1333 332 1394 γάρ
358 1330 535 1379 adzo&
562 1332 637 1380 τόν
667 1331 853 1391 ιῖστέρα)
886 1336 1016 1391 magis
1048 1335 1269 1377 indicatum
1294 1351 1382 1379 esse
1414 1336 1602 1391 legimus
1621 1336 1650 1392 ¹)

390 1405 510 1458 Quae
540 1406 678 1448 omnia
714 1406 746 1447 si
783 1420 874 1446 cum
906 1405 976 1458 eis,
1015 1420 1120 1461 quac
1151 1405 1251 1446 mihi
1283 1405 1508 1447 certissima
1545 1405 1777 1448 testimonia

250 1475 338 1518 visa
366 1483 472 1528 sunt,
506 1476 653 1518 iterum
678 1475 909 1532 iterumque
940 1474 1222 1531 pensitaveris,
1254 1474 1425 1516 dubium
1451 1490 1530 1517 non
1555 1475 1643 1529 erit,
1676 1475 1775 1532 quin

251 1546 444 1600 Augusto
477 1545 571 1588 vivo
602 1552 756 1586 astrum
790 1553 830 1587 et
856 1545 907 1586 ab
928 1543 1150 1600 astrologo,
1182 1543 1232 1585 de
1256 1559 1338 1601 quo
1361 1544 1629 1602 disputamus,
1663 1551 1704 1587 et
1724 1545 1776 1586 ab

250 1613 353 1668 aliis,
377 1615 564 1672 apprime
582 1614 725 1672 poetis,
749 1613 1000 1671 applicatum
1018 1613 1282 1670 dicatumque
1299 1614 1352 1654 sit
1373 1621 1566 1671 recteque
1583 1629 1661 1669 ego
1680 1614 1775 1656 istos

251 1682 409 1726 Manilii
430 1683 541 1726 locos
563 1699 687 1740 supra
705 1683 756 1725 de
779 1683 872 1724 vivo
898 1682 1146 1739 imperatore
1169 1682 1460 1739 interpretatus
1482 1683 1572 1727 sim.
1614 1682 1775 1734 Quodsi

250 1752 395 1795 sideris
426 1753 555 1794 instar
586 1753 877 1809 imperatorem
903 1752 1080 1794 Romani
1108 1751 1378 1804 honorabant,
1411 1752 1596 1808 intellegi
1627 1759 1772 1810 potest,

250 1837 324 1863 cur
354 1837 447 1864 eum
479 1822 611 1865 solum
649 1822 861 1864 stellarum
893 1821 1078 1862 cursibus
1110 1836 1190 1863 non
1229 1821 1442 1864 subiacere
1472 1822 1722 1879 putaverint.
1737 1822 1774 1876 2)

249 1891 400 1948 Neque
420 1892 582 1945 iniuria,
606 1906 698 1933 eum
718 1905 770 1933 ne
788 1891 897 1932 hunc
914 1890 1081 1947 quidem
1098 1890 1252 1932 cultum
1272 1890 1773 1947 repudiassetsAugustus,

251 1960 351 2002 nihil
399 1961 571 2002 deorum
617 1960 840 2002 honoribus
881 1959 1068 2002 relictum
1107 1974 1196 2001 esse
1237 1959 1354 2001 multi
1396 1960 1776 2002 sermocinabantur

250 2037 341 2087 post
378 2030 464 2073 eius
496 2044 722 2073 excessum.
738 2031 774 2082 3)
837 2028 962 2071 Addo
994 2028 1299 2070 Germanorum
1332 2028 1666 2086 imperatoribus,
1704 2029 1775 2087 qui

247 2100 456 2143 Romanos
489 2106 754 2156 exceperunt,
784 2098 937 2140 similes
970 2113 1280 2155 nonnumquam
1313 2098 1488 2140 honores
1518 2098 1653 2141 illatos
1685 2113 1775 2141 esse

248 2185 272 2211 a
303 2170 435 2226 poetis
464 2184 547 2211 non
576 2169 664 2210 sine
691 2168 879 2210 Romana
919 2168 1056 2224 aliqua
1086 2167 1335 2210 imitatione:
1377 2167 1575 2211 Walther
1605 2167 1772 2225 quidem

248 2238 380 2281 dictus
414 2237 768 2294 Vogelweidensis
797 2237 1061 2279 Austriaeum
1085 2252 1227 2293 regem
1250 2252 1341 2279 cum
1359 2236 1445 2279 sole
1475 2237 1664 2280 conferre
1691 2252 1772 2279 non

248 2307 473 2361 dubitat.4)
535 2307 659 2351 Unde
691 2307 872 2364 pendere
915 2313 1068 2363 putem,
1109 2306 1221 2363 quod
1258 2307 1299 2348 in
1340 2306 1635 2363 imperatorum
1678 2306 1772 2347 insi-

246 2377 410 2434 gnibuS,
458 2392 564 2434 quae
595 2376 791 2428 dicimus,
836 2376 951 2418 iuxta
981 2376 1115 2433 ipsum
1155 2376 1447 2433 imperatorem
1488 2382 1528 2418 et
1567 2375 1695 2418 solem
1733 2382 1774 2418 et

249 2446 400 2500 lunam,
425 2462 530 2503 quae
549 2446 726 2503 prodant
743 2446 996 2488 maiestatem
1014 2461 1060 2487 ac
1077 2445 1347 2499 divinitatem,
1371 2461 1467 2487 cusa
1485 2445 1770 2497 invenimus.⁵)

388 2609 410 2647 ί)
437 2608 559 2640 Matth.
585 2610 618 2650 2,
645 2610 662 2640 1
689 2611 723 2640 et
747 2610 767 2640 9
793 2611 828 2640 et
856 2610 907 2641 10.

384 2666 410 2704 2)
436 2665 542 2698 Firm.
569 2666 654 2698 Mat.
681 2666 735 2698 ed.
762 2666 867 2699 Basil.
893 2677 927 2708 p.
953 2666 1008 2698 44.

385 2723 412 2762 3)
437 2723 518 2755 Tac.
544 2733 623 2755 ann.
653 2726 681 2764 1,
712 2726 763 2756 10.

384 2779 413 2823 4)
438 2781 480 2812 ef.
513 2781 674 2814 Uhlands
705 2781 880 2814 Schriften
923 2792 981 2813 zur
1015 2780 1224 2814 Gesohiehte
1256 2780 1317 2812 der
1350 2778 1529 2821 Dichtung
1565 2778 1633 2811 und
1667 2777 1770 2821 Sage.

248 2838 311 2871 Bd.
337 2838 379 2870 V.
405 2837 578 2879 Stuttgart
603 2838 701 2870 1870.
727 2837 886 2870 Walther
911 2850 940 2870 v.
967 2837 999 2870 d.
1028 2839 1078 2880 V.,
1106 2838 1163 2870 ein
1189 2835 1423 2870 altdeutseher
1449 2836 1603 2878 Dichter,
1628 2846 1662 2877 p.
1690 2838 1745 2868 32.

386 2896 411 2935 5)
440 2894 687 2926 Winkelmann
727 2894 870 2938 Philipp
902 2905 934 2928 v.
960 2894 1155 2929 Schwaben
1191 2905 1222 2928 u.
1256 2895 1338 2928 Otto
1372 2905 1402 2926 v.
1436 2893 1712 2940 Braunschweig
1735 2894 1769 2928 11
