1910 3250
736 262 1017 304 ..73ss

339 389 391 425 Et
414 388 556 424 licitum
582 387 678 423 sciet
702 389 742 423 et
763 386 929 430 vetitum,
954 397 1048 433 quae
1072 397 1194 434 poena
1219 387 1402 432 sequetur,

339 445 544 492 Perpetuus
569 444 695 491 populi
719 444 864 491 privato
888 443 924 479 in
949 444 1074 479 limine
1098 444 1283 490 praetor.“

341 503 468 548 „Felix
494 505 654 548 aequato
680 502 823 547 genitus
847 502 916 537 sub
940 501 1104 548 pondere
1131 501 1289 536 Librae!

338 561 455 597 Iudex
480 571 636 595 examen
662 559 770 594 sistet
792 560 963 605 vitaeque
989 559 1161 605 necisque

338 618 582 664 Imponetque
607 617 730 662 iugum
755 617 861 652 terris
886 617 1058 662 legesque
1083 616 1243 661 rogabit,

338 675 443 711 Illum
469 676 578 710 urbes
604 676 641 709 et
664 684 779 719 regna
803 676 962 709 trement
988 676 1148 719 nutuque
1171 675 1344 719 regentur

338 732 468 776 Unius,
493 734 531 767 et
556 731 650 767 caeli
674 734 761 777 post
786 733 906 766 terras
930 731 1010 766 iura
1035 731 1268 766 manebunt.“

238 802 380 842 Mense
409 802 526 851 enim,
555 801 619 839 cui
648 800 741 839 inde
770 813 793 838 a
821 800 885 839 die
914 799 1025 838 XIX
1045 799 1196 838 Librae
1226 800 1386 849 signum
1414 803 1613 850 praeerat,

135 871 366 923 Septembri
394 875 532 909 natum
559 870 683 908 fuisse
713 882 813 918 eum,
844 881 960 918 quem
978 869 1193 919 Augustus
1215 868 1383 907 Tiberio
1414 868 1612 918 adoptan-

133 941 227 979 dum
244 939 370 988 dedit,
390 939 475 978 veri
495 940 656 978 videtur
675 939 934 985 simillimum,
954 942 1174 988 propterea
1195 938 1304 986 quod
1324 938 1364 975 in
1383 937 1614 976 memoriam

133 1009 264 1060 patris
296 1009 411 1047 illum
438 1021 611 1048 mensem
639 1007 830 1057 Caligula
858 1006 1140 1046 Germanicum
1167 1006 1403 1057 appellavit.
1416 1003 1444 1056 ¹)
1501 1005 1614 1054 Quae

223 1141 252 1187 ¹)
275 1141 446 1177 Momms.
472 1138 630 1176 chronol.
650 1138 756 1174 Rom.
782 1149 817 1184 p.
843 1139 922 1173 305.
947 1157 991 1164 —
1015 1138 1117 1174 Suet.
1136 1138 1254 1184 Galig.
1279 1149 1309 1174 c.
1329 1139 1381 1173 15.
1416 1137 1514 1172 Huic
1530 1136 1612 1173 loco

136 1198 242 1234 simul
270 1201 382 1244 atque
400 1198 501 1233 Acta
527 1197 678 1232 fratrum
708 1195 882 1230 arvalium
911 1195 958 1230 ab
976 1195 1157 1231 Henzeno
1183 1207 1215 1231 a.
1243 1196 1332 1231 1874
1354 1195 1527 1230 restituta
1551 1195 1614 1230 de-

137 1257 216 1292 dita
241 1265 329 1292 sane
355 1266 468 1302 opera
494 1254 718 1300 comparavi,
742 1253 929 1299 extemplo
947 1253 1033 1287 mihi
1051 1253 1196 1298 quidem
1213 1253 1379 1298 persuasi
1399 1252 1612 1288 Suetonium

136 1313 182 1349 de
206 1313 307 1348 nulla
333 1312 406 1347 alia
429 1324 468 1347 re
493 1322 640 1347 narrare
665 1311 734 1345 nisi
759 1310 804 1345 de
831 1311 1028 1346 honoribus
1052 1311 1107 1352 iis,
1131 1311 1193 1356 qui
1217 1310 1264 1344 ad
1291 1310 1369 1344 dies
1388 1313 1451 1344 aut
1467 1310 1613 1344 natales

90 1387 91 1395 1
138 1374 202 1406 aut
224 1370 409 1406 inferiales
435 1373 662 1416 spectavere.
699 1369 803 1404 Idem
829 1369 865 1402 iu
892 1369 967 1403 vita
984 1367 1067 1404 Oct.
1093 1379 1124 1403 c.
1152 1369 1216 1403 100
1235 1380 1254 1402 e
1279 1367 1468 1403 voluntate
1486 1367 1611 1413 populi

132 1428 292 1464 Romani
316 1426 426 1463 docet
450 1437 581 1462 nomen
608 1426 742 1461 mensis
768 1427 815 1461 ob
840 1426 936 1460 diem
962 1425 1160 1461 natalem
1184 1426 1250 1461 viri
1269 1425 1482 1461 celebrandi
1499 1417 1611 1460 fuisse

133 1484 442 1521 commutandum.
476 1483 563 1526 (Ufr.
583 1484 666 1520 adn.
684 1484 729 1528 8.)
764 1483 901 1527 Quodsi
926 1482 1183 1518 Germanicum
1204 1494 1328 1518 mense
1347 1482 1500 1518 Octobri
1518 1493 1612 1517 mor-

131 1544 232 1578 tuum
250 1544 290 1577 et
303 1552 390 1577 ossa
404 1541 481 1576 eius
495 1552 579 1576 vere
596 1552 628 1577 a.
642 1543 708 1577 773
723 1542 879 1576 Romam
896 1540 1093 1586 deportata
1108 1551 1188 1576 esse
1206 1541 1298 1575 inter
1312 1551 1440 1576 omnes
1455 1542 1613 1583 constat,

136 1602 197 1635 sat
222 1610 303 1635 esse
327 1599 521 1645 probabile
547 1610 692 1642 censeo,
718 1599 815 1645 quod
840 1599 914 1634 iam
940 1598 1136 1633 Haakhius
1162 1596 1210 1643 (in
1233 1598 1364 1644 Pauly.
1389 1597 1527 1643 encycl.
1545 1597 1612 1640 111,

130 1669 168 1705 p.
192 1659 276 1702 838)
309 1657 446 1703 posuit,
481 1657 517 1691 in
543 1655 799 1702 Septembrem
825 1667 989 1691 mensem
1014 1655 1186 1690 incidisse
1212 1656 1288 1690 eius
1313 1655 1475 1690 natalem
1501 1656 1614 1691 hanc-

131 1726 202 1762 que
236 1715 464 1751 extrinsecus
496 1715 604 1750 fuisse
638 1724 800 1758 causam,
836 1725 909 1759 qua
942 1713 1112 1758 Caligula
1145 1713 1324 1748 adductus
1356 1713 1415 1752 sit.
1451 1716 1491 1747 ut
1524 1711 1614 1748 Ger-

134 1771 318 1808 manicum
356 1782 540 1817 nunquam
578 1771 779 1817 principem
811 1771 911 1807 Julio
944 1774 982 1806 et
1013 1771 1183 1816 Augusto
1215 1774 1432 1817 apponeret.
1487 1770 1614 1816 Atque

134 1830 219 1866 huic
241 1829 375 1865 rationi
401 1829 587 1874 aliquanto
614 1828 787 1863 maiorem
814 1827 922 1863 fidem
947 1828 1154 1863 habendam
1181 1839 1262 1863 esse
1289 1828 1470 1871 existimo,
1503 1839 1612 1873 quam

132 1887 437 1925 coniecturae
468 1885 518 1920 illi
544 1886 723 1927 Henzeni,
756 1897 829 1931 qua
860 1889 1012 1932 recepta
1038 1886 1074 1920 in
1099 1885 1207 1921 Actis
1232 1885 1275 1921 fr.
1301 1897 1374 1921 arv.
1410 1886 1460 1932 (p.
1484 1885 1614 1920 XLIV

136 1947 175 1980 et
199 1955 294 1980 com.
316 1955 356 1990 p.
380 1944 438 1988 52)
465 1954 499 1979 a.
524 1943 558 1979 d.
581 1942 698 1978 VIIII
722 1943 795 1979 kal.
820 1944 951 1979 Junias
978 1943 1186 1979 Germanici
1211 1943 1374 1978 natalem
1401 1943 1511 1978 fuisse
1538 1954 1611 1978 cre-

131 2002 232 2038 dant.
281 2001 412 2048 Neque
438 2001 533 2036 enim
559 2012 604 2036 ea
629 2001 677 2035 ad
701 2001 804 2036 Acta
831 2012 863 2036 a.
886 2003 933 2035 40
957 2001 1109 2036 fundata
1134 2004 1192 2036 est
1215 2001 1252 2036 in
1277 2012 1462 2036 marmore
1487 2001 1614 2035 literas

130 2059 291 2095 maxime
315 2059 546 2094 necessarias
573 2058 619 2093 ad
644 2069 755 2093 unam
781 2069 907 2094 omnes
927 2059 1140 2102 continenti,
1163 2059 1281 2094 sedin
1300 2058 1385 2093 folio
1404 2058 1613 2100 chartaceo.

130 2119 172 2152 ut
189 2119 316 2152 auctor
339 2116 420 2163 ipse
446 2115 649 2160 confitetur,
681 2115 813 2151 valde
838 2116 1003 2151 mutilo
1028 2116 1184 2161 hincque
1210 2116 1355 2151 videtur
1379 2116 1414 2150 in
1442 2115 1613 2159 ambiguo

129 2173 420 2220 relinquendum,
462 2173 498 2208 in
544 2174 719 2209 honorem
767 2173 883 2219 patris
925 2184 972 2208 an
1009 2172 1131 2208 finti-is
1171 2184 1292 2208 annua
1330 2183 1438 2208 sacra
1473 2172 1615 2207 institui

132 2230 301 2277 Caligula
330 2231 489 2267 iusserit.
534 2230 632 2266 Nam
660 2231 857 2267 Suetonius
889 2232 1008 2266 tot-am
1035 2229 1247 2266 Germanici
1281 2233 1427 2275 gentem
1455 2240 1613 2265 comme-

131 2290 252 2324 morat
282 2287 343 2323 ino
374 2290 541 2334 tempore
576 2289 722 2334 publice
747 2289 962 2323 honoratam
991 2299 1073 2323 esse
1100 2291 1209 2334 atque
1235 2289 1338 2323 Acta
1361 2290 1399 2322 et
1423 2287 1508 2334 ipsa
1531 2288 1615 2323 hnic

134 2345 188 2380 rei
212 2345 426 2381 testimonio
449 2349 546 2381 sunt.
594 2346 736 2381 Deinde
762 2346 929 2380 dubitare
954 2345 1054 2389 licet,
1082 2346 1184 2381 Acta
1209 2357 1243 2381 a.
1266 2347 1312 2380 40
1337 2348 1374 2380 et
1398 2347 1442 2380 38
1466 2348 1614 2381 rectene

132 2402 250 2438 altera
282 2403 408 2438 alteris
440 2403 682 2449 suppleantur
706 2415 751 2438 an
776 2404 899 2449 potius
923 2404 960 2438 in
986 2414 1165 2439 marmore
1192 2415 1224 2439 a.
1250 2404 1295 2438 38
1320 2403 1447 2438 mutilo
1473 2414 1543 2438 non
1569 2402 1615 2438 de

135 2459 195 2494 die
219 2460 335 2496 natali
363 2459 574 2496 Germanici
599 2461 664 2496 sed
690 2460 735 2495 de
761 2461 834 2496 alio
861 2459 974 2505 (velut
998 2461 1166 2506 inferiali)
1197 2461 1334 2496 mentio
1359 2460 1435 2496 fiat.
1482 2460 1614 2506 Itaque

139 2517 305 2562 quamvis
342 2518 524 2563 ingenium
559 2518 726 2554 Henzeni
764 2529 898 2564 magna
930 2518 1104 2563 religione
1135 2529 1314 2562 reverear,
1350 2518 1460 2554 Actis
1493 2529 1526 2554 a.
1557 2519 1613 2562 38,

134 2583 230 2618 quae
263 2573 375 2620 paulo
401 2577 486 2609 ante
510 2575 672 2611 natalem
698 2576 784 2611 Divi
807 2576 969 2622 Augusti
992 2577 1184 2618 habentur,
1218 2587 1448 2622 nequaquam
1474 2576 1613 2610 dissua-

137 2629 308 2666 dentibus
333 2630 403 2666 feci
428 2641 510 2667 cum
532 2633 589 2676 iis,
621 2634 685 2678 qui
709 2633 966 2668 Germanicum
992 2634 1206 2680 Septembri
1230 2644 1354 2669 mense
1379 2636 1504 2668 natum
1531 2643 1613 2668 esse

137 2687 369 2732 arbitrentur,
405 2689 571 2734 necdum,
609 2691 707 2736 quod
738 2691 837 2726 istud
870 2695 984 2737 caput
1014 2692 1050 2726 in
1081 2691 1196 2726 Libra
1227 2691 1344 2737 posui,
1379 2691 1416 2725 in
1445 2691 1612 2726 timorem

135 2743 296 2789 perveni,
319 2755 366 2780 ne
390 2745 471 2790 quis
494 2745 638 2782 levioris
662 2747 698 2782 id
724 2758 805 2783 esse
829 2748 1002 2792 ponderis
1027 2748 1189 2783 iudicare
1216 2748 1345 2793 possit.
1371 2765 1410 2772 --
1439 2747 1552 2782 Plura
1568 2749 1614 2782 de

141 2811 187 2836 ea
210 2811 249 2836 re
280 2801 358 2846 (cfr.
384 2802 452 2838 Th.
476 2802 648 2839 Momms.
670 2803 704 2839 in
730 2803 857 2842 Herm.
883 2805 990 2842 XIII.
1014 2816 1050 2852 p.
1077 2804 1159 2851 246)
1191 2805 1283 2840 alias
1308 2806 1347 2840 et
1371 2804 1456 2840 alibi
1482 2804 1612 2840 dicam.
