1936 3392
829 289 880 329 51

146 455 227 494 quo
275 438 406 479 sidera
454 441 612 492 septem
661 439 739 490 per‘
779 433 841 475 bis
890 448 987 474 sena
1035 431 1174 473 volant
1222 435 1364 472 contra
1396 430 1572 472 nitentia

143 519 282 573 signa,
333 516 461 556 mixta
508 529 558 555 ex
606 513 775 554 diversis
824 514 1074 567 consurgunt
1113 509 1268 551 viribus
1301 514 1434 558 astra,
1475 508 1573 550 hinc

143 597 276 637 vicina
309 594 395 650 poli
427 592 612 648 caelique
642 592 740 633 hino
772 591 958 648 proxima
989 590 1185 640 flammis3
1227 603 1331 643 quae
1366 589 1462 644 quia
1495 588 1574 628 dis-

144 674 312 724 similis,
348 688 429 727 qua
460 675 644 728 pugnat,
684 675 886 726 temperat
918 668 998 720 a'e1·‚
1033 668 1281 721 fruqiferum
1313 667 1382 708 sub
1413 681 1454 708 se
1487 666 1574 708 red-

145 755 243 795 dunt
291 751 519 794 mortalibus
567 748 736 793 orbem.”

803 749 868 791 Ad
917 749 1027 790 huno
1059 762 1118 789 vs.
1154 746 1336 802 Scaliger
1376 749 1571 788 annotat:

146 833 238 884 „Ex
270 834 397 874 Arato
431 831 480 872 de
513 830 685 872 Zodiaco
718 829 770 870 ad
802 828 968 870 verbum
1003 841 1155 883 paene:
1191 824 1274 867 Ἐν
1311 828 1399 873 τοῖς
1433 822 1573 877 ἠέλιος

147 910 316 966 φέρεται
368 907 630 951 δυοκαίδεκα
676 912 802 958 πᾶσι,
856 904 986 948 πάντ’
1039 905 1242 947 ἐνιαυτὸν
1275 907 1394 956 ἄγων
1432 918 1440 927 ·
1479 919 1502 944 κ
1518 903 1573 944 αἱ

147 990 354 1043 οἱπερὶ
391 991 597 1031 τοῦτον
631 989 788 1029 ἰόντι
824 983 1044 1027 κύκλον
1077 983 1360 1032 ἀέξονται
1396 987 1572 1026 πᾶσαι

147 1073 237 1112 ἐπι
251 1084 274 1110 κ
287 1071 315 1109 ά
327 1085 350 1123 ρ
364 1085 424 1110 πψι
440 1083 461 1109 ο
477 1085 491 1108 ι
526 1058 559 1109 ὦ
574 1083 596 1123 ρ
613 1083 640 1108 α
654 1066 714 1110 ι.”
766 1066 846 1108 Sed
881 1070 1096 1107 contextus
1108 1097 1120 1116 ,
1156 1065 1191 1105 si
1226 1064 1326 1118 quid
1360 1063 1500 1114 video,
1536 1067 1575 1104 et

145 1150 349 1192 sententia
381 1154 422 1190 et
443 1146 567 1189 verba
587 1161 752 1203 prorsus
775 1150 872 1187 sunt
894 1145 989 1187 alia.
1041 1143 1230 1185 Ceterum
1254 1142 1417 1184 difficile
1441 1147 1503 1184 est
1525 1142 1575 1183 de

146 1229 376 1270 imitatione
409 1227 615 1278 iudicare,
640 1241 734 1268 cum
756 1225 989 1281 complura,
1013 1239 1118 1279 quae
1141 1223 1340 1264 Manilius
1363 1227 1576 1264 mutuatus

147 1309 232 1349 &sse
263 1306 392 1348 videri
426 1306 552 1362 possit
586 1320 636 1347 ex
664 1306 814 1354 Arato,
851 1303 1019 1345 fortasse
1043 1307 1132 1344 orta
1155 1302 1238 1344 sint
1261 1317 1282 1343 e
1305 1301 1577 1343 similitudine

147 1390 502 1442 argumentorum,
538 1389 585 1426 ut
618 1383 663 1434 I,
699 1384 786 1425 475
820 1372 934 1438 seqq.
970 1387 1011 1423 et
1043 1382 1161 1424 Arati
1196 1383 1283 1423 451
1320 1395 1432 1436 seqq.

211 1464 382 1506 Constat
403 1464 532 1519 igitur
553 1462 772 1504 Manilium
795 1463 912 1504 Arati
936 1475 1038 1517 opus
1061 1460 1209 1516 legisse
1216 1478 1228 1512 ς
1253 1460 1324 1502 sed
1346 1460 1469 1511 ordo,
1494 1474 1576 1515 quo

148 1543 281 1585 sidera
313 1541 506 1584 describit
538 1546 734 1596 uterque,
759 1541 1052 1596 descriptiones
1075 1541 1185 1595 ipsae
1208 1544 1249 1581 et
1274 1537 1394 1581 verba
1414 1539 1448 1581 si
1471 1553 1577 1581 com-

152 1626 376 1678 ponuntur,
412 1625 579 1677 apparet
610 1621 728 1662 Arati
762 1635 865 1676 opus
898 1634 982 1661 non
998 1619 1178 1661 multum
1201 1619 1401 1675 profuisse
1423 1622 1578 1660 nostro.

212 1699 401 1741 Ceterum
436 1699 596 1741 videtur
618 1699 848 1741 litterarum
873 1698 1119 1740 Grae-carum
1143 1713 1227 1739 non
1249 1698 1418 1753 ignarus
1439 1697 1576 1740 fuisse.

150 1778 322 1820 Iliadem
369 1782 412 1820 et·
442 1776 666 1834 Odysseam
701 1777 827 1834 legit,
852 1779 879 1834 ¹)
939 1777 1167 1819 Hesiodum
1206 1777 1375 1819 nomino
1411 1776 1577 1828 laudat,

151 1859 229 1900 etsi
262 1860 524 1913 argumenta,
559 1872 664 1912 quae
697 1858 740 1898 in
773 1856 846 1898 illo
878 1871 920 1898 se
954 1856 1102 1912 legisse
1135 1857 1216 1907 ait,
1257 1857 1301 1898 in
1335 1857 1577 1908 Hesiodeis,

152 1951 254 1992 quae
286 1941 460 1978 aetatem
493 1935 702 1987 tulerunt,
738 1951 819 1978 non
852 1941 951 1978 sunt
984 1935 1129 1987 obvia,
1154 1936 1472 1993 mythographos
1496 1951 1577 1978 non

152 2016 350 2072 neglexit,
377 2015 409 2071 ²)
459 2030 591 2072 neque
624 2015 774 2072 lyricos
796 2015 826 2069 3)
865 2020 1032 2072 poetas,
1064 2030 1198 2070 neque
1229 2016 1471 2070 tragicos,‘¹)
1507 2030 1579 2057 nec

198 2188 222 2227 ¹)
269 2190 316 2220 Cf.
353 2191 383 2225 1.Ι
420 2191 499 2220 410:
549 2198 628 2226 „nec
665 2189 783 2219 clarius
819 2190 940 2219 astrum
978 2189 1030 2227 (de
1066 2188 1220 2219 Canicula
1255 2189 1377 2226 agitur)
1413 2189 1580 2227 tinguitur

154 2246 299 2277 Oceano⁷’
337 2248 370 2276 et
397 2246 510 2276 Iliaci:
547 2246 590 2281 V,
619 2247 652 2276 5:
700 2235 747 2282 ὃς
797 2234 1001 2289 (Σείριος)
1053 2249 1094 2275 τε
1144 2231 1330 2287 μάλιστα
1383 2231 1578 2289 λαμπρὸν

154 2299 424 2355 παμφαίνῃσι
485 2295 740 2351 λελουμένος
789 2295 1048 2348 Ὠκεανοῖος
1097 2309 1131 2343 Ι,
1157 2309 1242 2338 501:
1282 2309 1368 2344 „Iam
1393 2309 1484 2345 tum,
1510 2318 1577 2339 cum

154 2362 268 2393 Graiae
292 2363 461 2393 verterunt
485 2362 640 2399 Pergama
663 2361 795 2398 gentes,
812 2361 929 2391 Arctos
946 2362 981 2391 et
997 2360 1095 2391 Orion
1113 2360 1257 2390 adversis
1274 2361 1437 2391 frontibus
1451 2360 1578 2395 ibant'‘‚

155 2419 190 2448 et
206 2417 476 2456 odyss.v,274:
501 2405 567 2459 ἣτ’
604 2404 835 2462 (”Αρκτος)
870 2405 999 2447 αὐτοῦ
1035 2403 1259 2460 στρέφεται
1294 2406 1366 2447 καὶ
1403 2405 1440 2448 τ’
1465 2404 1581 2459 Ὠρί-

153 2483 244 2510 ωνα
297 2466 476 2511 &oufdn-
523 2480 698 2510 Praeterea
731 2480 842 2510 multis
878 2480 960 2510 loeis
996 2481 1188 2517 argumenta
1223 2481 1392 2518 utriusque
1428 2479 1579 2510 carminis

155 2532 388 2563 commemorat.

200 2589 227 2631 ἵ)
274 2592 320 2623 cf.
344 2593 541 2632 prooemium
563 2591 638 2623 libr.
663 2592 694 2622 11
719 2593 754 2622 et
777 2592 836 2622 111.

199 2651 226 2691 ⁸)
273 2653 412 2693 Sappho.
442 2670 477 2676 -—
504 2655 534 2687 1,
559 2653 642 2685 469:
690 2654 886 2692 „Praecipue
922 2654 1027 2684 medio
1065 2662 1132 2684 cum
1168 2653 1243 2684 luna
1267 2653 1421 2692 impletur
1444 2654 1476 2684 in
1502 2655 1578 2685 orbe

157 2714 211 2752 (ef.
234 2723 307 2754 pag.
331 2715 397 2753 33).

202 2773 227 2812 ⁴)
274 2766 325 2806 cf(
346 2776 375 2811 1.
401 2776 460 2806 26:
495 2776 591 2814 „Quis
616 2776 700 2806 enim
726 2775 942 2807 condentibus
967 2777 1033 2808 illis
1058 2777 1149 2816 (deos
1173 2777 1268 2815 dicit)
1295 2777 1465 2815 clepsisset
1490 2778 1577 2807 furto

158 2830 322 2865 mundum,
359 2840 419 2867 quo
444 2832 560 2878 cuneta¹
583 2832 782 2868 reguntur?“
809 2841 878 2862 cum
903 2832 999 2870 Soph.
1024 2819 1137 2870 fragm.
1163 2833 1227 2863 659
1253 2833 1394 2871 (Dind.):
1443 2819 1576 2862 ’AM‘

149 2879 206 2934 ,οὐ
258 2883 336 2935 γὰρ
368 2883 425 2923 ἂν
468 2883 521 2923 τὰ
556 2886 655 2923 θεῖα
689 2886 967 2937 κρυπτόντων
1003 2886 1119 2927 θεῶν
1153 2887 1316 2938 μάθοις
1349 2887 1431 2937 ἄν,
1484 2882 1576 2925 οὐδ’

159 2945 194 2984 εἷ
228 2943 356 2987 πάντ’
393 2942 642 2992 ἐπεξέλθοις
677 2947 867 2991 σκοπῶν.
