1872 3250
290 200 374 241 862
795 204 1009 239 ThBreiter:
1029 217 1072 239 zu
1093 204 1277 242 Manilium.

287 313 364 349 lieh
385 312 506 350 heiszt
521 325 560 350 es
577 313 655 350 565
672 314 816 350 roravit
835 315 868 350 et
886 313 1024 350 undas.
1057 312 1187 349 woher
1207 312 1309 349 denn
1330 312 1397 350 das
1418 313 1553 350 zweite
1569 312 1630 351 et‘?
1660 314 1782 352 Jacob

290 369 399 415 sagt:
424 367 533 415 ‘puto
553 369 606 404 in
624 368 786 415 undas';
810 367 960 404 freilich
982 366 1109 404 wohin
1128 367 1226 404 auch
1246 366 1384 405 sonst‘?
1425 367 1590 405 Stoeber
1616 369 1782 407 erklssirt:

288 422 406 459 undis
440 423 604 459 marinis
638 423 815 460 lacrimas
848 433 941 459 suas
975 423 1086 468 quasi
1113 425 1285 460 rorantes
1308 425 1438 470 yuttas
1465 423 1687 469 immiscuit,
1716 423 1780 462 dh.

290 476 454 513 Stoeber
464 476 592 513 liefert
611 476 672 512 die
694 477 801 513 hier
821 477 1085 514 fehlenden
1105 477 1281 516 thrfinen.
1311 476 1432 514 Barth
1449 479 1535 526 sagt
1549 477 1668 516 offen:
1688 479 1783 516 ‘non

291 532 351 568 est
371 531 586 578 genuinum
605 542 736 569 rorare
755 532 912 569 undas.’
943 531 1004 568 ich
1019 534 1194 568 vermute
1209 534 1242 569 et
1257 542 1367 569 casus
1385 533 1565 570 miserata
1583 536 1667 571 tuos
1678 533 1782 581 plo·

285 587 414 623 ravit
441 589 482 623 et
510 597 665 623 annos
688 585 772 634 (das
790 586 964 635 ungluck
986 587 1054 623 der
1073 586 1246 635 Alcyone
1267 587 1346 623 und
1366 587 1448 624 ihre
1463 585 1647 636 jugend).

397 639 431 675 V
452 641 530 678 589
553 652 649 687 quae
667 644 736 678 tua
754 644 846 679 tunc
863 641 990 687 fuerat
1008 641 1153 687 facies?
1172 652 1268 688 quas
1286 641 1387 690 fuyit
1405 642 1448 679 in
1466 653 1586 680 maras

553 697 741 742 spiritus?
768 699 812 734 ut
830 700 904 734 toto
925 699 1131 734 caruerunt
1149 697 1339 744 sanquine
1357 697 1554 734 membra?

552 762 638 788 cum
657 754 725 789 tua
743 751 827 797 fata
847 753 950 789 cavis
969 763 988 789 e
1005 751 1167 799 rupibus
1185 753 1270 798 ipsa
1289 752 1433 790 videres

551 806 830 853 adnantemque
849 807 919 844 tibi
931 818 1097 853 poenam
1112 806 1342 854 pelayusque
1359 806 1557 854 ferentem,

468 865 532 895 593
553 862 740 907 quantula
758 862 902 908 praeda
922 862 1070 899 maris?
1108 863 1258 907 quassis
1275 862 1335 899 hic
1352 862 1523 900 subvolat
1541 863 1616 901 alis

549 915 712 953 Perseus
732 920 764 954 et
784 917 883 954 eaelo
897 917 1069 963 pendens
1087 917 1279 954 iaculatur
1295 917 1339 954 in
1357 917 1512 954 hostem.

287 969 366 1006 593
395 970 516 1008 maris
542 972 698 1017 quantis
724 972 784 1008 hic
811 970 946 1020 GLC,
975 973 1122 1018 quartis
1142 970 1218 1007 Vl.
1241 971 1285 1019 23
1311 972 1429 1009 undis
1449 970 1502 1018 G,
1534 972 1609 1010 alis
1627 983 1674 1013 ω.
1717 973 1780 1010 die

288 1023 527 1062 zahlreichen
554 1026 806 1074 anderungen
834 1027 1000 1073 (quassis
1019 1027 1141 1064 Jacob
1154 1055 1164 1073 ,
1179 1027 1333 1073 plausis
1352 1025 1542 1075 Bentley,
1561 1027 1627 1065 sed
1637 1029 1780 1075 pennis

283 1079 456 1117 subvolat
484 1080 557 1118 alte
579 1080 768 1129 Scaliger)
798 1081 884 1118 sind
914 1082 1033 1118 durch
1062 1082 1124 1119 die
1148 1081 1269 1118 lesart
1288 1081 1356 1117 der
1375 1081 1584 1130 geringern
1604 1082 1682 1120 lass,
1702 1083 1780 1121 alis

285 1134 511 1172 veranlaszt.
544 1135 605 1172 die
625 1135 745 1174 lesart
765 1137 804 1173 in
822 1134 855 1173 G
872 1136 981 1173 fiihrt
1001 1136 1070 1173 auf
1085 1137 1272 1183 quantula
1285 1137 1433 1182 praeda
1451 1137 1572 1174 maris
1591 1139 1778 1184 quanti.

283 1188 412 1226 solche
438 1190 683 1238 wendungen
710 1191 807 1228 liebt
835 1191 939 1228 Man.
959 1187 1054 1242 (vgl.
1073 1191 1091 1228 I
1108 1192 1158 1228 57
1178 1194 1396 1238 quantaque
1415 1203 1530 1238 quam
1542 1193 1661 1239 parvi
1678 1192 1778 1238 faee-

281 1246 366 1281 rent
385 1244 609 1282 discrimina
623 1242 778 1296 motus).
810 1246 947 1282 darauf
959 1246 1105 1284 konnte
1117 1246 1247 1294 folgen
1262 1247 1321 1283 hic
1333 1246 1523 1284 subvolat:
1546 1247 1608 1284 ein
1623 1247 1776 1285 soleher

283 1297 412 1336 hiatus
432 1300 472 1336 in
494 1300 562 1336 der
582 1305 692 1337 easur
717 1301 829 1338 liesze
850 1301 931 1338 sich
951 1301 1192 1350 verteidigen
1212 1297 1326 1352 (Hor.
1347 1312 1403 1340 ca.
1422 1300 1442 1337 I
1462 1300 1536 1348 28,
1558 1301 1611 1338 24
1629 1302 1777 1341 ossibus

281 1356 315 1390 et
341 1355 457 1401 capiti
484 1355 700 1404 inhumat03
721 1355 841 1404 Verg.
859 1367 983 1404 yeory.
1005 1355 1025 1393 I
1046 1357 1122 1394 281
1145 1359 1200 1394 ter
1217 1359 1309 1394 sunt
1328 1357 1454 1394 eonati
1471 1357 1653 1403 inponere
1671 1357 1776 1395 Pelio

284 1406 450 1457 Ossam).
478 1409 539 1446 ich
555 1411 706 1448 mlichte
722 1411 789 1448 ihn
805 1412 929 1448 einem
941 1411 1124 1448 Manilius
1141 1411 1248 1448 nicht
1263 1410 1507 1460 aufdrengen
1523 1410 1601 1448 und
1618 1411 1775 1461 schlage

281 1467 391 1502 tunc
411 1459 491 1514 (ἴθ’)
515 1477 595 1502 vor.
638 1467 709 1503 mit
730 1466 980 1514 berichtigter
999 1466 1291 1513 interpunction
1310 1466 1389 1503 lese
1407 1465 1489 1503 ich:

604 1524 646 1558 ut
663 1524 737 1558 toto
756 1524 962 1559 caruerunt
980 1522 1170 1569 sanquine
1189 1521 1376 1566 membra,
1397 1532 1483 1558 cum
1503 1548 1513 1558 .
1536 1549 1545 1558 .
1564 1520 1775 1566 ferentem?

545 1577 733 1622 Quantula
749 1577 895 1623 praeda
914 1578 1035 1614 maris
1054 1577 1214 1623 quanti!
1242 1579 1333 1614 tune
1350 1575 1522 1614 subvolat
1541 1577 1658 1614 undis
1677 1588 1774 1614 usw.

397 1629 433 1665 V
454 1631 532 1668 609
553 1631 706 1668 tandem
725 1631 908 1677 confossis
926 1632 1092 1669 subsedit
1112 1631 1220 1668 belua
1238 1631 1434 1676 membris,

538 1686 657 1732 plena
676 1687 797 1723 maris
814 1698 1056 1732 summasque
1075 1688 1211 1724 iterum
1231 1686 1410 1723 remeavit
1427 1685 1480 1723 ad
1498 1685 1636 1725 undas.

284 1741 365 1779 610
383 1743 557 1788 regnavit
576 1740 678 1777 LV2
691 1770 700 1784 ,
728 1743 877 1779 renavit
898 1740 970 1778 GO
982 1741 1048 1778 Lc.
1091 1741 1158 1778 das
1179 1741 1288 1777 fiihrt
1307 1741 1398 1778 aber
1417 1739 1486 1777 auf
1508 1742 1773 1779 renatavit.

392 1795 428 1832 V
450 1797 530 1834 620
550 1797 720 1842 quisquis
738 1798 782 1833 in
801 1795 1067 1834 Andromedae
1085 1796 1275 1843 suryentis
1293 1798 1461 1841 tempora
1474 1798 1593 1842 ponto

541 1853 732 1896 nascitur,
752 1852 899 1888 inmitis
916 1852 1037 1888 veniet
1052 1862 1268 1900 poenaeque
1286 1851 1461 1887 minister

542 1907 703 1944 carceris
722 1909 756 1943 et
775 1907 865 1944 duri
885 1909 1017 1951 custos,
1038 1917 1110 1952 quo
1130 1908 1254 1943 stante
1272 1905 1473 1951 superbe

535 1964 753 2008 prostratae
772 1963 922 1999 iaceant
941 1962 1166 1998 miserorum
1183 1963 1228 1998 in
1246 1961 1376 2011 limine
1395 1962 1535 1998 matres
1582 1978 1585 1981 ⁴

534 2019 803 2063 pernoctesque
815 2019 948 2062 patres
968 2017 1125 2062 cupiant
1145 2019 1310 2053 extrema
1327 2026 1487 2052 suorum

457 2076 521 2107 625
542 2072 670 2109 oscula
689 2074 723 2108 et
740 2073 785 2109 in
799 2073 977 2118 proprias
996 2072 1169 2108 animam
1188 2070 1397 2116 transferre
1415 2070 1610 2108 medullas.

544 2127 807 2173 carnificisque
826 2127 927 2164 venit
946 2129 1102 2164 mortem
1120 2126 1316 2163 vendentis
1333 2126 1459 2173 imaqo

539 2193 784 2228 accensasque
802 2193 910 2229 royos
929 2185 962 2219 et
980 2193 1000 2219 s
1013 2182 1206 2218 trietam
1224 2191 1334 2228 saepe
1351 2191 1582 2227 securem;

539 2237 766 2283 supplicium
784 2237 942 2284 vectiqal
960 2238 1052 2281 erit‚·
1072 2237 1138 2282 qui
1157 2236 1316 2282 denigme
1328 2238 1455 2282 posset

533 2292 762 2338 pendentem
782 2303 834 2329 ex
851 2292 1014 2338 scopulis
1032 2293 1158 2337 ipsam
1171 2291 1335 2337 pendere
1348 2290 1531 2336 puellam.

459 2351 523 2382 630
543 2348 754 2384 vinctorum
774 2347 952 2384 dominus
970 2347 1164 2392 sociusque
1183 2347 1226 2382 in
1242 2348 1352 2392 parte
1370 2345 1539 2391 calenae3

539 2402 781 2438 interdum
795 2403 930 2448 poenis
949 2402 1153 2439 innoxia
1173 2411 1330 2447 corpora
1348 2401 1485 2436 servat.

274 2456 351 2493 622
378 2457 537 2508 superbe
554 2469 594 2503 03
622 2455 793 2504 Bentley
811 2457 987 2503 superbo;
1016 2456 1077 2493 ich
1097 2455 1199 2492 ziehe
1220 2455 1286 2491 das
1303 2453 1528 2490 adverbium
1544 2450 1607 2501 (zu
1623 2452 1766 2499 stante)

272 2523 354 2549 vor.
382 2511 423 2548 in
439 2512 518 2548 6:26
535 2511 603 2548 hat
619 2509 652 2547 G
667 2512 861 2554 vincentis,
882 2511 974 2548 aber
994 2511 1055 2547 bei
1075 2511 1090 2547 i
1109 2510 1189 2547 und
1209 2521 1228 2547 c
1246 2510 1298 2546 ist
1318 2509 1476 2547 radiert.
1505 2508 1624 2545 daher
1643 2507 1766 2546 findet

272 2566 351 2604 sich
378 2567 418 2603 in
439 2565 535 2603 CVl
549 2566 603 2602 Lc
623 2567 823 2611 vincentis,
855 2566 896 2602 in
917 2564 1020 2602 LV2
1041 2565 1230 2602 vinolentis
1259 2562 1371 2612 (ganz
1401 2562 1555 2600 §hulieh
1582 2563 1635 2600 ist
1662 2575 1702 2600 es
1723 2563 1765 2600 in

271 2634 307 2659 v.
337 2619 447 2670 652).
493 2621 690 2658 vendentis
716 2620 768 2658 ist
795 2620 912 2657 allein
940 2620 1102 2668 richtig,
1131 2619 1210 2656 und
1237 2619 1361 2657 davon
1382 2618 1506 2666 hangt
1525 2618 1574 2655 ab
1593 2621 1761 2666 mortem,

270 2688 444 2715 accensos
477 2687 602 2724 royos,
637 2677 806 2713 strictam
841 2687 951 2722 saepe
981 2686 1157 2713 securem.
1223 2674 1264 2710 in
1300 2673 1378 2711 627
1406 2673 1532 2722 geben
1558 2673 1688 2710 stricta
1717 2684 1759 2720 ος

269 2737 400 2770 secure
421 2730 469 2780 C,
497 2742 624 2769 secure
644 2730 697 2776 G,
730 2732 852 2768 securi
878 2731 975 2768 nach
1003 2730 1126 2767 Jacob
1148 2741 1182 2767 ω
1205 2728 1271 2777 (Ῥ).
1312 2728 1373 2765 die
1401 2728 1500 2764 form
1526 2738 1691 2765 securem
1710 2727 1763 2764 ist

274 2787 374 2824 wohl
402 2786 579 2835 hfiufiger
606 2786 662 2823 als
689 2787 849 2823 securim
877 2783 979 2833 (hier
1007 2784 1224 2832 vergleiche
1251 2783 1312 2821 ich
1341 2783 1556 2821 destrictam
1574 2785 1764 2819 cernentes

271 2853 417 2880 ccurem
445 2841 580 2881 Livius
610 2840 706 2877 VIII
728 2842 749 2878 7
761 2869 770 2886 ,
794 2841 858 2878 20.
888 2840 943 2877 IX
968 2842 1015 2877 16
1027 2869 1036 2886 ,
1062 2841 1124 2877 17.
1160 2838 1221 2876 III
1242 2839 1292 2876 36
1306 2867 1315 2885 ,
1352 2838 1397 2886 43
1428 2836 1504 2875 Cic.
1534 2838 1578 2875 in
1612 2835 1765 2875 Verrem
