1930 3320
860 676 1070 754 CAPUr
1093 705 1378 763 QUINTUM

700 897 822 934 QUAM
857 897 963 928 VERE
997 896 1215 928 POETICAM
1248 897 1532 928 FACULTATEM

652 978 856 1010 MANILIUS
900 979 943 1008 IN
978 977 1299 1009 ASTRONOMICIS
1334 978 1591 1010 EXHIBUERIT

432 1146 512 1186 Sed
528 1146 616 1198 jam
637 1146 901 1193 destinatum,
923 1149 967 1184 ut
988 1145 1044 1184 ait
1064 1145 1272 1196 Virgilius,

872 1244 1008 1289 Spatiis
1029 1243 1259 1279 confecimus
1278 1254 1423 1289 aequor,

567 1297 611 1331 Et
627 1296 708 1342 jam
727 1299 875 1342 tempus
898 1307 1037 1342 equum
1057 1296 1242 1331 fumantia
1259 1297 1400 1331 solvere
1421 1296 1531 1331 colla.

380 1396 500 1442 Nam,
526 1395 635 1446 quod
661 1394 762 1433 mihi
791 1406 1089 1446 proposueram
1110 1407 1228 1445 opus,
1251 1407 1376 1445 quam
1402 1392 1685 1445 probabilibus
1707 1396 1748 1432 et
1766 1393 1855 1445 qui-

386 1459 559 1497 busdam
593 1458 716 1497 etiam
741 1471 817 1509 pro
846 1470 887 1496 re
915 1458 1150 1496 certissimis
1179 1458 1338 1496 indiciis
1365 1457 1604 1504 monstravi,
1627 1469 1750 1508 quem
1773 1456 1858 1496 sine

383 1522 471 1561 ulla
491 1534 615 1561 causa
634 1522 848 1561 Manilium
870 1521 1035 1560 nomine
1060 1521 1193 1560 dicere
1214 1521 1406 1569 solemus,
1432 1521 1722 1560 scholasticum
1741 1519 1858 1559 illum

384 1586 508 1625 fuisse
544 1589 726 1636 poetam,
759 1586 829 1636 qui
863 1585 1056 1624 extremis
1088 1585 1348 1636 potissimum
1381 1585 1554 1634 Augusti
1588 1584 1856 1635 temporibus,

382 1653 592 1688 astrorum
628 1649 710 1688 vim
744 1662 790 1688 ac
824 1648 996 1688 virtutes
1034 1648 1111 1687 sibi
1145 1648 1368 1700 susceperit
1402 1647 1662 1687 evolvendas.
1698 1648 1746 1686 In
1778 1659 1860 1699 quo

384 1716 575 1764 poemate
597 1713 718 1752 docui
739 1712 896 1750 nullam
916 1712 1240 1763 philosophiam,
1262 1724 1309 1750 ac
1334 1724 1384 1750 ne
1405 1712 1577 1750 stoicam
1604 1710 1784 1763 quidem,
1807 1711 1860 1750 ob

385 1776 601 1815 veritatem
617 1780 689 1815 aut
703 1776 830 1815 ullam
847 1776 1062 1814 scribentis
1078 1775 1383 1826 persuasionem
1400 1775 1649 1824 arcessitam,
1662 1774 1748 1822 sed,
1764 1774 1861 1826 quia

386 1839 605 1879 luculentis
640 1839 824 1879 versibus
863 1843 903 1878 et
943 1839 1167 1890 grandibus
1208 1851 1377 1889 poeseos
1412 1837 1609 1877 tractibus
1647 1837 1861 1876 materiam

385 1903 554 1943 uberem
577 1907 808 1955 praestaret,
830 1902 922 1942 ideo
944 1915 1018 1954 per
1038 1906 1170 1941 totum
1191 1914 1294 1953 opus
1313 1902 1549 1952 adspersam
1567 1900 1712 1949 fuisse3
1729 1905 1861 1940 astro-

388 1967 538 2006 nomiae
560 1971 712 2014 autem,
734 1967 775 2005 in
801 1979 883 2018 qua
903 1970 944 2005 et
969 1966 1118 2017 saepius
1142 1969 1254 2004 errat
1279 1977 1353 2004 nec
1374 1965 1492 2003 valde
1519 1977 1663 2019 curare
1686 1964 1860 2011 videtur,

389 2043 441 2070 ne
461 2035 583 2079 erret,
604 2043 697 2069 cum
722 2043 867 2082 parum
892 2030 1083 2080 peritum,
1106 2033 1192 2068 tum
1213 2041 1361 2080 parum
1383 2029 1589 2068 curiosum
1609 2028 1725 2067 illum
1746 2027 1865 2067 exsti-

389 2094 505 2144 tisse;
526 2094 627 2145 quin
646 2106 696 2132 ne
723 2093 1014 2143 astrologicam
1035 2093 1202 2144 quidem
1230 2093 1431 2131 rationem
1453 2091 1614 2143 penitus
1635 2097 1706 2131 aut
1725 2090 1866 2142 cogni-

387 2160 472 2195 tam
501 2157 553 2195 ab
585 2169 633 2195 eo
666 2160 737 2195 aut
769 2157 1020 2195 intellectam
1044 2156 1182 2203 fuisse,
1212 2156 1417 2207 etiamque
1450 2167 1529 2194 non
1561 2167 1698 2194 errore
1726 2154 1863 2205 aliquo

390 2224 539 2272 poetae,
560 2220 630 2259 sed
649 2233 841 2271 expressa
859 2220 1036 2271 quadam
1059 2220 1275 2271 voluntate·
1292 2220 1348 2258 ita
1369 2219 1652 2270 depravatam,
1674 2222 1719 2256 ut
1739 2218 1865 2256 scien-

390 2284 457 2322 tiae
476 2284 576 2323 fides
594 2284 808 2334 elegantiae
829 2283 1027 2322 orationis
1048 2283 1222 2322 cederet.
1239 2282 1364 2333 Cujus
1378 2282 1504 2333 igitur
1524 2281 1621 2320 artis
1642 2281 1866 2320 acerrimus

391 2351 555 2386 amator
580 2352 699 2397 esset,
729 2360 854 2398 quam
882 2347 1176 2385 studiosissime
1210 2350 1251 2385 et
1281 2349 1521 2397 sequeretur
1554 2349 1594 2383 et
1625 2345 1863 2396 explicaret,

390 2422 475 2449 non
501 2410 808 2462 philosophiam
836 2410 952 2449 illam
979 2423 1066 2449 esse
1099 2409 1349 2448 credendum
1377 2413 1436 2447 est
1464 2413 1534 2447 aut
1568 2407 1865 2447 astronomiam

392 2474 462 2513 sed
486 2473 828 2512 versificationem
854 2478 893 2512 et
920 2473 1197 2524 eloquentiam
1222 2485 1230 2511 ε
1254 2472 1427 2523 ideoque
1449 2472 1665 2510 materiam
1691 2472 1864 2510 electam

391 2549 544 2576 novam
564 2549 732 2588 prorsus
753 2541 792 2575 et
814 2537 1038 2584 difficilem,
1062 2549 1154 2587 quae
1176 2536 1313 2587 palam
1335 2539 1574 2583 ostentaret,
1590 2535 1688 2586 quid
1708 2534 1750 2574 in
1771 2547 1867 2586 pan-

391 2600 532 2652 gendis
567 2601 764 2647 versibus,
791 2601 889 2651 quid
917 2600 958 2638 in
983 2599 1213 2650 eloquendo
1248 2600 1388 2638 rhetor
1415 2599 1599 2638 eruditus
1633 2611 1680 2638 ac
1709 2598 1866 2637 subtilis

390 2668 543 2716 posset.
560 2666 662 2703 Eum
683 2665 858 2715 denique
878 2677 1003 2715 quam
1020 2663 1392 2715 splendidissimam
1410 2662 1563 2714 ingenii
1577 2663 1732 2702 famam
1747 2662 1865 2702 affec-

392 2732 498 2768 tasse
519 2728 727 2776 edisserui,
751 2741 843 2766 cum
871 2740 1016 2779 aspera
1036 2740 1077 2766 re
1099 2726 1349 2766 suavissimis
1369 2739 1635 2766 numerorum
1657 2738 1703 2765 ac
1723 2726 1868 2765 verbo-

392 2804 485 2831 rum
506 2792 718 2843 elegantiis
738 2795 944 2843 superata,
964 2795 1050 2830 tum
1072 2791 1262 2830 omnibus
1277 2790 1423 2842 quibus
1444 2794 1531 2829 tum
1554 2789 1866 2829 delectabantur
