1936 3392
797 331 1012 372 -27—

870 492 930 535 IV

199 624 282 663 Nec
310 622 557 663 crediderim
588 623 788 676 juvenem
826 623 1054 663 admodum
1088 628 1257 676 poetam
1295 624 1348 663 ad
1383 623 1650 663 scribendum

148 688 384 737 accessisse,
411 689 603 740 quamvis
620 689 708 741 ipse
729 689 788 728 ita
810 688 1018 740 optaverit
1038 700 1046 727 :

335 801 491 836 Annosa
510 802 547 836 et
564 799 674 836 molli
695 799 893 846 contingat
910 799 988 835 vita
1007 801 1160 854 senecta
1180 801 1208 833 ¹.

146 922 250 962 Hinc
269 926 415 963 contra
436 923 526 975 jam
557 935 642 963 non
670 922 869 974 juvenem
891 923 1017 962 fuisse
1046 923 1239 961 inferam.
1260 921 1364 960 Nam
1386 920 1454 959 vix
1474 920 1649 971 ingressi

146 987 275 1027 vitam
299 988 478 1027 necdum
512 988 651 1040 prima
678 988 815 1040 spatia
835 987 993 1026 emensi
1016 999 1102 1026 non
1126 986 1212 1025 fere
1232 988 1440 1024 senectam
1464 989 1614 1037 optant
1637 998 1647 1025 :

145 1064 272 1104 quam
291 1065 312 1092 e
331 1053 564 1104 longinquo
586 1056 869 1104 prospectam,
892 1051 1090 1103 praesenti
1112 1051 1215 1090 flore
1238 1050 1324 1089 laeti
1347 1054 1388 1089 et
1407 1050 1646 1102 gestientes,

143 1115 332 1167 horrent,
354 1116 508 1156 nedum
541 1120 706 1168 optent.
734 1117 785 1155 Et
815 1116 915 1168 quid
945 1115 1078 1168 prosit
1109 1116 1285 1167 optare?
1311 1115 1442 1154 vitam
1470 1119 1650 1168 carpunt

141 1180 364 1232 integram,
385 1193 461 1220 nec
483 1180 760 1220 reformidant
780 1192 831 1219 ne
852 1180 1036 1232 spatium
1056 1179 1098 1219 in
1120 1180 1234 1231 quod
1255 1180 1528 1219 effunduntur
1548 1180 1648 1219 libe-

141 1245 242 1292 rius,
265 1245 530 1285 currentibus
555 1245 874 1285 intercludatur.
899 1245 952 1284 At
978 1245 1050 1297 qui
1073 1245 1163 1296 jam
1183 1244 1413 1296 juvenilem
1439 1245 1648 1284 luxuriem

143 1321 319 1362 spesque
339 1310 508 1350 insanas
525 1323 766 1362 caecumque
788 1310 986 1350 fiduciam
1009 1322 1150 1349 rerum
1168 1314 1450 1357 excesserunt,
1467 1322 1648 1360 quorum

136 1373 227 1426 ¹iam
247 1379 428 1426 vergunt
447 1375 561 1424 anni,
585 1379 795 1414 senectam
823 1374 884 1413 illi
910 1374 951 1413 in
978 1374 1121 1414 limine
1145 1379 1322 1414 senectae
1351 1387 1434 1414 non
1455 1375 1648 1423 horrent,

142 1442 352 1478 senectam
374 1452 469 1479 cum
494 1443 732 1479 senescente
758 1439 956 1479 Cicerone
983 1439 1174 1490 laudant,
1196 1443 1354 1487 amant,
1379 1443 1541 1491 optant.
1566 1441 1648 1479 Nec

141 1503 296 1543 misera
329 1516 378 1543 ea
408 1508 450 1544 et
481 1505 670 1544 confecta
698 1508 738 1544 et
772 1504 899 1543 tristis
926 1504 1012 1544 vita
1039 1504 1205 1543 videtur
1225 1516 1327 1553 esse,
1353 1504 1424 1543 sed
1454 1504 1541 1544 vita
1573 1504 1646 1544 de-

142 1580 257 1608 mum
280 1572 321 1608 et
340 1569 433 1608 ideo
456 1582 550 1608 cum
572 1569 694 1608 malis
715 1569 909 1608 omnibus
930 1568 1056 1609 bona.

193 1633 244 1672 Di
273 1633 509 1673 audiverint
535 1634 693 1673 Manilii
719 1639 831 1679 vota,
857 1647 1002 1685 necne,
1027 1634 1231 1674 incertum
1258 1638 1338 1674 est.
1362 1635 1466 1672 Nam
1491 1633 1647 1686 imper-

139 1697 295 1737 fectum
322 1710 428 1750 opus
456 1698 620 1738 videtur
641 1698 833 1738 relictum
854 1699 995 1747 fuisse,
1018 1698 1103 1738 sive
1124 1702 1260 1750 poetae
1283 1702 1435 1745 morte,
1458 1698 1543 1737 sive
1563 1711 1648 1750 quo

140 1762 223 1802 alio
257 1775 369 1802 casu.
393 1764 447 1802 At
473 1775 558 1802 non
585 1762 705 1802 illum
727 1763 779 1802 ab
801 1763 968 1815 incepto
991 1763 1195 1802 destitisse
1216 1763 1310 1803 ideo
1333 1763 1524 1811 dixerim,
1549 1763 1648 1816 qnia

141 1826 413 1879 astrologiam
448 1831 628 1867 tractare
662 1840 786 1868 nemo
820 1828 985 1868 Tiberio
1022 1828 1211 1881 principe
1245 1832 1398 1880 posset,
1436 1828 1515 1867 nisi
1550 1840 1646 1867 cum

141 1891 340 1944 periculo.
364 1892 489 1932 Aliud
515 1893 626 1932 enim
651 1897 713 1932 est
735 1893 1007 1944 astrologiam
1037 1892 1353 1932 consulentibus
1374 1893 1645 1945 respondere,

141 1956 416 2009 stimulosque
441 1957 673 1998 multorum
697 1957 918 1998 ambitioni
944 1958 1113 2006 addere,
1138 1958 1208 2010 qui
1237 1958 1448 1998 civitatem
1475 1958 1650 1998 turbent

142 2025 184 2060 et
214 2025 417 2070 evertant,
447 2035 498 2061 ne
529 2023 650 2073 signa
675 2022 935 2062 mentiantur
965 2034 974 2062 :
1005 2023 1120 2062 aliud
1147 2035 1318 2074 prorsus
1343 2023 1393 2063 de
1417 2023 1649 2074 astrologia

143 2085 286 2126 otiosis
317 2086 512 2135 scribere,
554 2099 807 2139 carmenque
847 2087 900 2126 ob
941 2087 1238 2140 explicandum
1276 2088 1508 2139 ingenium,
1550 2101 1645 2128 cum

142 2150 394 2190 aemulorum
414 2155 578 2192 tantum
598 2152 827 2192 offensione
848 2152 1211 2200 scholasticorum,
1233 2153 1427 2192 condere.
1447 2155 1531 2192 Nec
1551 2165 1647 2204 pro·

141 2215 250 2255 fecto
270 2216 464 2269 princeps
484 2217 726 2264 curavisset,
750 2217 850 2270 quid
871 2217 984 2257 intra
1004 2217 1092 2257 ludi
1114 2218 1294 2270 parietes
1318 2217 1482 2257 vetulus
1503 2217 1651 2258 rhetor

141 2279 193 2319 de
213 2281 334 2320 astris
354 2281 639 2322 concinnaret.

193 2345 300 2385 Fieri
317 2346 496 2400 denique
516 2347 667 2400 potuit,
684 2351 730 2387 ut
744 2352 938 2387 exactum
952 2360 1058 2401 opus
1076 2352 1116 2388 et
1134 2348 1206 2387 diu
1223 2347 1467 2400 despectum
1486 2347 1649 2399 neglec-

142 2412 315 2463 tumque
334 2424 420 2452 non
441 2412 656 2465 scriptoris
675 2413 860 2465 quodam
882 2426 996 2462 casu,
1014 2413 1087 2453 sed
1108 2413 1340 2453 scribarum
1360 2413 1462 2452 vitio
1481 2412 1648 2465 quibus-

145 2474 243 2515 dam
274 2476 463 2528 partibus
493 2477 617 2518 fuerit
643 2481 899 2530 truncatum,
930 2479 1127 2531 quodque
1156 2478 1449 2530 imperfectum
1481 2478 1652 2518 videtur

143 2551 247 2589 esse,
269 2541 448 2582 fractum
470 2547 511 2583 et
531 2544 749 2584 ruinosum
770 2544 919 2584 melius
941 2544 1120 2584 dicatur.

185 2665 216 2698 1.
235 2664 369 2708 Manil„
389 2666 541 2705 Astron„
563 2667 590 2708 I,
611 2669 682 2700 114.
