1910 3250
434 423 626 462 Confecta
651 427 782 462 autem
799 423 862 461 vel
880 423 1018 472 potius
1045 423 1150 473 (Jac.
1168 424 1292 473 praef.
1311 436 1351 474 p.
1368 424 1515 475 XVII)
1542 426 1773 477 imperfecta

331 491 470 530 relicta
498 491 655 538 quando
674 489 957 528 Astronomica
985 493 1128 540 essent,
1158 491 1276 530 nobis
1302 504 1383 530 non
1411 493 1596 543 contigit,
1622 495 1668 533 ut
1692 505 1774 533 cer-

329 559 383 596 tis
415 558 575 596 indiciis
600 559 971 596 demonstraremus.
1024 558 1127 597 Nam
1152 560 1376 599 etiamnunc
1402 561 1647 610 anquirimus
1675 573 1774 612 eum,

332 637 446 674 quem
477 626 648 675 primum
676 625 915 664 Tiberianae
951 626 1095 664 aetatis
1129 629 1216 665 tota
1241 627 1523 666 Astronomica
1548 641 1629 666 non
1656 629 1774 668 modo

331 692 567 742 cognovisse
600 693 882 731 verumetiam
908 692 949 730 in
978 693 1060 730 suis
1088 695 1276 743 operibus
1303 695 1524 744 respexisse
1551 706 1775 745 arguamus.

330 760 472 808 Neque
499 754 591 798 ante
619 772 734 809 quam
761 760 830 798 ille
847 760 1103 810 prosperiore
1122 761 1204 799 acie
1224 762 1553 812 deprehendatur,
1581 762 1776 812 quaestio,

333 839 432 876 quae
459 832 519 866 est
546 828 593 866 de
621 828 730 866 illius
758 828 941 866 carminis
968 832 1110 878 aetate,
1144 829 1255 867 nullo
1282 831 1402 878 pacto
1430 830 1617 868 absoluta
1643 828 1778 869 existi-

331 896 474 934 manda
500 899 572 934 est.

433 964 573 1012 Itaque
608 973 681 1001 nos
715 966 756 1001 et
790 963 869 1012 ipsi
905 974 1006 1011 opus
1041 962 1164 1000 alacri
1198 962 1329 1000 animo
1359 967 1584 1014 susceptum
1611 964 1778 1014 quadam

332 1034 447 1080 parte
482 1030 753 1080 imperfectum
787 1030 1058 1079 relinquimus.
1113 1028 1275 1068 Scilicet
1303 1042 1383 1068 non
1412 1031 1544 1069 omnia
1569 1043 1778 1081 possumus

334 1110 487 1146 omnes;
521 1110 655 1136 verum
680 1100 824 1146 tamen,
857 1100 902 1136 ut
929 1109 1059 1147 spero,
1092 1098 1308 1146 aliquando
1336 1098 1439 1136 ratio
1469 1099 1600 1136 omnia
1626 1099 1778 1146 vincet3

335 1177 423 1203 nam
449 1165 591 1203 horum
618 1164 840 1203 studiorum
867 1164 998 1202 socius
1026 1164 1188 1212 socium,
1216 1175 1337 1213 opera
1363 1175 1535 1214 operam,
1563 1165 1647 1203 dies
1668 1165 1779 1204 deni-

336 1245 410 1281 que
431 1233 534 1271 diem
553 1233 726 1281 docebit,
746 1235 786 1270 et
805 1231 999 1280 quidquid
1019 1231 1061 1268 in
1079 1231 1361 1270 dissertatione
1380 1235 1519 1270 nostra
1536 1231 1664 1270 adhuc
1676 1231 1778 1271 desi-

334 1301 508 1346 deratur,
537 1289 742 1338 afferre'in
769 1299 939 1338 medium
968 1299 1156 1339 studebit.

436 1368 602 1406 Utinam
622 1368 675 1406 sit
692 1380 877 1417 magnum
895 1379 1040 1418 operae
1059 1368 1288 1416 laborisque
1306 1367 1490 1417 pretium,
1510 1367 1668 1406 reiectis
1687 1365 1781 1406 Sca-

334 1436 453 1485 ligeri
485 1435 645 1473 Bentlei
678 1435 865 1474 Merkelii
905 1436 1074 1474 aliorum
1108 1436 1317 1474 sententiis
1351 1436 1404 1484 id,
1439 1434 1546 1484 quod
1578 1439 1670 1474 ante
1705 1435 1780 1474 hos

334 1503 457 1541 LXV
485 1515 612 1541 annos
640 1503 933 1551 Lachmannus‚
965 1504 1027 1542 vir
1053 1504 1307 1552 clarissimus,
1340 1502 1540 1542 acerrimis
1569 1501 1695 1541 oculis
1722 1502 1780 1540 iu-

335 1571 522 1619 dicioque
557 1571 819 1609 subtilissimo
855 1571 1015 1608 adiutus
1047 1571 1125 1609 iam
1158 1571 1378 1609 luculenter
1409 1572 1668 1620 perspexerat
1693 1581 1782 1620 per-

339 1641 593 1688 spectumque
621 1639 808 1676 audacter
834 1637 985 1688 publici
1012 1639 1110 1676 iuris
1137 1638 1297 1686 fecerat,
1326 1637 1529 1675 oblivione
1557 1637 1742 1676 obrutum
1760 1649 1782 1676 e

338 1706 500 1756 pulvere
527 1706 833 1755 deprompsisse,
860 1705 1041 1754 clariore,
1069 1706 1103 1742 si
1128 1705 1272 1754 placet,
1300 1705 1386 1743 luce
1405 1705 1638 1752 illustrasse,
1666 1703 1782 1742 novis

338 1773 589 1811 adminiculis
629 1774 679 1811 ab
719 1773 886 1811 interitu
926 1771 1166 1810 defendisse!
1226 1771 1391 1810 Utinam
1425 1771 1595 1820 denique
1629 1770 1782 1819 aliquid

339 1840 534 1878 commodi
574 1853 623 1879 ex
662 1841 724 1879 his
765 1840 1065 1888 quaestionibus
1105 1839 1241 1878 redeat
1279 1839 1330 1878 ad
1369 1839 1547 1878 criticam
1576 1838 1783 1877 literarum

342 1907 610 1946 Romanarum
635 1906 860 1947 historiam!
