1930 3320
838 258 1120 298 -51—

223 379 353 415 suris
389 384 454 415 aut
485 380 621 415 Libra
655 384 800 424 potens,
841 386 907 416 (cut
941 382 1162 426 Scorpius
1192 380 1356 423 armis,
1399 380 1729 424 Centaurusque

225 437 358 483 feris,
384 438 478 484 iyni
505 438 804 482 Capricornus
829 441 863 474 et
886 440 1021 475 undis
1047 442 1146 485 Ipse
1170 439 1247 474 suis
1272 439 1457 474 Iuvenis
1481 439 1729 484 ‚qeminique

227 515 266 521 -
302 496 471 530 Pisces.
519 495 588 530 474
631 495 780 531 Tertia
814 498 847 531 et
881 497 1130 532 undecimae
1167 496 1438 541 decimaeque
1479 501 1511 532 et
1547 496 1730 541 septima

221 555 360 590 iuncta.
407 555 475 590 610
506 567 559 600 sq.
595 557 712 590 secat
735 576 778 580 —
804 555 1051 601 Illyricum,
1090 555 1372 600 Epirumque
1408 555 1535 590 lavat.
1584 554 1652 589 660
1677 567 1730 599 sq.

225 613 352 648 Fecit
409 616 443 647 et
491 616 713 648 aeternam
766 612 960 648 Trebiam
1017 615 1281 658 Cannasque
1337 613 1515 657 sepulcris
1567 612 1730 647 Obruit.

227 670 295 704 689
321 682 400 714 sqq.
419 669 628 715 Princeps
646 670 768 705 Pella
793 670 932 709 domus,
966 671 1149 705 Troiani
1173 670 1326 715 qratia
1351 669 1458 704 belli
1479 669 1730 711 Thessalia,

223 727 473 772 Epirosque
494 732 664 772 potens,
692 728 926 773 vicinaque
962 729 1056 774 ripis
1079 729 1237 774 Illyris
1262 732 1294 762 et
1325 728 1522 773 Thrace¹)
1551 729 1732 763 Martem

206 785 390 821 'sortita
414 787 619 821 colonum.
668 786 698 820 V
723 786 768 821 20
793 786 1134 831 Heniochusque
1159 797 1290 821 memor
1313 796 1489 830 currus,
1512 786 1731 831 plaustri-

224 857 305 890 que
340 845 517 881 Bootes.
573 846 618 880 70
653 845 828 891 yelidus
877 846 1034 881 boreas
1080 845 1368 891 aquilonibus
1411 845 1526 880 instat
1573 845 1731 880 acutis.

226 903 295 939 110
319 915 371 948 sq.
395 903 435 938 in
460 904 585 939 lusus
612 904 751 949 ayiles
780 904 1021 950 ayilemque
1045 904 1232 949 vigorem
1262 903 1468 939 Desudant.
1518 903 1583 938 186
1609 903 1732 938 Men-

225 961 440 1006 dacesque
477 965 617 1011 parant
651 962 807 1007 foveas
843 962 1114 1006 laqueosque
1153 964 1338 997 tenaces.
1387 961 1456 996 332
1496 961 1735 1006 quodcunque

225 1030 352 1054 manu
369 1019 578 1064 loquitur,
602 1019 810 1064 flatuque
827 1021 1030 1054 movetur.
1055 1019 1124 1054 334
1138 1019 1489 1064 Muleebitque—
1506 1018 1734 1064 Bacchum,

224 1079 471 1122 noctemque
494 1077 671 1112 tenebit.
697 1077 766 1112 494
784 1078 954 1123 Quasque
971 1078 1185 1112 hominum
1203 1078 1376 1112 dederit
1401 1081 1589 1122 strayes,
1614 1077 1736 1112 dabit

225 1135 285 1170 ille
319 1127 524 1179 ferarum.
580 1135 648 1170 533
684 1139 836 1180 coquet
871 1135 1014 1180 arqenti
1048 1135 1219 1181 ylebas,
1258 1146 1489 1180 venamque
1514 1154 1556 1160 —
1582 1135 1735 1170 Eruet.

227 1191 309 1237 [698
343 1195 550 1227 vastusve
587 1192 674 1227 Leo
710 1193 767 1227 vel
802 1192 1009 1238 Scorpius
1058 1193 1182 1238 acer].
1254 1194 1320 1228 736
1363 1206 1415 1238 sq.
1454 1192 1738 1238 populumque

227 1248 378 1294 equiti,
401 1249 648 1294 populoque
670 1249 793 1284 subire
820 1249 982 1294 Volyus
1006 1249 1127 1284 iners
1151 1249 1289 1285 videas.

809 1378 1148 1435 Hyperbole.

343 1443 598 1524 Hypecbffle
630 1482 716 1510 non
746 1469 883 1510 utitur
913 1469 1118 1511 Manilius
1150 1470 1235 1511 nisi
1267 1470 1419 1512 mille
1450 1470 1663 1513 numerali
1695 1474 1740 1512 et

230 1539 538 1579 innumerus
568 1537 797 1591 adiectivo,
829 1543 1011 1595 utroque
1044 1539 1230 1581 artificio
1253 1540 1500 1583 aLucretio
1533 1545 1738 1597 accept03

230 1607 362 1650 confi:
563 1607 565 1612 ’

318 1676 338 1711 Ι
374 1675 439 1710 129
473 1676 620 1710 saecula
655 1675 758 1710 mille.
821 1676 870 1711 IV
897 1675 962 1710 128
1001 1676 1095 1711 mille
1131 1688 1198 1721 per
1239 1679 1345 1713 artes.
1406 1677 1474 1713 266
1499 1678 1740 1712 mille-artes.

228 1733 297 1768 374
321 1733 363 1767 in
386 1735 460 1768 tam
483 1733 606 1768 multis
630 1734 855 1768 animantum
879 1733 1032 1768 milibus.
1083 1734 1152 1769 630
1174 1735 1271 1770 mille
1286 1755 1299 1760 -
1313 1738 1444 1771 terrae.
1492 1735 1522 1769 V
1556 1735 1622 1770 302
1647 1734 1742 1769 mille

227 1791 387 1826 carinae.
449 1791 514 1826 371
551 1792 797 1828 mille-artes.
867 1792 936 1826 469
976 1792 1071 1827 mille
1088 1812 1102 1818 -
1119 1793 1273 1837 species.
1339 1793 1407 1828 507
1447 1793 1540 1828 mille
1585 1793 1741 1837 fiyurae.

230 1849 297 1884 732
320 1849 496 1893 foliorum
519 1850 627 1885 milia.
657 1871 701 1875 —
725 1851 775 1886 IV
798 1850 865 1884 277
890 1850 1101 1885 innumerae
1126 1853 1234 1886 artes.
1283 1851 1351 1886 623
1375 1851 1585 1886 innumerae
1607 1853 1741 1895 qentes.

230 1906 297 1942 641
322 1907 504 1942 innumeri
527 1908 681 1952 scopuli.
729 1907 796 1942 805
820 1907 1033 1943 innumerae
1051 1908 1210 1954 figurae.
1259 1909 1288 1943 V
1313 1909 1382 1944 243
1405 1909 1587 1943 innumeri
1611 1908 1741 1942 cultus.

231 1964 298 1999 276
321 1964 454 2010 fruyes
477 1964 695 2000 innumerae.

876 2046 1102 2089 Tmeses.

347 2136 614 2180 Tmeseos
646 2139 1130 2196 praepositionum
1164 2139 1368 2195 exempla
1397 2139 1486 2194 legi
1517 2139 1619 2180 tria:

323 2205 342 2240 I
365 2206 411 2240 50
442 2206 573 2251 Inque
607 2207 712 2242 deum
752 2207 843 2242 deus
878 2207 956 2253 ipse
991 2208 1110 2244 tulit.
1160 2207 1226 2242 189
1263 2207 1508 2252 circumque
1545 2207 1744 2251 feratur.

233 2263 263 2297 V
286 2263 354 2298 559
382 2264 452 2299 Ter
476 2266 638 2300 circum
663 2267 843 2312 Alcyones
868 2266 995 2311 pinnis
1015 2266 1194 2310 planxere
1217 2265 1429 2300 volantes.

349 2322 617 2366 Adverbia
647 2339 744 2381 per
773 2325 979 2367 tmesin
1011 2324 1286 2366 dirimuntur:

325 2391 379 2426 ΠΙ
403 2391 470 2426 141
495 2394 634 2427 movent
668 2397 713 2428 ut
749 2392 921 2428 mundum
957 2392 1082 2428 sidera
1119 2402 1301 2437 cunque.
1351 2391 1381 2426 V
1405 2391 1472 2427 496
1505 2395 1649 2437 etqua
1672 2392 1747 2437 sert

235 2458 404 2494 cunque
429 2450 608 2491 voluntas,

234 2520 316 2548 nec
356 2507 491 2549 multo
530 2522 655 2550 secus
695 2508 1015 2561 priusquam
1059 2512 1113 2550 et
1158 2510 1440 2561 antequam
1479 2507 1747 2549 adverbia

236 2575 561 2632 dispescuntur:

327 2645 346 2679 I
363 2644 430 2679 805
447 2645 502 2679 Ac
522 2645 660 2690 prius
683 2645 860 2690 incipiam
885 2646 998 2680 stellis
1022 2657 1153 2690 quam
1178 2635 1328 2680 reddere
1353 2645 1461 2680 vires.
1499 2646 1536 2680 ΙΙ
1550 2645 1616 2679 774
1642 2646 1748 2679 ante

237 2712 366 2736 manus
390 2713 519 2746 quam
543 2706 694 2747 temptet.
747 2703 780 2739 V
805 2703 869 2739 183
894 2715 947 2749 sq.
979 2707 1012 2738 et
1043 2705 1147 2738 ante
1176 2703 1306 2750 Quam
1338 2703 1494 2739 canibus
1524 2713 1618 2737 nova
1639 2713 1748 2748 prae-

239 2758 290 2793 da
312 2758 398 2803 fuit.

336 2888 364 2933 ¹)
389 2887 433 2923 cf.
459 2898 568 2934 supra
592 2899 628 2934 p.
652 2888 708 2925 80.
