1936 3392
1049 259 1101 298 86

433 416 504 457 per
536 403 677 442 faciem
710 415 935 455 nomenque
967 415 1108 451 suum,
1144 406 1231 442 tum
1264 403 1430 457 ponitur
1463 418 1582 453 usus3

433 482 532 518 tunc
565 479 781 519 coniuncta
813 478 896 518 suis
928 478 1122 518 formatur
1154 478 1307 533 syllaba
1338 479 1456 520 nodis
1467 498 1478 530 3

434 556 528 596 hinc
560 555 670 597 verbi
702 560 903 597 structura
935 556 1044 596 venit
1076 570 1148 610 per
1179 556 1355 598 membra
1387 557 1572 611 legendi3

434 636 534 673 tunc
566 648 696 674 rerum
730 634 831 674 vires
865 637 983 687 atque
1016 634 1113 674 artis
1145 633 1319 675 traditur
1351 649 1469 685 usus,

434 725 585 765 perque
618 711 737 764 pedes
770 711 952 766 proprios
985 712 1190 752 nascentia
1223 712 1399 752 carmina
1430 716 1623 766 surgunt,

435 787 679 842 singulaque
712 788 754 827 in
787 802 943 828 summa
975 788 1138 843 prodest
1171 787 1358 830 didicisse
1390 789 1548 843 priora3
1583 813 1639 820 —

437 879 539 918 quae
572 865 650 905 nisi
683 865 940 906 constiterint
970 864 1110 919 Primis
1142 865 1309 906 fundata
1343 865 1574 916 elementis,

434 943 498 983 vel
524 958 596 984 sua
627 957 888 998 praepropere
922 941 1107 983 dederint
1140 946 1350 997 praecepta
1385 942 1590 996 magistri,

437 1021 573 1062 effluat
606 1021 648 1061 in
682 1035 828 1061 vanum
860 1035 991 1061 rerum
1025 1024 1304 1075 praeposterus
1338 1019 1459 1070 ordo3
1492 1044 1552 1052 —-

437 1099 494 1140 sic
527 1099 626 1140 mihi
658 1113 729 1154 per
760 1102 892 1139 totum
925 1098 1112 1139 volitanti
1145 1098 1322 1139 carmine
1355 1097 1549 1139 mundum

441 1176 664 1230 obrutaque
698 1175 878 1216 abstrusa
910 1176 1072 1231 penitus
1106 1175 1277 1230 caligine
1311 1175 1392 1216 fata

438 1254 644 1295 Pieridum
676 1253 854 1294 numeris
888 1253 1010 1294 etiam
1043 1252 1249 1294 modulata
1282 1246 1482 1302 canenti,

440 1346 602 1387 quoque
635 1331 732 1372 deus
764 1335 904 1385 regnat
937 1331 1139 1371 revocanti
1172 1345 1323 1371 numen
1355 1331 1396 1371 in
1429 1334 1537 1381 arte,

439 1424 509 1463 per
540 1413 673 1464 partes
707 1408 890 1450 ducenda
922 1408 1019 1449 fides
1054 1412 1094 1449 et
1127 1407 1288 1462 singula
1319 1421 1452 1448 rerum

440 1491 536 1527 sunt
569 1486 760 1541 gradibus
792 1485 987 1527 tradenda
1019 1486 1124 1536 suis,
1159 1490 1200 1526 et
1232 1500 1323 1527 cum
1356 1485 1492 1526 omnia
1524 1489 1632 1526 certa

441 1564 587 1605 notitia
619 1564 830 1613 steterint,
865 1563 1046 1618 proprios
1079 1567 1318 1604 revocantur
1348 1563 1391 1603 in
1426 1576 1519 1602 usus

442 1643 501 1683 Ac
532 1641 643 1681 velut
676 1641 718 1681 in
750 1640 870 1682 nudis
902 1654 990 1681 cum
1024 1644 1198 1694 surgunt
1230 1639 1435 1681 montibus
1469 1638 1612 1689 urbes,

444 1719 628 1760 conditor
660 1722 700 1759 et
734 1733 876 1759 vacuos
908 1718 1032 1758 muris
1064 1717 1309 1758 circumdare
1343 1716 1462 1758 colles

442 1797 643 1843 destinat,
686 1800 779 1837 ante
811 1810 952 1836 manus
984 1810 1102 1850 quam
1135 1798 1308 1849 temptet
1341 1794 1519 1835 scindere
1551 1795 1695 1843 fossas,

442 1874 567 1914 fervet
600 1887 724 1928 opUS,
754 1874 779 1927 ¹)
811 1873 896 1914 ruit
927 1886 1016 1914 ecce
1048 1887 1210 1921 nemus,
1246 1871 1452 1925 saltusque
1484 1871 1635 1912 vetusti

444 1951 712 2006 procumbunt
744 1950 949 2004 solemque
982 1965 1153 1996 novum.
1187 1964 1291 1990 nova
1323 1949 1454 1990 sidera
1486 1954 1686 1998 cernunt,

446 2028 610 2084 pellitur
641 2043 759 2069 omne
791 2027 878 2069 loco
911 2027 1117 2068 volucrum
1151 2042 1278 2082 genus
1311 2031 1432 2080 atque
1465 2027 1634 2067 ferarum
1650 2058 1660 2076 ,

446 2105 713 2158 antiquasque
746 2104 885 2145 domos
917 2112 959 2145 et
991 2108 1086 2145 nota
1120 2102 1270 2144 cubilia
1302 2103 1516 2157 linquunt,

449 2187 510 2222 ast
543 2180 613 2221 alii
645 2180 795 2221 silicem
828 2181 871 2221 in
904 2195 1037 2221 muros
1070 2184 1109 2220 et
1142 2194 1337 2221 marmora
1368 2179 1529 2234 templis

447 2259 669 2309 rimantur,
702 2258 876 2313 ferrique
908 2258 1017 2313 rigor
1049 2272 1119 2313 per
1150 2262 1330 2312 tempora
1363 2261 1457 2298 nota

451 2336 681 2392 quaeritur,
715 2336 808 2377 hinc
841 2339 968 2386 artes,
1003 2335 1095 2376 hinc
1129 2334 1259 2375 omnis
1291 2334 1479 2375 convenit
1512 2348 1713 2384 1131183-

450 2419 548 2455 tunc
582 2413 740 2455 demum
775 2413 979 2468 consurgit
1012 2408 1135 2468 opus,
1170 2426 1260 2454 cum
1293 2417 1438 2453 cuncta
1470 2415 1706 2467 supersunt,

451 2506 502 2534 ne
533 2490 686 2532 medios
718 2496 880 2547 rumpat
911 2505 1049 2532 cursus
1069 2481 1335 2546 ‘praepostera
1367 2504 1483 2539 cura3

453 2570 510 2611 sic
542 2569 643 2611 mihi
676 2573 772 2610 cett.

438 2754 461 2793 ¹)
510 2756 561 2785 Sic
584 2756 750 2792 legendum
777 2764 845 2784 esse
871 2755 992 2785 conicio
1018 2763 1073 2792 pro
1099 2764 1145 2789 eo,
1171 2754 1252 2790 quod
1270 2753 1368 2782 estin
1387 2752 1560 2787 codicibus,
1575 2752 1677 2781 vertit.
1694 2750 1796 2780 Bentl.

394 2822 509 2850 versat,
546 2816 607 2844 lac.
645 2821 744 2853 ιιι-μετ,
779 2815 818 2844 cf.
844 2815 934 2851 Verg.
960 2816 1071 2851 Georg.
1098 2814 1153 2849 lv,
1181 2814 1258 2847 169,
1284 2813 1359 2842 Aen.
1385 2813 1417 2847 1,
1443 2813 1520 2846 43&
1546 2811 1638 2842 Aetn.
1665 2811 1724 2840 169
1749 2811 1798 2840 ed.

395 2876 566 2906 Baehrens.
