1910 3250
738 259 1020 300 -45-

142 393 216 438 est,
253 389 366 428 illum
399 386 550 426 vixisse
585 388 700 423 ante
734 384 841 422 hunc
876 382 1084 420 inductum
1119 393 1280 420 morem.
1335 379 1478 430 Neque
1517 379 1624 418 enim

142 457 335 496 credibile
372 458 434 495 est
469 467 558 493 eum
594 453 694 492 adeo
732 452 925 502 religiose
962 451 1013 490 ab
1048 463 1124 489 usu
1159 451 1302 489 horum
1330 450 1625 500 genetivorum,

143 527 212 576 qui
242 525 402 576 quidem
431 526 564 562 tantas
595 522 672 560 sibi
701 522 938 560 attulissent
965 520 1286 569 commoditates,
1321 519 1527 558 abstinere
1555 530 1626 556 vo-

141 595 279 644 luisse,
321 594 355 632 si
393 593 554 643 quidem
591 591 670 629 sibi
707 602 755 628 ex
793 602 904 628 more
939 590 1002 627 sui
1037 589 1187 628 saeculi
1223 588 1274 626 iis
1311 588 1372 626 uti
1406 587 1626 626 licuisset.“

142 663 277 702 Huius
312 661 587 702 conclusionis
621 660 888 698 Bentleianae
922 659 1076 709 primus
1109 657 1281 696 Wolfius
1319 656 1457 705 (Anal.
1493 656 1554 695 lit.
1591 655 1626 696 Ι,

140 745 182 783 p.
222 732 287 783 61)
336 732 416 769 vim
457 730 671 780 infregisse
712 729 790 766 sibi
832 729 942 766 visus
983 731 1046 766 est
1089 727 1159 776 ita,
1210 730 1272 782 utv
1296 728 1466 776 excepto
1509 737 1627 764 voca·

141 801 253 851 bulo,
300 800 408 850 quod
451 803 512 838 est
553 798 631 848 III,
683 800 731 838 92
774 798 928 848 negoti,
970 810 993 836 a
1034 809 1152 835 manu
1194 795 1359 834 Manilii
1403 794 1626 834 Genetivos

143 883 198 909 ne·
243 871 285 908 in
337 870 560 920 simplicem
613 867 774 917 quidem
826 868 838 904 i
884 870 1075 905 exeuntes
1122 866 1163 903 in
1209 864 1512 903 Astronomicis
1559 875 1624 901 ex-

142 941 250 978 stare
277 938 555 987 contenderet,
593 936 697 975 nihil
727 932 1042 986 igiturratione
1071 934 1164 972 inde
1192 934 1436 983 deprompta
1462 932 1512 971 de
1540 931 1627 970 Ma-

143 1008 234 1046 nilii
261 1010 395 1047 aetate
425 1007 590 1045 criticos
619 1009 890 1044 assecuturos.
936 1004 1096 1042 Deinde
1127 1003 1307 1041 Jacobus
1336 1003 1492 1052 (progr.
1520 1001 1628 1039 Lub.

142 1089 183 1127 p.
220 1078 284 1127 10)
321 1076 502 1126 quamvis
538 1075 650 1114 illius
684 1086 798 1112 casus
829 1073 1012 1123 exempla
1040 1085 1123 1110 non
1150 1072 1301 1120 deesse,
1338 1071 1409 1109 sed
1437 1071 1578 1109 crebra
1604 1082 1628 1108 a

143 1157 185 1184 se
226 1149 515 1196 reperta'esse
550 1145 795 1195 coarguerit,
836 1143 948 1181 velut
983 1142 1015 1190 Ι,
1058 1142 1152 1189 691;
1193 1140 1250 1190 ΙΙ,
1292 1142 1378 1189 211,
1421 1142 1509 1189 560,
1552 1140 1626 1178 569

143 1213 330 1265 sagittari
374 1215 406 1264 Ι,
454 1215 528 1254 795
572 1213 718 1252 Claudi
768 1213 824 1260 ΙΙ,
872 1214 960 1261 232,
1001 1214 1088 1261 464,
1132 1212 1206 1251 505
1248 1210 1405 1262 aquari,
1447 1222 1528 1248 non
1569 1211 1628 1248 ta-

141 1296 231 1323 men
274 1289 336 1323 est
379 1284 532 1322 oblitus
567 1283 714 1322 addere
751 1295 799 1321 ne
838 1282 930 1320 inde
971 1281 1131 1330 quidem
1167 1281 1420 1330 Augusteam
1455 1281 1629 1317 aetatem

142 1353 247 1392 effici
282 1347 419 1404 posse,
457 1352 785 1402 quandoquidem
821 1351 1038 1400 unicuique
1074 1350 1137 1389 vel
1173 1349 1451 1387 recentissimo
1487 1348 1629 1386 liceret

143 1423 185 1461 in
217 1435 258 1460 re
287 1423 449 1461 minime
477 1423 621 1472 ignota
649 1422 840 1470 antiquos
864 1420 1021 1459 sectari.
1067 1419 1186 1467 Quod
1207 1431 1295 1457 cum
1316 1418 1626 1468 omnitempore

143 1491 203 1530 ita
238 1491 373 1540 fuerit,
408 1503 432 1529 a
470 1503 511 1528 re
547 1491 664 1529 nobis
700 1490 962 1528 diiudicanda
994 1489 1174 1527 Bentleii
1208 1490 1486 1538 argumentum
1522 1499 1629 1525 amo-

142 1572 236 1599 vere
271 1564 312 1599 et
346 1561 427 1610 ipsi
463 1560 665 1598 debemus.
720 1559 784 1597 Ac
823 1558 1014 1607 quonian]
1051 1558 1091 1595 in
1128 1558 1334 1607 exemplis,
1372 1569 1473 1606 quae
1507 1569 1630 1607 supra

143 1629 332 1679 apposui,
373 1629 491 1668 nimis
528 1629 745 1667 manifesta
781 1631 844 1667 est
879 1640 926 1666 ea
959 1628 1192 1676 necessitas,
1238 1639 1339 1676 quae
1375 1627 1425 1664 ad
1462 1629 1630 1666 metrum

143 1697 476 1737 conformandum
513 1698 554 1735 in
585 1696 796 1735 Genetivis
837 1697 1060 1746 simplicem
1098 1697 1108 1734 i
1142 1696 1302 1735 literam
1332 1696 1410 1734 sibi
1439 1696 1630 1744 vindicet,

142 1766 270 1817 pudet
297 1778 371 1805 nos
401 1766 558 1815 aliquid
587 1766 788 1804 commodi
817 1766 912 1804 hine
940 1766 1164 1816 percipere,
1195 1765 1303 1815 quod
1332 1766 1489 1815 priscae
1519 1765 1630 1803 illius

144 1835 334 1875 Genetivi
369 1837 521 1874 formae
560 1847 632 1873 usu
669 1835 888 1885 scriptores
925 1836 1046 1874 etiam
1075 1835 1243 1873 Tiberio
1280 1847 1322 1873 se
1351 1834 1628 1873 commendare

141 1908 376 1956 potuerunt.
438 1905 733 1943 Desiderantur
774 1905 879 1943 enim
923 1905 1010 1942 eius
1055 1905 1163 1942 modi
1205 1916 1357 1952 versus,
1401 1903 1441 1941 in
1482 1903 1628 1952 quibus

143 1974 312 2013 formam
341 1973 531 2013 Genetivi
567 1974 832 2012 recentiorem
867 1986 940 2023 per
970 1985 1156 2011 numeros
1183 1984 1379 2023 usurpare
1408 1972 1570 2022 poetael
1601 1971 1630 2009 i-

144 2047 243 2082 ceat.

249 2111 444 2162 Sequitur
470 2115 603 2151 autem
633 2112 682 2150 ab
711 2112 803 2149 aliis
823 2111 1008 2162 partibus
1029 2111 1225 2150 Manilius
1246 2111 1287 2150 id
1307 2111 1468 2150 dicendi
1488 2123 1629 2162 genus,
1673 2098 1864 2166 Μκίιλνᾶξ
1882 2128 1892 2134 ’

146 2193 226 2231 quo
271 2183 443 2221 similius
478 2181 700 2220 Tiberiano
744 2179 830 2220 ess'e
874 2180 972 2219 satis
1014 2181 1198 2219 novimus
1240 2181 1424 2231 potuisse
1462 2181 1629 2229 nullum.

145 2250 239 2289 Jam
278 2262 401 2302 supra
441 2251 828 2301 ambiguitatem
871 2250 1071 2290 orationis
1114 2251 1359 2290 observandi
1397 2252 1631 2300 frequenter

144 2319 242 2358 data
281 2313 344 2359 est
378 2321 549 2359 occasio.
613 2321 726 2359 Idem
761 2320 903 2358 vitium
940 2320 1096 2360 Tiberii
1133 2320 1258 2360 fuisse
1294 2321 1460 2359 Tacitus
1504 2320 1626 2370 (Anu.

143 2387 268 2439 XIII,
302 2389 342 2439 3)
380 2393 523 2428 auctor
559 2394 635 2439 est,
669 2389 778 2440 apud
809 2401 924 2438 quem
954 2390 1147 2440 scriptum
1175 2390 1356 2429 videmus
1386 2391 1506 2429 etiam
1535 2402 1627 2428 con-

146 2458 254 2497 sulto
283 2457 399 2497 illum
429 2459 644 2497 verborum
664 2459 926 2508 ambiguitati
948 2471 1113 2509 operam
1133 2471 1314 2498 navasse.
1342 2481 1392 2487 —-
1422 2458 1628 2498 Certiores

86 2556 90 2560 .
145 2539 241 2566 vero
279 2539 354 2566 nos
389 2527 517 2566 multo
545 2527 595 2566 de
623 2539 670 2566 ea
697 2540 740 2566 re
770 2528 866 2566 facit
895 2527 1114 2567 Suetonius
1153 2528 1263 2578 (Tib.
1293 2541 1326 2567 c.
1355 2531 1405 2568 70
1433 2533 1473 2567 et
1504 2541 1628 2578 gram.

146 2606 180 2634 c.
215 2598 281 2646 22)
317 2607 539 2635 sermonem
567 2595 724 2635 Tiberii
760 2597 1006 2647 peculiarem
1036 2597 1329 2648 propriumque
1358 2598 1400 2635 in
1429 2598 1514 2636 vita
1543 2597 1628 2635 eius

147 2664 206 2703 sic
223 2664 453 2703 declarans:
474 2665 549 2715 „In
569 2666 754 2704 oratione
775 2666 928 2704 Latina
949 2671 1109 2705 secutus
1130 2671 1193 2705 est
1214 2667 1438 2706 Corvinum
1456 2665 1626 2704 Messal-

146 2732 239 2783 lam,
277 2745 394 2783 quem
427 2746 561 2773 senem
596 2734 831 2773 adolescens
870 2735 1169 2774 observaverat.
1225 2735 1306 2774 Sed
1342 2734 1554 2797 affectione
1589 2738 1629 2772 et
1672 2760 1696 2783 Λ
1717 2737 1766 2767 221⁵

148 2802 384 2842 morositate
413 2803 537 2842 nimia
565 2804 869 2843 obscurabat
898 2804 1047 2855 stilum,
1076 2807 1122 2843 ut
1143 2805 1355 2853 aliquanto
1376 2816 1425 2842 ex
1444 2806 1625 2853 tempore
