1910 3250
132 377 262 417 detur.
305 398 355 406 --
396 374 532 425 Quid?
569 376 678 426 quod
710 377 881 416 amicum
915 388 1002 416 esse
1036 379 1199 426 poetam
1233 375 1283 426 ei,
1325 386 1442 426 quem
1478 374 1609 413 tutela

134 446 288 486 Librae
315 449 356 485 et
382 444 614 495 patrocinio
644 446 704 483 uti
731 445 838 484 haud
865 445 988 485 dubie
1015 445 1122 485 inter
1147 445 1336 494 aequales
1364 443 1610 496 observavit,

133 515 319 555 conicere
346 514 442 552 licet
470 526 490 553 e
519 525 638 552 versu
664 514 742 564 IV,
770 516 865 554 548:

372 581 532 627 „Felix
558 585 717 628 aequato
743 583 888 628 genitus
913 584 981 619 sub
1005 583 1167 629 pondere
1191 581 1364 618 Librae“.

130 651 237 692 Nam
265 653 476 703 praeterea
505 651 602 701 quid
630 651 836 691 invenitur
860 664 1016 701 causae,
1044 664 1114 691 cur
1132 651 1202 690 ille
1223 653 1264 690 et
1280 651 1431 689 Librae
1449 651 1610 701 partum

131 721 205 761 tali
240 721 366 762 verbo
403 721 604 771 insignem
635 720 762 760 faciat
790 733 919 771 neque
947 721 1196 771 reliquorum
1223 719 1399 759 siderum
1426 718 1610 770 pupillos

133 789 271 829 felices
299 789 533 840 praedicet?

233 857 319 897 Iam
354 870 449 897 vero
488 858 597 897 haud
632 861 779 897 temere
814 858 950 897 nescio
984 870 1036 897 an
1069 857 1287 908 suspiceris
1315 856 1444 895 visum
1472 867 1557 895 esse
1585 867 1610 894 a

133 927 308 967 Manilio
337 940 446 966 anno
465 927 518 966 U.
548 939 581 966 c.
611 929 685 967 770
706 925 987 966 Germanicum
1005 926 1321 976 triumphantem
1340 927 1382 964 et
1398 925 1439 963 in
1459 937 1609 975 pompa

133 999 364 1048 spectantes
399 997 573 1047 captivis
609 996 756 1046 spoliis
784 996 1011 1034 simulacris
1038 995 1234 1034 montium
1260 995 1467 1034 fluminum
1493 1006 1610 1045 proe-

132 1066 279 1105 liorum
305 1065 631 1115 delectantem-²5).
685 1066 750 1104 Ae
778 1066 857 1103 iam
886 1077 1021 1115 supra,
1053 1065 1180 1103 cladis
1207 1063 1410 1103 Varianae
1440 1064 1609 1103 mentio-

131 1147 221 1174 nem
264 1134 514 1184 recuperatis
556 1134 706 1183 aquilis
748 1134 972 1184 ignominia
1012 1133 1157 1185 populi
1192 1132 1368 1172 Romani
1409 1132 1642 1171 exstincta'

132 1203 302 1242 maxime
330 1201 571 1242 Germanico
607 1203 754 1242 honori
790 1202 882 1241 duci
915 1215 1049 1253 posse,
1084 1207 1281 1252 quatenus
1317 1214 1478 1241 necesse
1510 1205 1609 1252 erat,

130 1272 315 1322 exposui.
368 1271 463 1311 Hoc
497 1273 587 1311 loco
616 1272 871 1310 adiciendum
898 1271 995 1311 mihi
1024 1274 1098 1321 est,
1135 1271 1244 1321 quod
1271 1273 1395 1322 poeta
1422 1270 1609 1319 quemad-

132 1341 292 1380 modum
322 1341 536 1381 Chelarum
569 1345 730 1392 partum
765 1341 822 1380 sic
857 1353 943 1380 eam
979 1341 1241 1391 vicinitatem,
1274 1340 1380 1379 unde
1408 1340 1478 1379 ille
1507 1352 1609 1379 sum·

130 1422 233 1449 mam
267 1410 347 1449 sibi
383 1411 557 1461 gloriam
592 1410 824 1460 acquisivit,
858 1422 1038 1460 premere
1068 1411 1183 1449 solet.
1237 1410 1352 1449 Dicit
1377 1409 1482 1448 enim
1511 1407 1610 1448 Ger-

130 1479 302 1518 maniam
328 1479 408 1530 111,
447 1483 519 1520 117
556 1480 713 1530 siccam,
748 1479 824 1529 IV,
859 1481 934 1518 692
971 1480 1077 1519 inter
1113 1492 1207 1520 suos
1242 1483 1385 1530 partus
1419 1479 1608 1528 obstupe-

130 1547 277 1588 factam
316 1561 352 1588 v.
390 1550 463 1589 719
499 1550 640 1588 flavam
674 1561 748 1600 per
783 1550 969 1599 ingentes
1006 1553 1149 1600 partus
1181 1554 1425 1599 surgentem,
1464 1559 1501 1588 v,
1537 1550 1611 1588 794

129 1616 226 1656 feris
262 1620 419 1657 tantum
453 1619 618 1669 dignam
652 1625 832 1659 matrem.
886 1619 1030 1669 Neque
1066 1632 1161 1658 vero
1196 1619 1274 1658 hoc
1301 1620 1516 1658 verborum
1543 1632 1610 1670 ge-

132 1698 226 1726 nere
262 1691 415 1726 ceteras
451 1692 582 1727 terrae
615 1690 805 1738 regiones
842 1689 1071 1739 distinguit.
1127 1688 1262 1737 Quare
1293 1689 1472 1728 iudicare
1500 1689 1610 1739 cogi-

131 1767 218 1794 mur
244 1755 381 1795 datam
409 1756 533 1796 fuisse
562 1757 599 1796 ei
629 1762 750 1796 antea
776 1759 1029 1797 occasionem
1057 1757 1281 1797 Germanos
1309 1758 1421 1808 ipsos
1440 1759 1611 1808 propius

133 1825 359 1875 spectandi.
414 1825 590 1877 Tempus
617 1830 751 1866 autem
778 1827 872 1866 huic
897 1828 958 1866 rei
987 1827 1376 1878 opportunissimum
1405 1827 1494 1876 suit,
1522 1838 1611 1865 cum

131 1891 296 1934 illorum
330 1895 461 1934 victor
497 1895 651 1934 Urbem
685 1896 869 1935 intraret.
907 1917 958 1925 -
999 1896 1081 1936 Sed
1115 1897 1289 1936 fortasse
1324 1897 1412 1946 ipse
1447 1908 1608 1946 quoque

130 1963 328 2003 Manilius
356 1965 458 2003 duce
487 1964 727 2005 Germanico
757 1966 800 2004 in
828 1966 992 2005 sedibus
1019 1965 1326 2015 Cheruscorum,
1357 1965 1611 2014 Chattorum,

130 2032 473 2083 Angrivariorum
509 2046 691 2083 quaeque
726 2035 829 2074 aliae
865 2036 1052 2074 nationes
1088 2047 1214 2084 usque
1249 2035 1300 2073 ad
1327 2035 1471 2073 Albim
1506 2035 1610 2074 colc-

131 2102 232 2140 bant
259 2102 342 2141 sive
373 2102 579 2153 stipendia
606 2116 761 2143 merens
790 2104 873 2143 sive
900 2104 1024 2143 animi
1053 2115 1174 2143 causa
1201 2108 1384 2142 versatus
1413 2106 1487 2152 est,
1522 2104 1609 2153 ipse

135 2171 397 2221 asperitatem
425 2172 557 2210 nostri
586 2173 699 2222 caeli,
727 2173 1008 2214 difficultatem
1026 2173 1248 2222 deviorum,
1276 2173 1467 2211 ferociam
1485 2172 1611 2211 homi-

133 2251 229 2278 num
261 2244 302 2278 et
336 2240 557 2281 bestiarum
593 2242 760 2281 moleste
794 2243 903 2292 tulit,
938 2243 1026 2293 ipse
1063 2242 1104 2280 in
1141 2241 1246 2280 saltu
1283 2241 1611 2291 Teutoburgensi

135 2308 264 2348 oculis
299 2311 512 2360 conspexit
547 2323 654 2350 anno
689 2312 861 2361 septimo
890 2315 987 2362 post
1014 2311 1167 2350 cladem
1194 2309 1416 2349 Varianam
1441 2322 1610 2360 „graves

135 2389 268 2417 rerum
294 2378 579 2429 hominumque
607 2381 784 2419 ruinas“.
824 2380 919 2419 Hoc
947 2380 1108 2430 quidem
1134 2391 1211 2430 pro
1239 2382 1350 2418 certo
1371 2379 1500 2418 habeo
1521 2379 1609 2417 Ma-

132 2446 275 2486 nilium
313 2451 431 2498 post
471 2449 717 2500 triumphum
751 2448 981 2489 Germanici
1016 2448 1057 2487 in
1092 2449 1286 2488 comitatu
1320 2448 1457 2499 fuisse,
1500 2448 1609 2498 quod

135 2514 237 2554 scire
263 2519 404 2556 nostra
431 2518 474 2556 in
502 2519 740 2568 quaestione
768 2519 860 2569 plus
889 2519 1009 2557 valet.

237 2583 381 2634 Itaque
415 2586 547 2626 missis
583 2588 840 2638 coniecturis,
867 2588 1022 2638 {quibus
1050 2587 1266 2638 indulgens
1293 2599 1445 2637 vereor,
1481 2599 1529 2625 ne
1558 2586 1609 2625 ad

137 2664 264 2703 nugas
291 2654 546 2705 ineptiasque
571 2656 819 2708 effingendas
840 2657 1092 2707 descendam,
1119 2661 1284 2697 transeo
1305 2656 1357 2696 ad
1374 2655 1609 2696 testimonia

225 2795 253 2844 ⁵)
277 2796 368 2834 Tac.
392 2796 490 2835 Ann.
514 2798 563 2844 11,
585 2799 642 2836 41.
