1930 3320
0 2488 21 2511 7?

754 280 1039 320 ...19-

150 411 283 451 minus
313 408 426 449 sidus
455 406 633 447 omnium
659 406 947 456 Augustorum
972 390 1098 440 fuisse
1125 399 1305 438 dicamus
1333 397 1522 446 civesque
1551 406 1635 434 ere-

151 479 305 520 didisse
338 477 459 516 unius
495 476 690 524 cuiusque
724 474 898 513 animam
931 483 980 510 eo
1017 470 1180 509 evolare
1217 471 1339 517 atque
1367 470 1415 505 ut
1441 465 1484 504 in
1514 465 1635 504 terris

153 549 212 588 sie
245 548 288 587 in
325 547 438 586 caelo
473 545 652 596 principi
687 543 915 594 principem
950 539 1175 579 succedere.
1227 537 1334 576 Nam
1370 538 1416 575 ut
1450 534 1557 574 infra
1593 534 1637 572 in

153 618 188 669 Ι,
225 618 299 658 799
335 619 409 666 est,
444 614 608 665 „proles
637 613 752 651 Julia
779 610 990 650 descendit
1018 609 1131 648 caelo
1160 608 1394 657 caelumque
1422 603 1638 655 replevit“,

153 689 276 736 atque
303 688 469 723 auctore
501 682 651 722 Ovidio
683 681 869 720 Caesaris
897 691 960 719 res
988 681 1127 730 gestae
1156 690 1246 716 eum
1281 676 1350 726 „in
1379 675 1524 714 sidus
1551 685 1638 712 ver-

154 758 240 795 tere
280 766 429 794 novum
471 753 711 802 stellamque
753 750 1016 790 comantem“.
1081 747 1172 796 Quo
1214 746 1355 797 posito
1397 755 1514 784 nemo
1559 742 1640 781 iam

156 825 343 864 haerebit
373 803 414 862 111
443 835 561 862 versu
591 825 770 861 ext-remo
802 818 971 870 legensz'

329 891 494 937 „Caesar
517 902 636 927 nunc
659 891 778 933 terne,
803 891 910 935 post
936 887 1040 930 caelo
1065 886 1248 922 maximus
1275 882 1480 927 auctor“‚

159 963 231 1004 sed
258 963 337 1002 etsi
364 963 422 1002 ibi
458 960 641 1000 adulatio
678 964 760 998 tam
796 959 877 996 late
914 959 1042 1008 patet,
1077 959 1124 995 ut
1159 955 1380 1005 quemlibet
1413 952 1642 1004 principem

157 1033 349 1083 attingat,
377 1036 512 1070 tamen
541 1043 623 1069 non
652 1030 864 1079 ignorans,
898 1030 1091 1076 quantum
1119 1025 1161 1063 in
1189 1022 1486 1074 cognoscendis
1515 1021 1641 1060 caele-

157 1102 289 1141 stibus
309 1085 443 1140 ¹rebus
479 1098 702 1150 profecerit
730 1097 933 1145 Tiberius,
969 1095 1101 1144 huius,
1136 1094 1289 1144 quippe
1325 1092 1390 1131 cui
1418 1092 1521 1130 bene
1549 1102 1642 1129 con-

157 1170 326 1210 veniant
352 1170 501 1219 omnia,
529 1167 760 1207 memoriam
790 1164 1092 1215 redintegrabit
1118 1163 1197 1202 11οο
1225 1162 1308 1200 fere
1336 1161 1478 1200 modo:
1514 1159 1564 1198 In
1593 1159 1644 1198 si-

157 1239 253 1278 dere
270 1238 478 1289 Augusto,
508 1237 620 1276 cuius
642 1249 793 1275 summa
813 1236 855 1273 in
876 1235 988 1274 caelo
1010 1234 1070 1271 vis
1097 1232 1403 1281 auctoritasque
1432 1234 1506 1280 est,
1536 1241 1643 1268 nunc

156 1311 303 1359 regnat
322 1306 588 1356 Octavianus,
616 1307 658 1343 in
680 1306 777 1344 orbe
797 1307 995 1344 terrarum
1022 1308 1079 1353 tu,
1110 1301 1270 1350 Tiberi;
1302 1301 1371 1340 sed
1400 1304 1446 1338 ut
1472 1299 1645 1350 primum

159 1377 267 1416 diem
295 1379 524 1426 supremum
552 1375 716 1425 obieris,
752 1377 849 1425 post
881 1376 1039 1423 patrem
1074 1383 1269 1410 summum
1302 1370 1403 1408 caeli
1432 1368 1646 1419 imperium

164 1445 385 1486 obtinebis.

267 1514 455 1554 Ceterum
482 1514 560 1552 1100
580 1498 679 1552 'loco
709 1511 1009 1551 animadvertas
1037 1511 1091 1550 sis
1111 1510 1329 1549 Manilium
1348 1508 1486 1548 verbis
1506 1507 1645 1546 ludere

164 1584 319 1635 iisdem,
355 1584 502 1634 quibus
536 1583 586 1622 de
615 1583 782 1621 Tiberio
819 1582 1103 1632 ipse‘quoque
1134 1578 1307 1618 Ovidius
1341 1578 1383 1616 in
1414 1577 1553 1616 Fastis
1596 1576 1648 1628 (I,

164 1653 386 1704 608-616)
416 1652 562 1692 Jovem
589 1653 803 1691 invocans:

383 1723 539 1768 „Auge
549 1724 595 1757 at
619 1722 810 1768 imperium
834 1720 950 1756 nostri
975 1719 1088 1762 ducis,
1115 1721 1252 1764 augeat
1277 1718 1430 1753 annos“.

292 1791 387 1831 Jam
421 1803 517 1830 vero
554 1791 597 1830 in
630 1791 763 1830 sidere
791 1790 986 1840 Augusto
1021 1789 1175 1827 animas
1206 1786 1345 1826 Juliae
1374 1786 1509 1838 gentis
1536 1785 1650 1825 habi·

162 1865 252 1900 tare
283 1863 406 1910 atque
441 1860 535 1899 inde
569 1861 756 1911 principe
783 1860 974 1910 Augusto
1004 1862 1135 1897 totum
1165 1857 1320 1896 caelum
1347 1868 1487 1907 regere
1521 1856 1650 1895 multo

165 1929 315 1968 clarius
348 1932 521 1980 apparet
551 1941 601 1967 ex
629 1941 676 1968 eo
706 1930 812 1979 loco,
840 1928 946 1966 unde
974 1927 1259 1966 Lachmannus
1289 1925 1544 1975 quaestionis
1574 1925 1649 1963 ini-

168 1997 270 2037 tium
303 1998 487 2047 sumpsit.
542 1997 692 2036 Exstat
726 2002 860 2036 autem
889 1996 996 2035 inter
1029 2008 1188 2035 versum
1218 1996 1252 2045 I,
1287 1996 1362 2034 798
1390 1999 1432 2033 et
1459 1996 1547 2044 804,
1583 1994 1654 2033 ubi

172 2077 367 2115 quaenam
406 2078 470 2105 res
511 2079 536 2105 a
576 2067 662 2105 fato
705 2067 747 2104 in
790 2066 1000 2105 stellarum
1037 2065 1268 2103 numinibus
1306 2064 1509 2102 collocato
1546 2063 1656 2114 apud

173 2133 352 2174 Graecos
393 2140 434 2174 et
467 2135 677 2175 Romanos
719 2136 799 2174 iam
840 2135 1048 2186 praeclare
1093 2138 1232 2184 gestae
1269 2133 1354 2172 sint
1387 2137 1451 2171 sat
1487 2132 1655 2184 copiose

173 2215 367 2243 enarrans
396 2215 485 2244 cum
511 2205 640 2244 multa
667 2209 791 2255 poeta
819 2204 986 2254 scripsit
1013 2207 1098 2242 tum
1125 2203 1244 2242 haec:

879 2272 1061 2317 „Veneris
1087 2273 1134 2308 ab
1160 2272 1300 2317 origine
1325 2271 1449 2318 proles

402 2331 504 2367 Julia
527 2331 719 2367 descendit
743 2331 848 2366 caelo
874 2330 1129 2376 caelumque
1154 2329 1376 2376 replevit,

403 2389 511 2433 Quod
534 2390 629 2434 regit
645 2389 836 2435 Augustus
861 2399 878 2423 s
892 2388 992 2423 ocio
1018 2399 1084 2434 per
1101 2387 1207 2433 signa
1225 2388 1446 2431 Tonante,

407 2446 534 2483 Cernit
558 2450 596 2482 et
619 2447 656 2482 in
683 2448 788 2482 coeto
813 2446 945 2481 Divum
971 2456 1217 2491 magnumque
1243 2444 1442 2490 Quirinum,

405 2503 532 2540 Altius
557 2505 721 2540 aetherei
746 2515 855 2550 quam
881 2503 1016 2539 candet
1042 2503 1198 2539 circulus
1227 2503 1334 2539 orbis.

409 2557 480 2597 ma
505 2561 637 2596 deum
664 2562 783 2605 sedes,
808 2562 904 2597 haec
927 2561 977 2596 illi
1002 2560 1173 2607 proxima
1195 2561 1370 2606 Divum,

410 2618 481 2662 Qui
506 2619 638 2655 virtute
663 2630 731 2655 sua
756 2620 894 2655 similes
919 2619 1076 2664 vestigia
1099 2620 1292 2664 tangunt'‘.

283 2686 396 2736 Quae
437 2689 562 2726 verba
602 2688 682 2727 iam
724 2687 934 2739 Scaligero
977 2688 1216 2739 ceterisque⁷
1259 2688 1328 2737 qui
1369 2699 1528 2727 carmen
1569 2691 1663 2726 ante

182 2758 352 2796 mortem
384 2755 567 2807 Augusti
604 2758 800 2808 scriptum
832 2770 920 2797 esse
955 2757 1120 2796 aliunde
1157 2757 1401 2808 cognovisse
1438 2757 1518 2796 sibi
1552 2756 1663 2796 vide-

184 2825 348 2876 bantur,
387 2826 602 2866 maximum
641 2825 867 2866 iniecerunt
907 2829 1151 2879 scrupulum.
1215 2826 1364 2877 Quare,
1404 2826 1540 2876 inquit
1579 2825 1664 2874 ille,

1413 2899 1459 2939 231·
