1936 3392
405 359 455 399 16

402 489 528 529 quam
565 477 723 529 (11011111)
767 501 820 505 —
867 477 961 516 177.
998 475 1188 530 fulgeret]
1226 475 1449 529 fulgerent,
1483 477 1555 517 sed
1588 490 1617 516 n
1651 477 1858 532 ewpunoeit

393 559 461 599 pr.
493 559 547 586 m.
587 571 640 574 —
682 546 775 586 178.
806 544 1016 599 immerso]
1054 546 1255 585 immenso
1293 570 1347 574 ———
1386 544 1579 600 Olympo]
1611 546 1764 601 olimpo
1801 572 1856 577 —

403 615 495 655 181.
539 615 657 656 cadat
697 618 738 656 et
774 614 933 669 subeat]
972 615 1133 655 caderet
1170 614 1358 668 (cader&)
1397 615 1541 657 subeat
1583 641 1636 646 —-
1681 616 1856 672 caelum]

400 685 561 725 coelum
607 711 661 714 —
708 686 801 726 184.
838 684 933 738 fata]
973 685 1079 725 facta
1122 709 1174 714 -
1224 685 1317 725 186.
1355 684 1563 740 Phoebus]
1600 686 1760 740 phebus
1801 711 1856 716 —

400 754 514 808 caeli]
554 755 657 795 coeli
702 780 754 783 —
798 754 944 807 isdem]
982 754 1129 795 iisdem
1175 779 1228 783 —-
1276 755 1368 795 189.
1406 755 1612 810 tirocinio]
1649 757 1856 808 tyrocinio

400 850 453 853 ——
495 825 590 865 190.
628 826 700 878 qui
736 828 918 878 tempora
954 824 1170 877 monstrat]
1210 824 1320 877 quod
1355 825 1495 878 (quod)
1527 829 1712 879 tempora
1740 838 1858 867 mon-

399 898 527 934 strant
558 919 610 923 —
652 895 746 935 192.
777 894 829 934 ad
861 893 1012 947 ortum]
1045 894 1097 934 ad
1128 897 1243 934 ortus
1275 919 1329 923 —-
1364 895 1456 935 193.
1488 894 1664 950 caelum]
1696 895 1858 937 coelum

399 988 452 992 —
485 963 586 1004 Post
615 978 651 1004 v.
670 965 757 1004 193
779 978 855 1005 ser.
876 978 944 1018 pr.
970 978 1046 1004 m..-
1086 976 1219 1011 QVARE
1254 963 1402 1010 TERHRA
1435 955 1539 1015 111011
1567 977 1764 1006 1101111111-
1801 990 1855 996 -

400 1034 493 1073 198.
535 1032 748 1088 Phoebus]
796 1033 913 1088 pheb.
965 1059 1018 1062 —
1070 1034 1164 1074 212.
1208 1046 1342 1087 neque
1383 1034 1501 1089 finis]
1543 1047 1622 1076 nec
1662 1035 1758 1077 finis
1801 1061 1855 1066 —

398 1103 493 1143 214.
525 1103 663 1157 tellus]
695 1103 824 1144 stellis
857 1129 907 1132 —
942 1103 1092 1156 manet]
1124 1107 1293 1144 manent
1323 1129 1377 1133 ——
1408 1104 1574 1159 figurat]
1598 1104 1778 1160 figurant
1801 1131 1855 1135 —

398 1173 493 1213 220.
525 1172 727 1226 coercent]
754 1173 974 1213 cohercent
1005 1198 1058 1202 —
1092 1174 1188 1213 224.
1216 1187 1312 1214 eoae
1335 1175 1386 1214 in
1409 1188 1491 1215 ras.
1525 1199 1579 1204 --
1611 1176 1706 1216 225.
1733 1188 1856 1230 quae—

397 1242 575 1296 cunque]
600 1255 888 1296 quaecumque
914 1268 967 1271 ——
995 1243 1089 1283 227.
1110 1242 1331 1298 Sacraque]
1353 1243 1534 1298 Seraque
1559 1270 1611 1274 ——
1640 1246 1735 1286 229.
1754 1245 1854 1300 toto]

395 1314 470 1354 toti
510 1337 562 1341 —
603 1314 698 1353 234.
729 1312 869 1366 gyros]
900 1314 1011 1366 giros
1055 1338 1108 1342 ——
1154 1315 1248 1354 238.
1281 1313 1378 1368 oris]
1409 1314 1523 1355 110110
1565 1340 1620 1344 —-
1665 1316 1760 1356 245.
1791 1327 1856 1356 so-

395 1381 613 1436 mnosque]
634 1395 799 1431 somnos
820 1383 911 1434 (om.
935 1384 1029 1436 que)
1051 1409 1104 1412 —
1124 1382 1323 1438 membra]
1343 1384 1518 1425 menbra
1535 1410 1589 1414 ——<
1611 1386 1706 1426 248.
1726 1384 1856 1426 Mem-

16 1471 18 1473 >
53 1476 96 1501 κ,
279 1454 342 1494 “x
395 1451 567 1506 braque]
594 1430 934 1509 MenbraHnQ—
968 1454 1062 1493 252.
1087 1453 1228 1507 partis]
1254 1457 1389 1508 partes
1421 1479 1473 1483 ——
1507 1455 1601 1495 253.
1625 1454 1769 1496 Altera
1792 1454 1854 1510 ut]

99 1497 188 1562 N
344 1487 512 1562 &fimiter
541 1525 588 1562 ut
619 1546 672 1551 -
706 1522 800 1562 264.
832 1511 1038 1576 aversum]
1072 1519 1290 1564 adversum
1323 1548 1376 1553 —
1411 1524 1505 1564 265.
1533 1523 1759 1579 notantem]
1784 1537 1856 1566 vo-

394 1596 554 1633 cantem
596 1617 647 1620 ——
690 1593 784 1632 272.
817 1591 1019 1646 defundit]
1052 1592 1248 1634 diffundit
1281 1619 1333 1622 —-
1368 1595 1462 1634 274.
1493 1593 1713 1649 eludentis]
1745 1594 1855 1636 clau-

395 1662 527 1702 dentis
565 1687 617 1691 —
659 1663 752 1702 275.
784 1661 931 1715 Atqui]
962 1662 1020 1703 At
1051 1664 1122 1716 qui
1159 1688 1213 1719 ‘—
1246 1677 1342 1704 cum
1372 1663 1521 1718 surgis]
1553 1665 1770 1719 consurgit
1799 1689 1852 1694 -—

395 1732 490 1772 276.
516 1731 642 1786 caelo]
675 1732 831 1772 mundo
865 1757 917 1761 -—
952 1733 1046 1773 284.
1073 1732 1273 1787 constitit]
1305 1734 1508 1788 conspicit
1538 1758 1592 1764 —-—
1625 1735 1720 1775 285.
1745 1737 1856 1775 stant

392 1801 556 1856 robora]
594 1805 673 1843 stat
708 1802 854 1843 robore
892 1827 946 1832 —-
985 1803 1079 1843 296.
1113 1803 1270 1858 arcum]
1302 1807 1462 1845 arctum
1500 1829 1554 1834 —
1586 1805 1687 1857 299.
1719 1803 1854 1857 Cyno-

393 1871 503 1926 sura]
539 1885 737 1913 cenosura
774 1897 827 1901 —-
868 1873 962 1913 305.
994 1874 1103 1914 inter
1131 1872 1264 1927 fusus]
1296 1873 1519 1920 interfusus
1557 1899 1610 1904 —
1650 1875 1744 1916 307.
1775 1887 1854 1915 un-

394 1941 533 1996 quam]
566 1955 767 1996 umquam
799 1967 853 1971 —-
895 1942 938 1982 V.
956 1943 1039 1983 316
1062 1947 1161 1997 post
1190 1957 1225 1983 v.
1249 1945 1334 1984 313
1362 1932 1537 1985 collocat.
1570 1969 1623 1974 ——
1647 1933 1757 2003 314.Ι
1782 1944 1854 1985 fri-

391 2012 541 2066 gentis]
566 2012 764 2066 frigentes
790 2038 842 2041 -
871 2013 965 2053 315.
985 2013 1157 2067 species]
1181 2014 1331 2067 speties
1356 2039 1410 2043 —
1438 2014 1532 2054 316.
1552 2013 1854 2079 Arctophylax]

392 2081 579 2122 artofilax
611 2091 665 2111 ⁴—
699 2083 794 2123 321.
825 2083 870 2139 in
901 2082 1053 2137 medio]
1084 2084 1128 2123 in
1158 2083 1297 2124 media
1333 2083 1632 2138 (distinquitur
1649 2087 1748 2139 post
1770 2098 1851 2126 voc.

392 2152 592 2205 circulus,
632 2166 721 2193 non
751 2139 966 2207 postssvoe.
1003 2153 1182 2206 radians)
1227 2179 1281 2183 —
1326 2155 1420 2194 323.
1458 2153 1640 2196 desertae
1674 2153 1851 2210 fulgent]

392 2222 575 2263 desertae
608 2226 650 2263 et
677 2222 838 2277 fulgent
874 2248 927 2252 —
965 2223 1246 2278 monumenta]
1278 2225 1532 2264 monimenta
1569 2249 1622 2254 —
1662 2225 1757 2265 325.
1788 2223 1853 2266 Si-

392 2291 502 2346 dera]
535 2291 693 2344 Sydera
730 2318 783 2322 ——
822 2292 997 2348 ceperat]
1036 2297 1223 2347 caeperat
1265 2318 1318 2322 ——
1364 2294 1457 2334 326.
1489 2293 1729 2348 manesque]
1752 2307 1852 2351 Q

31 2384 120 2430 ΝΒ,
391 2374 577 2419 nansque
608 2387 662 2391 —
697 2364 790 2403 329.
822 2362 970 2417 sidera]
1003 2363 1151 2415 sydera
1181 2388 1234 2392 —
1269 2364 1363 2404 330.
1394 2362 1645 2418 inmensum]
1676 2364 1852 2405 immen-

390 2445 481 2472 sum
521 2457 574 2461 —
615 2433 708 2472 331.
742 2431 998 2487 Ophiuchus]
1032 2433 1234 2487 ophiucus
1271 2458 1324 2462 -—-
1365 2434 1458 2474 332.
1489 2431 1667 2486 Dividit,
1699 2436 1739 2475 et
1767 2434 1850 2475 iam

390 2506 476 2542 toto
513 2505 729 2556 urgentem
765 2515 934 2557 corpore
965 2502 1129 2557 corpus]
1161 2501 1334 2544 Dividit.
1366 2507 1488 2557 atque
1518 2504 1642 2544 etiam
1671 2506 1757 2544 toto
1785 2505 1849 2545 in-

388 2584 490 2625 gens
525 2584 694 2626 corpere
731 2585 879 2627 corpus
922 2597 976 2602 —
1022 2574 1116 2614 333.
1154 2571 1358 2627 Explicat]
1395 2571 1588 2627 Explicet
1621 2571 1849 2628 (Explicdc),
1903 2626 1907 2629 .

389 2655 591 2695 super-ser.
617 2656 685 2695 pr.
710 2656 765 2682 m.
797 2643 866 2683 vel
889 2646 930 2684 at
961 2668 1014 2672 —
1047 2647 1087 2684 et
1110 2642 1256 2697 nodos]
1276 2643 1370 2695 ct(?)
1395 2642 1526 2683 nodos
1557 2668 1610 2672 —
1644 2643 1738 2684 335.
1763 2642 1849 2684 Ex-

390 2711 487 2766 silit]
524 2710 579 2752 Et
614 2712 727 2752 dedit
769 2737 822 2741 —
868 2713 962 2753 336.
999 2727 1074 2767 par
1109 2717 1148 2754 et
1182 2711 1354 2766 bellum]
1390 2711 1564 2767 paribus
1600 2712 1755 2754 bellum
1792 2709 1847 2743 ‘—

391 2782 485 2821 337.
518 2780 667 2836 Cygni]
699 2783 812 2836 cigni
850 2808 904 2812 —-
945 2783 1038 2824 338.
1069 2781 1280 2837 pretium]
1296 2783 1426 2836 pretio
1463 2807 1517 2812 —-
1557 2783 1651 2823 340.
1681 2783 1849 2838 plumea

388 2851 499 2892 inest
530 2876 584 2881 —
617 2853 711 2892 341.
744 2852 949 2907 diductas]
982 2853 1178 2894 deductas
1209 2877 1263 2881 —
1296 2853 1390 2893 343.
1422 2851 1579 2906 Sidera]
1609 2851 1767 2905 Sydera
1791 2878 1845 2889 —

391 2922 485 2962 344.
511 2921 604 2976 ceu]
630 2923 699 2963 cui
724 2947 778 2952 —
803 2922 976 2977 mundo]
1002 2923 1148 2964 mundi
1173 2948 1227 2953 —
1255 2923 1349 2964 347.
1374 2921 1613 2977 utrumque]
1635 2926 1846 2978 utrunque
