1930 3320
924 246 1197 285 -18-

339 367 388 407 In
420 381 545 408 versu
577 366 689 407 enim
718 367 857 421 priore
889 356 1024 407 codex
1055 366 1238 422 optimus
1270 366 1309 408 G
1332 367 1506 409 exhibet
1543 368 1596 410 Ut
1621 370 1677 409 su
1704 382 1803 419 eum,

337 435 478 489 itaque
502 434 694 488 Scaliger
723 437 836 474 recte
866 436 913 474 ut
928 435 978 486 fit
995 447 1084 474 cum
1104 435 1249 489 legere
1272 435 1373 477 mihi
1395 435 1584 484 videtum
1614 436 1658 477 in
1678 450 1804 478 versu

334 502 482 553 altero,
514 502 557 542 in
587 515 668 556 quo
701 501 818 542 codd.
841 514 1058 553 suspensas
1089 501 1140 555 (O
1171 514 1366 554 suspensa
1393 505 1441 544 iu
1470 504 1656 558 trepidis)
1681 518 1803 560 prae-

333 569 453 620 bent,
494 583 518 609 a
547 569 743 610 Bentleio
786 573 899 611 recte
930 570 1173 611 restitutum
1205 574 1271 611 est
1300 583 1496 623 suspensa
1524 572 1571 613 in
1599 573 1802 624 strepims.

444 635 558 678 Ante
605 640 763 678 mutam
808 651 899 678 cum
939 637 1099 691 liquida
1142 638 1319 680 brevem
1356 639 1526 680 finalem
1555 639 1803 695 productam

333 703 481 745 statuit
509 703 690 745 Iacobus
721 704 911 745 versibus
942 704 1126 746 duobus:

500 772 521 813 I
566 776 618 814 90
650 774 812 826 Semper
841 774 947 814 euim
977 787 1026 814 ex
1054 774 1152 815 aliis
1181 774 1296 815 alia
1317 774 1595 826 proseminat
1621 787 1720 816 usus

384 846 426 883 ot
457 841 523 883 III
546 844 625 882 250
655 842 890 894 Reyulaque
926 843 1108 882 exacta
1140 842 1342 893 primum
1366 840 1568 896 formetur
1596 842 1642 882 iu
1670 841 1803 885 horas.

332 910 381 951 In
412 910 492 951 hoc
519 925 602 952 non
624 910 770 951 dubito
800 910 899 964 quin
930 923 1023 951 cum
1054 909 1271 965 Scaligero
1301 911 1463 951 maetas
1494 909 1804 952 emendandum

333 978 406 1026 sit;
446 978 490 1018 in
530 978 603 1019 illo
641 978 728 1019 alia
758 977 966 1032 quomodo
1005 978 1159 1018 mutari
1189 977 1344 1033 possit,
1383 977 1529 1018 nescio
1561 976 1632 1031 (cf.
1662 977 1803 1032 infra).

332 1044 498 1086 Ceteris
542 1046 646 1086 locis
684 1045 896 1096 omnibus,
934 1049 977 1087 et
1012 1045 1065 1086 iis
1101 1059 1185 1086 non
1227 1045 1394 1100 pauciS‚
1441 1044 1593 1099 quibus
1629 1044 1803 1086 brevem

331 1114 502 1156 finalem
534 1114 724 1169 sequitur
753 1117 868 1154 muta
899 1127 991 1154 cum
1021 1112 1193 1167 liquida,
1225 1112 1391 1167 syllaba
1419 1112 1493 1153 illa
1523 1111 1759 1168 corripitur.

441 1181 579 1223 Ante
609 1194 632 1222 z
662 1195 938 1222 consonam
967 1180 1167 1221 Manilius
1198 1181 1372 1222 brevem
1415 1179 1586 1221 finalem
1615 1180 1802 1237 corripit,

331 1250 450 1291 cuius
482 1250 702 1303 neglectae
733 1249 955 1304 positionis
988 1249 1185 1304 exempla
1215 1252 1362 1290 extant
1393 1247 1494 1289 duo:

440 1317 507 1358 III
539 1319 618 1358 319
651 1315 847 1369 Obliquus
877 1317 1014 1366 iaceat,
1045 1318 1149 1357 reete
1178 1317 1313 1357 tamen
1342 1315 1524 1356 ordine
1552 1327 1704 1357 zonae

441 1384 506 1425 III
537 1387 616 1425 625
651 1383 806 1426 Cancer
833 1383 890 1425 ad
917 1384 1092 1425 aestivae
1116 1382 1252 1438 fulyet
1274 1382 1508 1437 f'astiyia
1537 1394 1710 1424 zonae.

328 1455 378 1494 In
408 1453 558 1495 mediis
590 1453 805 1495 vocabulis
839 1453 1046 1508 syllabam
1077 1453 1198 1494 brevi
1228 1451 1367 1493 vocali
1394 1455 1492 1493 ante
1522 1454 1682 1492 mutam
1709 1464 1803 1492 cum

330 1521 492 1576 liquida
522 1522 728 1562 collocata
749 1521 961 1575 insignem
978 1519 1178 1561 Manilius
1201 1533 1294 1561 cum
1318 1518 1567 1574 saepissime
1589 1517 1803 1574 corripiat,

329 1591 464 1632 rarius
515 1589 727 1645 producit;
774 1602 1028 1643 quamquam
1073 1588 1118 1628 in
1169 1601 1252 1628 uno
1307 1587 1556 1629 hexametro
1611 1586 1803 1628 eiusdem

329 1658 522 1700 vocabuli
552 1657 729 1712 primam
763 1657 967 1711 syllabam
999 1655 1124 1697 modo
1155 1655 1350 1711 producit
1379 1654 1503 1695 modo
1535 1654 1726 1709 corripit:

440 1724 482 1764 II
513 1726 592 1764 675
625 1723 774 1765 Sidera
802 1722 1036 1774 quadrata
1064 1721 1253 1776 efficiunt
1281 1734 1363 1762 uon
1394 1721 1474 1774 leqe
1503 1720 1735 1774 quadrata

328 1792 572 1849 producitur
626 1791 755 1845 igitur
806 1789 1014 1831 eiusmodi
1074 1789 1238 1844 syllaba
1290 1771 1802 1841 communffitu,

331 1860 554 1915 corripitur
583 1860 627 1900 in
657 1859 742 1900 arsi
758 1858 804 1913 ¹).
864 1857 988 1905 Quod
1010 1862 1154 1899 autem
1175 1857 1357 1898 Iacobus
1378 1855 1441 1896 IV
1459 1857 1539 1896 635
1561 1857 1802 1912 temptavit:

510 1927 570 1968 Et
602 1926 821 1980 Cypriae
856 1926 1034 1978 Cypros
1056 1925 1254 1976 pulsatur
1279 1923 1468 1974 fluetibus
1496 1924 1636 1974 owmis,

331 1995 655 2052 improbandum
678 1999 764 2043 est;
786 2008 880 2035 cum
904 1994 1017 2035 enim
1040 1992 1207 2034 codices
1231 1991 1269 2033 Gr
1291 1996 1334 2034 et
1351 1991 1410 2036 V2
1428 1986 1805 2046 Aeyyptia‘Gyfflos

329 2065 578 2120 praebeant⁷
611 2077 706 2105 cum
727 2062 926 2104 Bentleio
949 2061 1125 2114 Aeyyptz'
1144 2059 1298 2115 Cypros
1327 2084 1380 2089 —
1410 2058 1546 2100 amuis
1575 2059 1803 2101 emendan-

1273 2127 1288 2151 b
1424 2134 1443 2151 a

329 2166 429 2207 dum
467 2169 552 2212 est;
592 2164 728 2206 codex
768 2164 803 2204 L
840 2164 972 2205 habet
1000 2134 1193 2215 Aeyssptia
1229 2161 1360 2213 cipros
1391 2160 1584 2212 pulsatur
1621 2158 1802 2214 (litteras

329 2248 348 2276 e
378 2234 400 2275 b
430 2248 457 2274 a
488 2232 788 2289 superscripsit
817 2245 966 2273 manus
999 2229 1228 2285 secunda),
1274 2233 1400 2284 atque
1430 2228 1540 2270 hanc
1571 2231 1803 2271 correctam

330 2302 516 2357 speciem
548 2300 753 2342 exhibent
786 2299 818 2340 O
840 2299 896 2344 Vl
923 2298 967 2339 M
997 2301 1043 2339 ut
1073 2298 1314 2353 genuinam.

443 2368 699 2410 Observavit
754 2367 803 2410 L.
853 2367 1037 2407 Mueller
1095 2364 1301 2420 syllabam
1358 2363 1554 2405 vocabuli
1612 2363 1803 2406 ultimam

331 2437 506 2478 brevem
536 2435 714 2491 produci
744 2448 872 2490 posse
903 2434 1013 2475 ictus
1043 2433 1099 2485 vi⁷
1131 2432 1166 2473 si
1197 2431 1362 2487 syllaba
1399 2431 1473 2472 illa
1507 2431 1647 2486 posita
1678 2431 1733 2473 sit
1761 2431 1805 2473 in

329 2504 441 2546 thesi
486 2506 585 2544 ante
633 2515 853 2544 caesuram
899 2500 1162 2557 primariam;
1207 2499 1332 2540 huius
1376 2499 1485 2553 legis
1527 2501 1661 2540 testes
1691 2498 1804 2555 apud

329 2571 551 2613 Manilium
583 2574 680 2611 sunt
709 2584 858 2611 versus
889 2569 955 2610 hi:

424 2705 451 2749 1)
476 2705 510 2739 II
534 2704 600 2739 332
637 2703 860 2748 Quudsrative
881 2702 991 2746 fidem
1020 2702 1108 2737 caeli
1133 2712 1198 2746 per
1227 2701 1332 2744 siqua
1363 2699 1545 2745 quadrata
1573 2699 1733 2745 Scaliger
1768 2701 1805 2734 et

331 2761 516 2796 Bentleius
541 2772 606 2805 pro
631 2760 812 2804 quadrata
836 2759 966 2804 legunt
996 2762 1173 2803 quaterna
1204 2757 1365 2792 omnium
1395 2757 1557 2793 codicum
1588 2756 1804 2793 auctoritate

333 2819 439 2861 (teste
463 2817 651 2860 Becherto)
675 2815 756 2851 nisi.
