1910 3250
1001 287 1276 326 -66-

419 406 614 446 Merkelio
645 406 774 444 iudice
801 405 1012 454 probabile
1032 409 1093 444 est
1109 406 1331 446 meminisse
1350 419 1436 446 eum
1453 407 1563 458 pacis
1581 411 1673 446 ante
1691 408 1857 447 hiberna

419 487 453 512 a.
481 475 533 513 U.
561 476 646 520 769,
674 474 816 521 quibus
843 473 988 522 positis
1016 485 1036 510 e
1058 471 1340 512 Germanorum
1366 475 1509 512 finibus
1527 475 1695 513 Romam
1720 475 1856 514 trium-

416 541 566 591 phandi
594 551 711 578 causa
737 539 920 578 redierat.
960 539 1064 578 Nam
1081 551 1216 578 versus
1238 541 1312 579 iste
1333 541 1553 580 Ovidianus
1571 543 1629 580 ita
1646 542 1852 592 ambiguus

417 612 490 658 est,
523 611 568 646 ut
594 608 713 646 etiam
739 607 781 644 in
808 619 920 646 omne
947 606 1163 646 carminum
1188 608 1484 647 condendorum
1512 609 1687 647 studium
1713 609 1856 657 valcat,

416 686 542 724 neque
576 674 704 713 acrius
739 677 892 723 spectat
926 674 975 712 ad
1002 674 1156 712 Aratea
1191 686 1306 724 quam
1339 676 1388 714 ad
1417 675 1640 715 comoedias
1669 675 1854 725 Graecas,

417 754 513 792 quas
547 755 570 781 a
598 742 766 781 Caesare
799 742 1039 791 compositas
1072 753 1157 780 esse
1185 741 1439 792 Suetonius4)
1472 746 1656 781 testatur.
1710 742 1774 780 Ac
1804 753 1854 780 ne

414 811 490 848 hoc
516 810 673 859 quidem
699 820 857 847 necesse
882 809 1041 847 videtur
1067 821 1087 847 e
1112 810 1293 848 versibus
1321 810 1533 848 Fastorum
1560 811 1592 859 Ι,
1620 811 1680 859 23,
1708 810 1778 848 24:

616 882 789 926 „Scimus‚
812 884 850 916 et
874 882 920 916 ad
944 884 1087 917 nostras
1112 892 1191 917 cum
1216 893 1256 918 se
1278 882 1362 917 tulit
1384 883 1541 928 impetus
1571 884 1679 926 artes,

658 938 796 983 Ingenii
819 941 964 973 currant
987 938 1132 973 fiumina
1155 941 1291 984 quanta
1313 939 1398 983 tui“‚

414 1011 518 1050 unde
552 1010 652 1048 nihil
685 1022 851 1060 prorsus
887 1011 1056 1061 amplius
1092 1022 1213 1059 quam,
1233 1015 1273 1049 et
1301 1010 1488 1049 Ovidium
1515 1014 1555 1050 et
1582 1009 1856 1049 Germanicum

414 1079 491 1117 arti
524 1078 704 1128 poeticae
738 1090 879 1117 vacare
913 1079 1200 1128 cognoscimus,
1236 1090 1308 1117 nos
1343 1079 1508 1127 efficere,
1542 1081 1587 1116 ut
1613 1077 1685 1116 illo
1711 1079 1856 1116 retrac-

411 1149 523 1186 tante
550 1146 697 1184 Fastos
731 1146 837 1184 hunc
872 1146 949 1184 iam
975 1146 1103 1184 Arato
1131 1146 1253 1184 latine
1280 1146 1581 1195 interpretando
1608 1147 1697 1183 toto
1724 1145 1855 1182 animo

361 1217 364 1248 ἰ
414 1225 454 1252 se
487 1213 643 1252 dedisse
681 1224 918 1252 censeamus.
972 1212 1038 1251 An
1072 1213 1178 1262 quod
1213 1212 1382 1252 Ovidius
1417 1212 1460 1250 in
1492 1211 1626 1251 Fastis
1653 1211 1686 1261 Ι,
1719 1214 1769 1252 67
1794 1212 1855 1251 Ia-

411 1293 504 1319 num
532 1283 639 1320 orat:

658 1353 817 1397 „Dexter
841 1353 928 1388 ades
952 1353 1111 1396 ducibus,
1136 1363 1282 1399 quorum
1306 1363 1432 1389 secura
1453 1352 1580 1388 labore

656 1409 764 1445 Otia
786 1412 907 1445 terra
929 1409 1043 1453 ferax,
1067 1410 1162 1445 otia
1185 1413 1349 1455 pontus
1371 1410 1549 1453 habet“,

411 1482 508 1521 haec
533 1485 669 1532 potest
695 1494 780 1521 esse
806 1495 936 1532 causa,
970 1495 1040 1521 cur
1064 1483 1261 1522 Merkelio
1289 1483 1547 1522 concedamus
1575 1494 1662 1521 eum
1687 1485 1780 1521 ante
1810 1482 1852 1520 in

412 1549 637 1589 Germanici
665 1548 876 1601 carmine5)
903 1551 1070 1600 legisse:

611 1628 672 1673 „Si
695 1629 824 1664 Venus
846 1629 1012 1674 ingressa
1035 1631 1092 1664 est
1116 1628 1267 1675 spatiosi
1291 1628 1412 1664 sidera
1437 1629 1568 1671 cancri,

610 1685 770 1720 Pacem
795 1685 980 1721 mundus
1003 1686 1156 1727 habet3
1181 1696 1252 1720 non
1275 1685 1337 1720 ulli
1363 1695 1515 1730 corpora
1538 1685 1635 1721 soles

610 1742 782 1778 Pestiferi
804 1742 1001 1777 incendunt
1024 1753 1055 1777 e.
1079 1753 1138 1787 qu.
1162 1743 1236 1777 s.“?

407 1819 534 1858 Aliud
561 1820 706 1858 sentire
733 1821 850 1870 hunc,
877 1821 987 1859 aliud
1013 1821 1125 1859 illum
1151 1832 1222 1870 per
1249 1832 1289 1858 se
1316 1820 1446 1870 ipsum
1471 1823 1596 1869 patet.
1647 1819 1739 1858 Hoc
1763 1820 1850 1857 tan-

407 1890 490 1926 tum
517 1887 602 1925 sine
629 1888 712 1925 ulla
739 1888 991 1926 dubitatione
1019 1887 1329 1926 confirmaverim
1350 1887 1558 1926 Caesarem
1584 1887 1701 1926 armis
1728 1887 1850 1936 depo-

407 1955 495 1992 sitis
530 1955 732 2004 triumpho
766 1956 815 1993 de
846 1955 1082 1994 Germanico
1116 1959 1218 2004 acto,
1252 1967 1338 1992 cum
1366 1954 1489 1992 otium
1515 1954 1585 1992 diu
1611 1955 1760 1992 frustra
1786 1965 1852 1992 ex—

409 2026 591 2071 optatum
624 2027 792 2061 nanctus
826 2027 942 2070 esset,
977 2035 1074 2072 pace
1107 2023 1203 2061 anni
1237 2024 1310 2060 770
1340 2021 1398 2060 ita
1424 2034 1536 2060 usum
1563 2034 1662 2074 esse,
1694 2025 1740 2060 ut
1764 2032 1851 2059 cum

407 2089 686 2128 astronomicis
726 2091 843 2129 rebus
883 2093 966 2129 tum
998 2090 1116 2128 Arati
1157 2089 1407 2138 carminibus,
1449 2101 1547 2138 quae
1588 2087 1850 2128 ornatissimis

406 2159 526 2206 atque
571 2158 732 2207 optimis
779 2158 970 2208 versibus,
1014 2160 1059 2196 ut
1101 2158 1159 2196 ait
1200 2157 1353 2206 cicero,
1398 2157 1447 2195 de
1491 2157 1602 2195 caelo
1644 2155 1848 2203 stellisque

405 2225 647 2274 composuit,
692 2225 928 2264 industriam
971 2228 1012 2264 et
1053 2237 1184 2264 curam
1230 2224 1462 2275 impertiret.
1534 2223 1635 2263 'rum
1678 2222 1849 2270 denique

403 2291 454 2330 ad
482 2291 697 2342 Tiberium,
731 2293 842 2331 cuius
880 2294 1015 2342 quales
1047 2295 1182 2331 essent
1211 2304 1340 2331 mores
1372 2291 1472 2335 mina
1497 2291 1648 2340 pietate
1675 2301 1762 2328 sero
1790 2289 1848 2326 in-

403 2359 574 2408 tellexit,
610 2371 681 2398 suo
715 2360 800 2398 iure
835 2361 1006 2398 scribere
1038 2360 1185 2410 potuit,
1221 2371 1320 2408 quae
1355 2361 1448 2398 sunt
1477 2358 1518 2396 in
1545 2357 1730 2396 carminis
1755 2367 1847 2405 pro—

406 2427 534 2466 oemio
562 2427 654 2466 inde
682 2439 706 2465 a
731 2427 881 2465 Phaen.
910 2439 947 2465 v.
974 2428 1016 2466 5:

605 2499 812 2544 „Quantum
837 2500 968 2535 etenim
993 2501 1144 2544 possent
1167 2499 1250 2534 anni
1276 2498 1478 2534 certissima
1501 2498 1616 2543 signa,

606 2556 645 2591 Si
668 2567 740 2591 non
763 2558 870 2601 parta
893 2557 994 2602 quies
1020 2556 1073 2590 Te
1097 2556 1266 2601 praeside
1288 2555 1470 2600 puppibus
1495 2564 1631 2599 aequor

604 2611 812 2658 Cultorique
836 2613 940 2648 daret
962 2615 1094 2656 terras,
1118 2612 1244 2657 procul
1270 2622 1371 2646 arma
1394 2611 1584 2647 silerent?“

492 2714 522 2759 ⁴)
546 2713 644 2750 Suet.
670 2713 785 2760 Calig.
809 2715 841 2751 3.
868 2731 913 2741 —
942 2713 1033 2750 Plin.
1056 2713 1104 2750 N.
1128 2713 1176 2750 Η.
1199 2714 1233 2758 8,
1255 2713 1311 2757 42,
1336 2712 1411 2749 155.
1479 2712 1509 2758 ⁵)
1532 2711 1693 2758 Breysig.
1714 2710 1844 2756 Progn.

402 2767 527 2814 fragm.
551 2769 618 2814 ΙΙΙ,
642 2771 698 2807 89.
