1916 3302
1819 0 1916 164 Ἲ

324 362 490 407 Graecis
521 361 690 417 aliisque
730 358 943 416 provinciis
974 358 1126 416 templa
1155 373 1330 417 araeque
1370 359 1405 402 ei
1437 359 1717 416 erigebantur,
1764 365 1810 403 ut

323 431 443 472 latius
465 430 664 484 latiusque
684 427 823 469 divina
852 427 1058 469 veneratio
1080 436 1384 484 propagaretur.
1445 427 1537 479 Quo
1568 429 1716 470 factum
1738 435 1810 482 est,

324 506 367 539 ut
395 512 516 553 saepe
544 511 634 537 cum
656 497 750 536 Iove
773 501 1075 552 compararetur
1095 503 1164 537 aut
1191 497 1310 538 etiam
1334 496 1609 538 nominaretur
1628 496 1813 553 Iuppiter

324 566 365 607 in
399 564 641 606 carminibus
677 578 722 603 ae
753 563 890 606 titulis.
915 575 918 578 ’
951 562 1058 606 Satis
1089 563 1196 605 clare
1232 564 1409 620 loquitur
1439 564 1610 607 Ovidius
1640 565 1680 605 in
1713 564 1810 608 Met.

325 633 407 675 XV
435 633 517 674 855
548 647 608 686 sq.
673 630 916 685 Exprimere
956 630 1043 671 vult
1083 637 1213 686 poeta,
1243 637 1392 686 quanto
1433 631 1560 672 maior
1600 632 1812 687 Augustus

327 702 378 742 sit
420 707 558 756 patre:
623 698 811 754 exempla
859 698 1007 754 repetit
1051 699 1101 739 ab
1142 699 1454 753 Agamemnone
1491 706 1531 740 et
1570 701 1721 753 Atreo,
1762 700 1813 742 ab

326 769 472 822 Aegeo
504 773 544 808 et
574 766 746 818 Theseo,
777 765 902 807 Peleo
935 772 974 807 et
1008 766 1178 809 Achille.
1239 766 1322 809 Sed
1353 766 1453 808 haec
1478 782 1557 809 non
1587 781 1674 809 esse
1704 767 1815 824 paria

326 837 452 887 addit,
491 850 581 875 cum
623 834 820 889 exemplis
863 833 969 889 ipsos
1010 833 1115 885 (scil.
1147 833 1363 875 Caesarem
1400 841 1439 875 et
1468 835 1720 890 Augustum)
1750 849 1815 877 ae·

328 904 548 960 quantibus
578 916 621 943 se
644 902 699 942 uti
728 901 832 942 velle
851 901 947 941 dicit
976 907 1015 942 et
1037 900 1258 944 Saturnum
1286 901 1507 958 lovemque
1527 902 1662 944 affert:
1693 902 1817 958 igitur

328 971 543 1013 Caesarem
587 975 626 1010 et
671 969 904 1023 Augustum
950 982 1028 1009 non
1076 968 1117 1008 in
1157 968 1412 1021 mortalibus,
1454 968 1524 1010 sed
1567 969 1605 1009 in
1645 969 1815 1012 deorum

328 1053 493 1079 numero
536 1037 660 1092 ponit,
701 1041 907 1091 comparat
937 1035 1170 1089 Augustum
1212 1050 1302 1076 cum
1332 1037 1440 1088 Iove,
1481 1034 1696 1079 Caesarem
1725 1052 1816 1078 cum

327 1107 518 1149 Saturno.
542 1104 570 1158 ¹)
631 1103 746 1145 Idem
776 1109 894 1158 poeta
934 1102 1022 1144 aliis
1053 1102 1149 1144 locis
1179 1102 1316 1143 multis
1347 1118 1426 1144 non
1460 1103 1667 1146 dissimilia
1697 1105 1818 1146 habet

328 1173 527 1228 exempla.
590 1172 682 1214 Non
714 1171 827 1226 parvi
859 1176 1068 1226 praeterea
1088 1171 1266 1224 aestimo,
1297 1185 1400 1226 quae
1421 1170 1639 1214 Suetonius
1667 1172 1708 1213 in
1739 1173 1817 1215 Oe-

327 1242 478 1283 taviani
514 1240 618 1281 vitae
658 1240 787 1295 capite
830 1239 884 1281 60
923 1244 1070 1291 narrat,
1112 1253 1229 1293 reges
1269 1239 1418 1280 amicos
1455 1245 1577 1295 atque
1617 1240 1744 1282 socios
1779 1246 1818 1282 et

329 1308 510 1364 singulos
547 1308 586 1348 in
617 1323 690 1349 suo
726 1321 929 1363 quemque
967 1320 1094 1361 regno
1124 1305 1344 1348 Caesareas
1377 1307 1494 1348 urbes
1525 1307 1750 1350 condidisse
1779 1314 1820 1349 et

330 1382 495 1418 cunctos
533 1375 653 1416 simul
681 1375 822 1416 aedem
853 1374 959 1415 Iovis
994 1374 1179 1430 Olympii
1207 1374 1380 1416 Athenis
1410 1374 1629 1431 antiquitus
1658 1374 1819 1418 inveha-

330 1452 411 1486 tam
443 1444 637 1500 perficere
661 1443 862 1484 communi
884 1448 1048 1498 sumptu
1077 1441 1338 1484 destinavisse
1359 1441 1573 1499 Genioque
1603 1442 1687 1485 eius
1717 1443 1818 1498 (scil.

330 1512 599 1569 imperatoris)
641 1511 839 1553 dedicare.

467 1580 521 1621 Et
561 1579 749 1635 quoniam
800 1577 982 1633 Iuppiter
1031 1577 1248 1633 putabatur
1292 1591 1378 1619 esse
1420 1577 1657 1632 Augustus,
1701 1578 1822 1621 etiam

331 1649 448 1690 huius
502 1647 682 1701 insigne,
730 1646 883 1687 fulmen
929 1645 1038 1698 dieo,
1095 1645 1131 1686 ei
1186 1645 1379 1686 tributum
1432 1647 1554 1698 est.²)
1624 1645 1744 1697 Quod
1789 1646 1823 1687 si

330 1716 417 1758 fieri
480 1714 633 1771 potuit,
699 1721 806 1755 certe
858 1714 890 1754 si
947 1713 1077 1754 socius
1128 1713 1234 1754 Iovis
1293 1712 1521 1769 appellatur
1568 1729 1592 1755 a
1642 1713 1822 1767 Manilio,

332 1784 372 1824 id
424 1783 524 1824 nihil
564 1781 795 1824 offensionis
847 1781 980 1823 habet.
1051 1780 1189 1836 Atque
1227 1780 1368 1822 eodem
1407 1780 1494 1822 iure
1531 1795 1698 1834 munus,
1743 1797 1823 1838 quo

332 1851 519 1906 fungitur
562 1850 767 1905 Iuppiter,
820 1849 868 1890 ad
908 1849 1192 1904 imperatorem
1229 1848 1376 1890 deferri
1411 1855 1556 1905 potest.
1615 1849 1661 1892 Si
1701 1849 1826 1904 igitur

335 1926 531 1961 rectorem
563 1917 734 1973 Olympi
749 1918 785 1968 3)
827 1931 918 1958 eum
958 1915 1138 1958 nominat
1165 1915 1401 1971 caelumque
1440 1916 1490 1958 ab
1521 1930 1568 1958 eo
1598 1916 1686 1972 regi
1716 1916 1823 1971 dicit,

334 1986 374 2027 id
410 2001 490 2028 non
535 1992 596 2027 est
631 1985 876 2026 inauditum:
923 1998 1017 2025 nam
1048 1997 1189 2025 revera
1228 1998 1314 2025 esse
1352 1990 1392 2024 et
1430 1983 1528 2026 deus
1568 1989 1608 2026 et
1644 1998 1826 2026 summus

336 2055 435 2096 deus
465 2054 683 2109 putabatur
712 2053 943 2108 imperator,
977 2058 1099 2107 atque
1127 2051 1247 2093 etiam
1276 2058 1436 2092 exstant
1465 2051 1554 2104 loci,
1585 2051 1730 2108 quibus
1760 2051 1826 2093 vel

318 2120 603 2177 {anteponatur
643 2121 714 2162 dis.
728 2123 762 2175 ¹²)
823 2121 932 2176 Ergo
974 2119 1174 2175 quadrant
1202 2119 1312 2162 Man.
1344 2121 1362 2160 Ι
1391 2120 1476 2162 914
1501 2134 1561 2175 sq.
1574 2122 1605 2175 ⁵)
1648 2119 1826 2176 perbene

315 2178 375 2230 ³in
416 2189 552 2230 vivum
590 2189 888 2244 imperatorem.
948 2186 1134 2230 Similem
1166 2210 1216 2217 —
1261 2187 1293 2227 si
1321 2187 1484 2228 omnino
1523 2187 1563 2228 in
1603 2188 1679 2228 hac
1718 2201 1763 2229 re
1802 2202 1826 2228 a

335 2257 569 2298 recentioris
605 2257 746 2298 aetatis
788 2263 906 2312 poeta
936 2255 1167 2311 exemplum
1199 2262 1383 2311 repetere
1414 2254 1508 2296 lieet
1535 2279 1589 2286 —
1623 2255 1825 2296 licentiam

337 2339 423 2366 esse
464 2331 561 2380 puto
601 2339 647 2365 ac
682 2324 714 2364 si
753 2324 928 2366 Schiller
963 2329 1099 2365 noster
1138 2322 1401 2379 Rudolphum
1437 2322 1825 2378 Habsburgiensem,

339 2406 585 2447 quamquam
617 2390 864 2434 Germaniae
904 2397 1060 2432 tantum
1102 2391 1177 2432 fuit
1217 2390 1416 2446 princeps,
1457 2390 1597 2431 mundi
1628 2396 1827 2432 rectorem

473 2493 497 2535 ¹)
523 2494 564 2525 ef.
590 2493 694 2525 etiam
720 2494 801 2526 Met.
827 2493 843 2524 1
868 2494 943 2525 204.

471 2551 497 2589 ²)
523 2550 565 2582 cf.
589 2549 683 2582 Suet.
709 2550 782 2582 Oct.
810 2550 854 2581 94
879 2553 913 2581 et
938 2549 1068 2581 Fincke
1094 2548 1118 2583 l.
1144 2548 1166 2582 1.
1192 2560 1224 2590 p.
1253 2549 1302 2580 18.

472 2606 498 2644 3)
522 2605 563 2636 de
588 2605 668 2636 Iove
692 2605 758 2638 hoe
782 2605 906 2637 dicitur
931 2615 959 2637 e.
984 2615 1010 2639 0.
1037 2606 1100 2638 Ov.
1125 2605 1205 2637 Met.
1230 2605 1264 2636 ΙΙ
1288 2605 1341 2636 60.

472 2663 497 2703 4)
524 2663 565 2694 υἷι
589 2662 731 2694 Finckei
756 2662 925 2695 libellum.

472 2720 496 2759 5)
524 2729 610 2760 quae
634 2718 671 2749 in
698 2718 852 2751 Stoeberi
878 2718 1027 2751 editione
1060 2717 1104 2749 ad
1135 2717 1224 2750 huno
1249 2718 1359 2751 locum
1387 2717 1583 2757 afferuntur,
1617 2719 1694 2749 sunt
1718 2716 1827 2749 falsis-

337 2775 442 2814 sima3
473 2775 558 2806 falso
591 2774 693 2806 etiam
718 2774 845 2806 Weber
877 2776 911 2805 in
937 2774 1039 2814 CorP.
1071 2777 1159 2816 poet.
1194 2774 1266 2807 Lat.
1292 2784 1326 2815 p,
1353 2775 1418 2806 610
1452 2774 1494 2806 de
1519 2774 1600 2805 Iove
1626 2773 1827 2816 Capitolino

338 2831 497 2874 precibus
523 2831 677 2873 quaesito
702 2840 779 2862 eum
805 2830 1059 2872 interpretatur.
