<?xml version="1.0" encoding="UTF-8"?>
<!DOCTYPE html PUBLIC "-//W3C//DTD XHTML 1.0 Transitional//EN"
    "http://www.w3.org/TR/xhtml1/DTD/xhtml1-transitional.dtd">
<html xmlns="http://www.w3.org/1999/xhtml" xml:lang="en" lang="en">
 <head>
  <title>
</title>
<meta http-equiv="Content-Type" content="text/html;charset=utf-8" />
  <meta name='ocr-system' content='tesseract 3.04.00' />
  <meta name='ocr-capabilities' content='ocr_page ocr_carea ocr_par ocr_line ocrx_word'/>
</head>
<body>
  <div class='ocr_page' id='page_1' title='image "./lucubrationesman00thomuoft_0324.png"; bbox 0 0 1930 3320; ppageno 0'>
   <div class='ocr_carea' id='block_1_1' title="bbox 942 183 1219 220">
    <p class='ocr_par' dir='ltr' id='par_1_1' title="bbox 942 183 1219 220">
     <span class='ocr_line' id='line_1_1' title="bbox 942 183 1219 220; baseline 0 -10"><span class='ocrx_word' id='word_1_1' title='bbox 942 183 1219 220; x_wconf 46' lang='grc' dir='ltr'>--46-κ</span> 
     </span>
    </p>
   </div>
   <div class='ocr_carea' id='block_1_2' title="bbox 339 301 1812 407">
    <p class='ocr_par' dir='ltr' id='par_1_2' title="bbox 339 301 1812 407">
     <span class='ocr_line' id='line_1_2' title="bbox 343 301 1812 351; baseline 0.004 -16"><span class='ocrx_word' id='word_1_2' title='bbox 343 313 508 336; x_wconf 84' lang='lat' dir='ltr'>omnem.</span> <span class='ocrx_word' id='word_1_3' title='bbox 576 302 623 335; x_wconf 89' lang='lat' dir='ltr'>IV</span> <span class='ocrx_word' id='word_1_4' title='bbox 665 301 708 333; x_wconf 76' lang='grc'>25</span> <span class='ocrx_word' id='word_1_5' title='bbox 755 301 878 344; x_wconf 82' lang='lat' dir='ltr'>fatis</span> <span class='ocrx_word' id='word_1_6' title='bbox 930 302 1071 335; x_wconf 82' lang='lat' dir='ltr'>vicisset</span> <span class='ocrx_word' id='word_1_7' title='bbox 1118 302 1163 336; x_wconf 83' lang='lat' dir='ltr'>in</span> <span class='ocrx_word' id='word_1_8' title='bbox 1208 304 1332 346; x_wconf 84' lang='lat' dir='ltr'>ipsis.</span> <span class='ocrx_word' id='word_1_9' title='bbox 1403 306 1467 339; x_wconf 78' lang='lat'>126</span> <span class='ocrx_word' id='word_1_10' title='bbox 1505 306 1812 351; x_wconf 75' lang='lat' dir='ltr'>naufrayiumque</span> 
     </span>
     <span class='ocr_line' id='line_1_3' title="bbox 339 356 1808 407; baseline 0.004 -16"><span class='ocrx_word' id='word_1_11' title='bbox 339 359 436 391; x_wconf 79' lang='lat' dir='ltr'>inter</span> <span class='ocrx_word' id='word_1_12' title='bbox 470 356 634 391; x_wconf 79' lang='lat' dir='ltr'>subitum.</span> <span class='ocrx_word' id='word_1_13' title='bbox 688 357 754 390; x_wconf 84' lang='grc'>316</span> <span class='ocrx_word' id='word_1_14' title='bbox 775 360 881 399; x_wconf 73' lang='lat' dir='ltr'>parte</span> <span class='ocrx_word' id='word_1_15' title='bbox 916 357 980 391; x_wconf 81' lang='lat' dir='ltr'>sub</span> <span class='ocrx_word' id='word_1_16' title='bbox 1015 358 1088 392; x_wconf 87' lang='lat' dir='ltr'>illa.</span> <span class='ocrx_word' id='word_1_17' title='bbox 1138 359 1202 392; x_wconf 85' lang='lat'>597</span> <span class='ocrx_word' id='word_1_18' title='bbox 1227 370 1368 403; x_wconf 82' lang='lat' dir='ltr'>vespere</span> <span class='ocrx_word' id='word_1_19' title='bbox 1403 361 1447 395; x_wconf 84' lang='lat' dir='ltr'>ab</span> <span class='ocrx_word' id='word_1_20' title='bbox 1484 366 1562 395; x_wconf 81' lang='lat' dir='ltr'>atro</span> <span class='ocrx_word' id='word_1_21' title='bbox 1598 363 1654 404; x_wconf 82' lang='lat' dir='ltr'>(ex</span> <span class='ocrx_word' id='word_1_22' title='bbox 1689 363 1808 407; x_wconf 87' lang='lat' dir='ltr'>coni.).</span> 
     </span>
    </p>
   </div>
   <div class='ocr_carea' id='block_1_3' title="bbox 341 412 1812 683">
    <p class='ocr_par' dir='ltr' id='par_1_3' title="bbox 341 412 1812 683">
     <span class='ocr_line' id='line_1_4' title="bbox 344 412 1812 463; baseline 0.005 -18"><span class='ocrx_word' id='word_1_23' title='bbox 344 412 410 446; x_wconf 92' lang='lat'>605</span> <span class='ocrx_word' id='word_1_24' title='bbox 434 423 544 455; x_wconf 81' lang='lat' dir='ltr'>usque</span> <span class='ocrx_word' id='word_1_25' title='bbox 568 422 702 446; x_wconf 83' lang='lat' dir='ltr'>canes</span> <span class='ocrx_word' id='word_1_26' title='bbox 726 412 798 452; x_wconf 81' lang='lat' dir='ltr'>ad,</span> <span class='ocrx_word' id='word_1_27' title='bbox 822 412 952 456; x_wconf 77' lang='lat' dir='ltr'>Scylla,</span> <span class='ocrx_word' id='word_1_28' title='bbox 978 416 1082 448; x_wconf 82' lang='lat' dir='ltr'>tuos.</span> <span class='ocrx_word' id='word_1_29' title='bbox 1125 414 1188 448; x_wconf 88' lang='lat'>763</span> <span class='ocrx_word' id='word_1_30' title='bbox 1222 415 1360 460; x_wconf 62' lang='lat' dir='ltr'>virgine</span> <span class='ocrx_word' id='word_1_31' title='bbox 1386 417 1450 451; x_wconf 85' lang='lat' dir='ltr'>sub</span> <span class='ocrx_word' id='word_1_32' title='bbox 1481 421 1590 451; x_wconf 77' lang='lat' dir='ltr'>casta.</span> <span class='ocrx_word' id='word_1_33' title='bbox 1625 418 1692 452; x_wconf 90' lang='lat'>800</span> <span class='ocrx_word' id='word_1_34' title='bbox 1711 419 1812 463; x_wconf 85' lang='lat' dir='ltr'>pisce</span> 
     </span>
     <span class='ocr_line' id='line_1_5' title="bbox 346 467 1810 519; baseline 0.004 -16"><span class='ocrx_word' id='word_1_35' title='bbox 346 467 411 503; x_wconf 82' lang='lat' dir='ltr'>sub</span> <span class='ocrx_word' id='word_1_36' title='bbox 436 469 529 502; x_wconf 77' lang='lat' dir='ltr'>hirto</span> <span class='ocrx_word' id='word_1_37' title='bbox 553 468 610 511; x_wconf 85' lang='lat' dir='ltr'>(ex</span> <span class='ocrx_word' id='word_1_38' title='bbox 636 467 726 502; x_wconf 86' lang='lat' dir='ltr'>coni.</span> <span class='ocrx_word' id='word_1_39' title='bbox 740 467 885 511; x_wconf 82' lang='lat' dir='ltr'>Iacobi).</span> <span class='ocrx_word' id='word_1_40' title='bbox 910 469 975 502; x_wconf 84' lang='lat'>817</span> <span class='ocrx_word' id='word_1_41' title='bbox 1002 470 1118 503; x_wconf 79' lang='lat' dir='ltr'>caelo</span> <span class='ocrx_word' id='word_1_42' title='bbox 1143 469 1323 505; x_wconf 78' lang='lat' dir='ltr'>descendit</span> <span class='ocrx_word' id='word_1_43' title='bbox 1345 473 1394 506; x_wconf 84' lang='lat' dir='ltr'>ab</span> <span class='ocrx_word' id='word_1_44' title='bbox 1419 473 1518 507; x_wconf 82' lang='lat' dir='ltr'>alto.</span> <span class='ocrx_word' id='word_1_45' title='bbox 1567 473 1634 508; x_wconf 86' lang='lat'>833</span> <span class='ocrx_word' id='word_1_46' title='bbox 1658 484 1810 519; x_wconf 87' lang='lat' dir='ltr'>scopu-</span> 
     </span>
     <span class='ocr_line' id='line_1_6' title="bbox 342 523 1809 574; baseline 0.005 -17"><span class='ocrx_word' id='word_1_47' title='bbox 342 525 472 568; x_wconf 81' lang='lat' dir='ltr'><em>loque</em></span> <span class='ocrx_word' id='word_1_48' title='bbox 511 523 626 557; x_wconf 84' lang='lat' dir='ltr'>orbcm</span> <span class='ocrx_word' id='word_1_49' title='bbox 663 524 825 567; x_wconf 79' lang='lat' dir='ltr'><em>possedit</em></span> <span class='ocrx_word' id='word_1_50' title='bbox 870 525 916 558; x_wconf 85' lang='lat' dir='ltr'>in</span> <span class='ocrx_word' id='word_1_51' title='bbox 960 535 1052 559; x_wconf 81' lang='lat' dir='ltr'>unc.</span> <span class='ocrx_word' id='word_1_52' title='bbox 1115 526 1143 559; x_wconf 95' lang='lat' dir='ltr'>V</span> <span class='ocrx_word' id='word_1_53' title='bbox 1182 526 1225 560; x_wconf 83' lang='lat'>33</span> <span class='ocrx_word' id='word_1_54' title='bbox 1258 528 1375 570; x_wconf 83' lang='lat' dir='ltr'>pelle</span> <span class='ocrx_word' id='word_1_55' title='bbox 1413 529 1576 563; x_wconf 82' lang='lat' dir='ltr'>immunis</span> <span class='ocrx_word' id='word_1_56' title='bbox 1615 530 1667 564; x_wconf 87' lang='lat' dir='ltr'>ab</span> <span class='ocrx_word' id='word_1_57' title='bbox 1707 531 1809 574; x_wconf 88' lang='lat' dir='ltr'>ipsa.</span> 
     </span>
     <span class='ocr_line' id='line_1_7' title="bbox 341 580 1809 631; baseline 0.005 -18"><span class='ocrx_word' id='word_1_58' title='bbox 341 580 384 614; x_wconf 77' lang='lat'>62</span> <span class='ocrx_word' id='word_1_59' title='bbox 408 590 585 622; x_wconf 86' lang='lat' dir='ltr'>curasque</span> <span class='ocrx_word' id='word_1_60' title='bbox 604 590 672 623; x_wconf 86' lang='lat' dir='ltr'>per</span> <span class='ocrx_word' id='word_1_61' title='bbox 695 590 821 614; x_wconf 82' lang='lat' dir='ltr'>omnes.</span> <span class='ocrx_word' id='word_1_62' title='bbox 860 580 903 614; x_wconf 84' lang='lat'>69</span> <span class='ocrx_word' id='word_1_63' title='bbox 927 581 1125 625; x_wconf 82' lang='lat' dir='ltr'>clivoque</span> <span class='ocrx_word' id='word_1_64' title='bbox 1148 586 1250 617; x_wconf 79' lang='lat' dir='ltr'>rotas</span> <span class='ocrx_word' id='word_1_65' title='bbox 1275 584 1436 618; x_wconf 79' lang='lat' dir='ltr'>convellit</span> <span class='ocrx_word' id='word_1_66' title='bbox 1460 585 1510 618; x_wconf 87' lang='lat' dir='ltr'>ab</span> <span class='ocrx_word' id='word_1_67' title='bbox 1535 585 1628 619; x_wconf 86' lang='lat' dir='ltr'>imo.</span> <span class='ocrx_word' id='word_1_68' title='bbox 1674 586 1741 621; x_wconf 78' lang='lat'>322</span> <span class='ocrx_word' id='word_1_69' title='bbox 1757 598 1809 631; x_wconf 82' lang='lat' dir='ltr'>sq.</span> 
     </span>
     <span class='ocr_line' id='line_1_8' title="bbox 341 636 1699 683; baseline 0.004 -13"><span class='ocrx_word' id='word_1_70' title='bbox 341 646 479 670; x_wconf 82' lang='lat' dir='ltr'>amores</span> <span class='ocrx_word' id='word_1_71' title='bbox 505 637 550 669; x_wconf 83' lang='lat' dir='ltr'>In</span> <span class='ocrx_word' id='word_1_72' title='bbox 574 636 708 670; x_wconf 83' lang='lat' dir='ltr'>varios.</span> <span class='ocrx_word' id='word_1_73' title='bbox 755 636 820 670; x_wconf 87' lang='lat'>699</span> <span class='ocrx_word' id='word_1_74' title='bbox 843 640 943 670; x_wconf 79' lang='lat' dir='ltr'>nocte</span> <span class='ocrx_word' id='word_1_75' title='bbox 966 637 1031 671; x_wconf 82' lang='lat' dir='ltr'>sub</span> <span class='ocrx_word' id='word_1_76' title='bbox 1057 639 1221 672; x_wconf 76' lang='lat' dir='ltr'>extrema.</span> <span class='ocrx_word' id='word_1_77' title='bbox 1269 639 1336 673; x_wconf 84' lang='grc'>720</span> <span class='ocrx_word' id='word_1_78' title='bbox 1359 644 1511 683; x_wconf 85' lang='lat' dir='ltr'>tempore</span> <span class='ocrx_word' id='word_1_79' title='bbox 1533 641 1571 675; x_wconf 82' lang='lat' dir='ltr'>in</span> <span class='ocrx_word' id='word_1_80' title='bbox 1595 642 1699 676; x_wconf 85' lang='lat' dir='ltr'>omni.</span> 
     </span>
    </p>
   </div>
   <div class='ocr_carea' id='block_1_4' title="bbox 454 703 1809 766">
    <p class='ocr_par' dir='ltr' id='par_1_4' title="bbox 454 703 1809 766">
     <span class='ocr_line' id='line_1_9' title="bbox 454 703 1809 766; baseline 0.007 -23"><span class='ocrx_word' id='word_1_81' title='bbox 454 703 599 744; x_wconf 83' lang='lat' dir='ltr'><strong>Inter</strong></span> <span class='ocrx_word' id='word_1_82' title='bbox 629 704 729 745; x_wconf 91' lang='lat' dir='ltr'>duo</span> <span class='ocrx_word' id='word_1_83' title='bbox 762 704 1117 756; x_wconf 83' lang='lat' dir='ltr'>substantiva,</span> <span class='ocrx_word' id='word_1_84' title='bbox 1149 720 1171 747; x_wconf 89' lang='lat' dir='ltr'>e</span> <span class='ocrx_word' id='word_1_85' title='bbox 1205 707 1355 760; x_wconf 91' lang='lat' dir='ltr'>quibus</span> <span class='ocrx_word' id='word_1_86' title='bbox 1385 723 1539 749; x_wconf 90' lang='lat' dir='ltr'>unum</span> <span class='ocrx_word' id='word_1_87' title='bbox 1570 710 1692 751; x_wconf 88' lang='lat' dir='ltr'>alteri</span> <span class='ocrx_word' id='word_1_88' title='bbox 1721 724 1809 766; x_wconf 91' lang='lat' dir='ltr'>ap-</span> 
     </span>
    </p>
   </div>
   <div class='ocr_carea' id='block_1_5' title="bbox 344 771 1744 895">
    <p class='ocr_par' dir='ltr' id='par_1_5' title="bbox 344 771 1744 895">
     <span class='ocr_line' id='line_1_10' title="bbox 344 771 1622 828; baseline 0.005 -17"><span class='ocrx_word' id='word_1_89' title='bbox 344 771 573 826; x_wconf 89' lang='lat' dir='ltr'>positum</span> <span class='ocrx_word' id='word_1_90' title='bbox 604 776 703 823; x_wconf 78' lang='lat' dir='ltr'>est,</span> <span class='ocrx_word' id='word_1_91' title='bbox 733 777 862 827; x_wconf 90' lang='lat' dir='ltr'>poeta</span> <span class='ocrx_word' id='word_1_92' title='bbox 891 772 958 812; x_wconf 91' lang='lat' dir='ltr'>bis</span> <span class='ocrx_word' id='word_1_93' title='bbox 989 774 1347 828; x_wconf 83' lang='lat' dir='ltr'>praepositionem</span> <span class='ocrx_word' id='word_1_94' title='bbox 1379 777 1622 818; x_wconf 84' lang='lat' dir='ltr'>collocavit:</span> 
     </span>
     <span class='ocr_line' id='line_1_11' title="bbox 430 843 1744 895; baseline 0.007 -19"><span class='ocrx_word' id='word_1_95' title='bbox 430 844 465 877; x_wconf 88' lang='lat' dir='ltr'><strong>H</strong></span> <span class='ocrx_word' id='word_1_96' title='bbox 487 843 554 877; x_wconf 88' lang='grc'>880</span> <span class='ocrx_word' id='word_1_97' title='bbox 577 847 691 877; x_wconf 77' lang='lat' dir='ltr'>monte</span> <span class='ocrx_word' id='word_1_98' title='bbox 716 843 782 878; x_wconf 84' lang='lat' dir='ltr'>sub</span> <span class='ocrx_word' id='word_1_99' title='bbox 809 844 934 878; x_wconf 77' lang='lat' dir='ltr'>Aetna.</span> <span class='ocrx_word' id='word_1_100' title='bbox 980 845 1029 878; x_wconf 90' lang='lat' dir='ltr'>IV</span> <span class='ocrx_word' id='word_1_101' title='bbox 1052 845 1118 879; x_wconf 89' lang='lat'>935</span> <span class='ocrx_word' id='word_1_102' title='bbox 1143 848 1307 891; x_wconf 73' lang='lat' dir='ltr'>Auyusio</span> <span class='ocrx_word' id='word_1_103' title='bbox 1332 853 1463 883; x_wconf 78' lang='lat' dir='ltr'><strong><em>crescet</em></strong></span> <span class='ocrx_word' id='word_1_104' title='bbox 1485 850 1549 884; x_wconf 83' lang='lat' dir='ltr'>sub</span> <span class='ocrx_word' id='word_1_105' title='bbox 1571 850 1744 895; x_wconf 84' lang='lat' dir='ltr'>principe.</span> 
     </span>
    </p>
   </div>
   <div class='ocr_carea' id='block_1_6' title="bbox 457 912 1812 968">
    <p class='ocr_par' dir='ltr' id='par_1_6' title="bbox 457 912 1812 968">
     <span class='ocr_line' id='line_1_12' title="bbox 457 912 1812 968; baseline 0.006 -14"><span class='ocrx_word' id='word_1_106' title='bbox 457 912 662 954; x_wconf 82' lang='lat' dir='ltr'>Similiter</span> <span class='ocrx_word' id='word_1_107' title='bbox 690 912 876 954; x_wconf 88' lang='lat' dir='ltr'>medium</span> <span class='ocrx_word' id='word_1_108' title='bbox 907 915 1166 968; x_wconf 81' lang='lat' dir='ltr'>praepositio</span> <span class='ocrx_word' id='word_1_109' title='bbox 1198 920 1316 958; x_wconf 89' lang='lat' dir='ltr'>tenet</span> <span class='ocrx_word' id='word_1_110' title='bbox 1346 918 1484 958; x_wconf 87' lang='lat' dir='ltr'>locum</span> <span class='ocrx_word' id='word_1_111' title='bbox 1527 919 1659 960; x_wconf 89' lang='lat' dir='ltr'>inter</span> <span class='ocrx_word' id='word_1_112' title='bbox 1689 920 1812 962; x_wconf 83' lang='lat' dir='ltr'>sub-</span> 
     </span>
    </p>
   </div>
   <div class='ocr_carea' id='block_1_7' title="bbox 345 981 1585 1083">
    <p class='ocr_par' dir='ltr' id='par_1_7' title="bbox 345 981 1585 1083">
     <span class='ocr_line' id='line_1_13' title="bbox 345 981 1585 1039; baseline 0.006 -18"><span class='ocrx_word' id='word_1_113' title='bbox 345 981 632 1022; x_wconf 83' lang='lat' dir='ltr'>stantivum</span> <span class='ocrx_word' id='word_1_114' title='bbox 664 985 714 1022; x_wconf 91' lang='lat' dir='ltr'>et</span> <span class='ocrx_word' id='word_1_115' title='bbox 744 982 1048 1035; x_wconf 81' lang='lat' dir='ltr'>genetivum</span> <span class='ocrx_word' id='word_1_116' title='bbox 1078 983 1143 1023; x_wconf 89' lang='lat' dir='ltr'>ab</span> <span class='ocrx_word' id='word_1_117' title='bbox 1176 997 1232 1024; x_wconf 92' lang='lat' dir='ltr'>eo</span> <span class='ocrx_word' id='word_1_118' title='bbox 1263 985 1585 1039; x_wconf 78' lang='lat' dir='ltr'>pendentem</span> 
     </span>
     <span class='ocr_line' id='line_1_14' title="bbox 432 1047 940 1083; baseline -0.004 0"><span class='ocrx_word' id='word_1_119' title='bbox 432 1049 486 1083; x_wconf 87' lang='lat'>111</span> <span class='ocrx_word' id='word_1_120' title='bbox 509 1048 575 1082; x_wconf 88' lang='lat'>374</span> <span class='ocrx_word' id='word_1_121' title='bbox 599 1047 727 1082; x_wconf 79' lang='lat' dir='ltr'>vertice</span> <span class='ocrx_word' id='word_1_122' title='bbox 751 1048 816 1082; x_wconf 86' lang='lat' dir='ltr'>sub</span> <span class='ocrx_word' id='word_1_123' title='bbox 841 1048 940 1082; x_wconf 83' lang='lat' dir='ltr'>caeli.</span> 
     </span>
    </p>
   </div>
   <div class='ocr_carea' id='block_1_8' title="bbox 346 1116 1812 1296">
    <p class='ocr_par' dir='ltr' id='par_1_8' title="bbox 346 1116 1812 1296">
     <span class='ocr_line' id='line_1_15' title="bbox 457 1116 1812 1176; baseline 0.007 -20"><span class='ocrx_word' id='word_1_124' title='bbox 457 1116 586 1157; x_wconf 84' lang='lat' dir='ltr'>Post</span> <span class='ocrx_word' id='word_1_125' title='bbox 631 1116 726 1157; x_wconf 91' lang='lat' dir='ltr'>duo</span> <span class='ocrx_word' id='word_1_126' title='bbox 771 1117 1103 1158; x_wconf 85' lang='lat' dir='ltr'>substantiva</span> <span class='ocrx_word' id='word_1_127' title='bbox 1141 1133 1341 1160; x_wconf 82' lang='lat' dir='ltr'>conexa</span> <span class='ocrx_word' id='word_1_128' title='bbox 1384 1122 1644 1176; x_wconf 86' lang='lat' dir='ltr'>praepositio</span> <span class='ocrx_word' id='word_1_129' title='bbox 1681 1124 1812 1165; x_wconf 85' lang='lat' dir='ltr'>collo-</span> 
     </span>
     <span class='ocr_line' id='line_1_16' title="bbox 346 1188 538 1225; baseline 0 0"><span class='ocrx_word' id='word_1_130' title='bbox 346 1188 441 1225; x_wconf 84' lang='lat' dir='ltr'>cata</span> <span class='ocrx_word' id='word_1_131' title='bbox 473 1188 538 1225; x_wconf 88' lang='lat' dir='ltr'>est</span> 
     </span>
     <span class='ocr_line' id='line_1_17' title="bbox 432 1251 1054 1296; baseline 0 -10"><span class='ocrx_word' id='word_1_132' title='bbox 432 1253 451 1286; x_wconf 93' lang='lat' dir='ltr'>I</span> <span class='ocrx_word' id='word_1_133' title='bbox 473 1251 540 1286; x_wconf 88' lang='grc'>810</span> <span class='ocrx_word' id='word_1_134' title='bbox 563 1255 696 1285; x_wconf 84' lang='lat' dir='ltr'>terram</span> <span class='ocrx_word' id='word_1_135' title='bbox 718 1252 921 1296; x_wconf 81' lang='lat' dir='ltr'>caelumque</span> <span class='ocrx_word' id='word_1_136' title='bbox 945 1252 1054 1292; x_wconf 82' lang='lat' dir='ltr'>inter;</span> 
     </span>
    </p>
   </div>
   <div class='ocr_carea' id='block_1_9' title="bbox 343 1309 1814 1490">
    <p class='ocr_par' dir='ltr' id='par_1_9' title="bbox 343 1309 1814 1490">
     <span class='ocr_line' id='line_1_18' title="bbox 347 1309 1814 1370; baseline 0.005 -21"><span class='ocrx_word' id='word_1_137' title='bbox 347 1309 530 1363; x_wconf 90' lang='lat' dir='ltr'>denique</span> <span class='ocrx_word' id='word_1_138' title='bbox 575 1313 691 1364; x_wconf 85' lang='lat' dir='ltr'>post</span> <span class='ocrx_word' id='word_1_139' title='bbox 736 1309 1127 1351; x_wconf 79' lang='lat' dir='ltr'>substantivum</span> <span class='ocrx_word' id='word_1_140' title='bbox 1180 1324 1293 1351; x_wconf 86' lang='lat' dir='ltr'>eum</span> <span class='ocrx_word' id='word_1_141' title='bbox 1336 1311 1607 1354; x_wconf 85' lang='lat' dir='ltr'>adieetivo</span> <span class='ocrx_word' id='word_1_142' title='bbox 1654 1327 1814 1370; x_wconf 84' lang='lat' dir='ltr'>copu-</span> 
     </span>
     <span class='ocr_line' id='line_1_19' title="bbox 343 1376 776 1431; baseline -0.005 -13"><span class='ocrx_word' id='word_1_143' title='bbox 343 1378 508 1418; x_wconf 87' lang='lat' dir='ltr'>latum</span> <span class='ocrx_word' id='word_1_144' title='bbox 538 1376 678 1431; x_wconf 89' lang='lat' dir='ltr'>posita</span> <span class='ocrx_word' id='word_1_145' title='bbox 710 1381 776 1417; x_wconf 88' lang='lat' dir='ltr'>est</span> 
     </span>
     <span class='ocr_line' id='line_1_20' title="bbox 434 1443 1601 1490; baseline 0.004 -14"><span class='ocrx_word' id='word_1_146' title='bbox 434 1443 463 1476; x_wconf 94' lang='lat' dir='ltr'><strong>V</strong></span> <span class='ocrx_word' id='word_1_147' title='bbox 489 1443 532 1476; x_wconf 80' lang='lat'>52</span> <span class='ocrx_word' id='word_1_148' title='bbox 557 1443 790 1486; x_wconf 73' lang='lat' dir='ltr'>Actiacosque</span> <span class='ocrx_word' id='word_1_149' title='bbox 812 1444 911 1478; x_wconf 80' lang='lat' dir='ltr'>sinus</span> <span class='ocrx_word' id='word_1_150' title='bbox 935 1445 1037 1478; x_wconf 78' lang='lat' dir='ltr'>inter.</span> <span class='ocrx_word' id='word_1_151' title='bbox 1084 1445 1128 1478; x_wconf 86' lang='lat'>95</span> <span class='ocrx_word' id='word_1_152' title='bbox 1154 1444 1337 1480; x_wconf 82' lang='lat' dir='ltr'>immensos</span> <span class='ocrx_word' id='word_1_153' title='bbox 1360 1445 1460 1490; x_wconf 74' lang='lat' dir='ltr'>iyncs</span> <span class='ocrx_word' id='word_1_154' title='bbox 1483 1457 1601 1490; x_wconf 83' lang='lat' dir='ltr'>super.</span> 
     </span>
    </p>
   </div>
   <div class='ocr_carea' id='block_1_10' title="bbox 343 1511 1816 1635">
    <p class='ocr_par' dir='ltr' id='par_1_10' title="bbox 343 1511 1816 1635">
     <span class='ocr_line' id='line_1_21' title="bbox 459 1511 1815 1568; baseline 0.004 -15"><span class='ocrx_word' id='word_1_155' title='bbox 459 1511 597 1567; x_wconf 85' lang='lat' dir='ltr'>Saepe</span> <span class='ocrx_word' id='word_1_156' title='bbox 628 1513 961 1567; x_wconf 83' lang='lat' dir='ltr'>praepositio</span> <span class='ocrx_word' id='word_1_157' title='bbox 994 1518 1248 1568; x_wconf 83' lang='lat' dir='ltr'>separata</span> <span class='ocrx_word' id='word_1_158' title='bbox 1290 1519 1370 1555; x_wconf 86' lang='lat' dir='ltr'>est</span> <span class='ocrx_word' id='word_1_159' title='bbox 1411 1529 1435 1556; x_wconf 90' lang='lat' dir='ltr'>a</span> <span class='ocrx_word' id='word_1_160' title='bbox 1476 1515 1815 1558; x_wconf 83' lang='lat' dir='ltr'>substantivo</span> 
     </span>
     <span class='ocr_line' id='line_1_22' title="bbox 343 1580 1816 1635; baseline 0.004 -15"><span class='ocrx_word' id='word_1_161' title='bbox 343 1580 425 1620; x_wconf 88' lang='lat' dir='ltr'>vel</span> <span class='ocrx_word' id='word_1_162' title='bbox 455 1580 759 1634; x_wconf 90' lang='lat' dir='ltr'>pronomine</span> <span class='ocrx_word' id='word_1_163' title='bbox 791 1580 849 1620; x_wconf 87' lang='lat' dir='ltr'>ab</span> <span class='ocrx_word' id='word_1_164' title='bbox 883 1594 938 1620; x_wconf 89' lang='lat' dir='ltr'>ea</span> <span class='ocrx_word' id='word_1_165' title='bbox 967 1580 1230 1635; x_wconf 86' lang='lat' dir='ltr'>pendente</span> <span class='ocrx_word' id='word_1_166' title='bbox 1260 1596 1357 1623; x_wconf 87' lang='lat' dir='ltr'>uno</span> <span class='ocrx_word' id='word_1_167' title='bbox 1386 1583 1652 1624; x_wconf 86' lang='lat' dir='ltr'>vocabulo</span> <span class='ocrx_word' id='word_1_168' title='bbox 1685 1598 1816 1626; x_wconf 86' lang='lat' dir='ltr'>com-</span> 
     </span>
    </p>
   </div>
   <div class='ocr_carea' id='block_1_11' title="bbox 343 1647 1816 1705">
    <p class='ocr_par' dir='ltr' id='par_1_11' title="bbox 343 1647 1816 1705">
     <span class='ocr_line' id='line_1_23' title="bbox 343 1647 1816 1705; baseline 0.004 -18"><span class='ocrx_word' id='word_1_169' title='bbox 343 1647 660 1703; x_wconf 87' lang='lat' dir='ltr'>pluribusve</span> <span class='ocrx_word' id='word_1_170' title='bbox 690 1647 966 1688; x_wconf 82' lang='lat' dir='ltr'>vocabulis</span> <span class='ocrx_word' id='word_1_171' title='bbox 1009 1648 1338 1700; x_wconf 77' lang='lat' dir='ltr'>interiectis,</span> <span class='ocrx_word' id='word_1_172' title='bbox 1382 1664 1489 1705; x_wconf 83' lang='lat' dir='ltr'>quae</span> <span class='ocrx_word' id='word_1_173' title='bbox 1520 1655 1662 1692; x_wconf 86' lang='lat' dir='ltr'>tamen</span> <span class='ocrx_word' id='word_1_174' title='bbox 1691 1665 1816 1693; x_wconf 86' lang='lat' dir='ltr'>voea-</span> 
     </span>
    </p>
   </div>
   <div class='ocr_carea' id='block_1_12' title="bbox 342 1716 1817 1839">
    <p class='ocr_par' dir='ltr' id='par_1_12' title="bbox 342 1716 1817 1839">
     <span class='ocr_line' id='line_1_24' title="bbox 342 1716 1817 1771; baseline 0.003 -15"><span class='ocrx_word' id='word_1_175' title='bbox 342 1716 444 1757; x_wconf 83' lang='lat' dir='ltr'>bula</span> <span class='ocrx_word' id='word_1_176' title='bbox 473 1716 674 1771; x_wconf 87' lang='lat' dir='ltr'>pleraque</span> <span class='ocrx_word' id='word_1_177' title='bbox 706 1720 803 1756; x_wconf 89' lang='lat' dir='ltr'>sunt</span> <span class='ocrx_word' id='word_1_178' title='bbox 833 1716 1023 1770; x_wconf 85' lang='lat' dir='ltr'>genetivi</span> <span class='ocrx_word' id='word_1_179' title='bbox 1053 1730 1107 1757; x_wconf 83' lang='lat' dir='ltr'>ex</span> <span class='ocrx_word' id='word_1_180' title='bbox 1130 1717 1394 1759; x_wconf 85' lang='lat' dir='ltr'>substantivo</span> <span class='ocrx_word' id='word_1_181' title='bbox 1417 1719 1488 1759; x_wconf 92' lang='lat' dir='ltr'>illo</span> <span class='ocrx_word' id='word_1_182' title='bbox 1512 1719 1817 1761; x_wconf 83' lang='lat' dir='ltr'>adieetivorum</span> 
     </span>
     <span class='ocr_line' id='line_1_25' title="bbox 346 1783 1339 1839; baseline 0.003 -16"><span class='ocrx_word' id='word_1_183' title='bbox 346 1783 470 1824; x_wconf 87' lang='lat' dir='ltr'>modo</span> <span class='ocrx_word' id='word_1_184' title='bbox 503 1783 720 1838; x_wconf 85' lang='lat' dir='ltr'>suspensi;</span> <span class='ocrx_word' id='word_1_185' title='bbox 753 1784 951 1839; x_wconf 83' lang='lat' dir='ltr'>exempla</span> <span class='ocrx_word' id='word_1_186' title='bbox 982 1798 1181 1825; x_wconf 88' lang='lat' dir='ltr'>enumero</span> <span class='ocrx_word' id='word_1_187' title='bbox 1213 1785 1339 1826; x_wconf 88' lang='lat' dir='ltr'>haec:</span> 
     </span>
    </p>
   </div>
   <div class='ocr_carea' id='block_1_13' title="bbox 346 1855 1863 2577">
    <p class='ocr_par' dir='ltr' id='par_1_13' title="bbox 346 1855 1863 2577">
     <span class='ocr_line' id='line_1_26' title="bbox 433 1855 1820 1901; baseline 0.004 -12"><span class='ocrx_word' id='word_1_188' title='bbox 433 1856 450 1889; x_wconf 97' lang='lat' dir='ltr'>I</span> <span class='ocrx_word' id='word_1_189' title='bbox 467 1855 531 1889; x_wconf 92' lang='lat'>117</span> <span class='ocrx_word' id='word_1_190' title='bbox 549 1865 638 1889; x_wconf 84' lang='lat' dir='ltr'>cum</span> <span class='ocrx_word' id='word_1_191' title='bbox 658 1855 786 1899; x_wconf 84' lang='lat' dir='ltr'>parvis</span> <span class='ocrx_word' id='word_1_192' title='bbox 809 1855 942 1889; x_wconf 81' lang='lat' dir='ltr'>simili</span> <span class='ocrx_word' id='word_1_193' title='bbox 962 1866 1172 1899; x_wconf 87' lang='lat' dir='ltr'>percurrere</span> <span class='ocrx_word' id='word_1_194' title='bbox 1197 1867 1314 1891; x_wconf 86' lang='lat' dir='ltr'>cura.</span> <span class='ocrx_word' id='word_1_195' title='bbox 1346 1858 1412 1892; x_wconf 87' lang='lat'>146</span> <span class='ocrx_word' id='word_1_196' title='bbox 1428 1869 1542 1901; x_wconf 83' lang='lat' dir='ltr'>supra</span> <span class='ocrx_word' id='word_1_197' title='bbox 1565 1863 1615 1893; x_wconf 82' lang='lat' dir='ltr'>est</span> <span class='ocrx_word' id='word_1_198' title='bbox 1637 1859 1820 1894; x_wconf 83' lang='lat' dir='ltr'>hominem-</span> 
     </span>
     <span class='ocr_line' id='line_1_27' title="bbox 346 1911 1822 1958; baseline 0.003 -12"><span class='ocrx_word' id='word_1_199' title='bbox 346 1923 413 1956; x_wconf 90' lang='lat' dir='ltr'>que</span> <span class='ocrx_word' id='word_1_200' title='bbox 436 1911 615 1955; x_wconf 83' lang='lat' dir='ltr'>deumque.</span> <span class='ocrx_word' id='word_1_201' title='bbox 663 1911 728 1945; x_wconf 85' lang='lat'>373</span> <span class='ocrx_word' id='word_1_202' title='bbox 760 1912 880 1955; x_wconf 85' lang='lat' dir='ltr'>infra</span> <span class='ocrx_word' id='word_1_203' title='bbox 903 1913 988 1946; x_wconf 85' lang='lat' dir='ltr'>solis</span> <span class='ocrx_word' id='word_1_204' title='bbox 1009 1913 1198 1958; x_wconf 73' lang='lat' dir='ltr'>suryen-tia</span> <span class='ocrx_word' id='word_1_205' title='bbox 1223 1915 1283 1957; x_wconf 84' lang='lat' dir='ltr'>(se.</span> <span class='ocrx_word' id='word_1_206' title='bbox 1309 1913 1442 1958; x_wconf 80' lang='lat' dir='ltr'>sidera)</span> <span class='ocrx_word' id='word_1_207' title='bbox 1474 1925 1633 1950; x_wconf 76' lang='lat' dir='ltr'>cursus.</span> <span class='ocrx_word' id='word_1_208' title='bbox 1677 1915 1744 1950; x_wconf 77' lang='lat'>436</span> <span class='ocrx_word' id='word_1_209' title='bbox 1769 1916 1822 1950; x_wconf 79' lang='lat' dir='ltr'>ad</span> 
     </span>
     <span class='ocr_line' id='line_1_28' title="bbox 346 1969 1820 2015; baseline 0.001 -10"><span class='ocrx_word' id='word_1_210' title='bbox 346 1970 533 2015; x_wconf 73' lang='lat' dir='ltr'>expositae</span> <span class='ocrx_word' id='word_1_211' title='bbox 549 1970 686 2013; x_wconf 82' lang='lat' dir='ltr'>fatum.</span> <span class='ocrx_word' id='word_1_212' title='bbox 712 1969 779 2003; x_wconf 88' lang='lat'>443</span> <span class='ocrx_word' id='word_1_213' title='bbox 796 1970 907 2003; x_wconf 79' lang='lat' dir='ltr'>inter</span> <span class='ocrx_word' id='word_1_214' title='bbox 930 1970 1083 2013; x_wconf 85' lang='lat' dir='ltr'>solisque</span> <span class='ocrx_word' id='word_1_215' title='bbox 1107 1970 1202 2004; x_wconf 86' lang='lat' dir='ltr'>vias</span> <span class='ocrx_word' id='word_1_216' title='bbox 1214 1970 1466 2014; x_wconf 82' lang='lat' dir='ltr'>Arctosque.</span> <span class='ocrx_word' id='word_1_217' title='bbox 1490 1971 1555 2005; x_wconf 87' lang='grc'>567</span> <span class='ocrx_word' id='word_1_218' title='bbox 1577 1983 1599 2006; x_wconf 87' lang='grc' dir='ltr'><em>α</em></span> <span class='ocrx_word' id='word_1_219' title='bbox 1623 1972 1711 2006; x_wconf 79' lang='lat' dir='ltr'>caeli</span> <span class='ocrx_word' id='word_1_220' title='bbox 1733 1983 1820 2007; x_wconf 84' lang='lat' dir='ltr'>ver-</span> 
     </span>
     <span class='ocr_line' id='line_1_29' title="bbox 347 2025 1820 2074; baseline 0.001 -13"><span class='ocrx_word' id='word_1_221' title='bbox 347 2028 444 2062; x_wconf 81' lang='lat' dir='ltr'>tice.</span> <span class='ocrx_word' id='word_1_222' title='bbox 491 2027 558 2061; x_wconf 87' lang='lat'>568</span> <span class='ocrx_word' id='word_1_223' title='bbox 581 2026 633 2060; x_wconf 86' lang='lat' dir='ltr'>ad</span> <span class='ocrx_word' id='word_1_224' title='bbox 657 2025 802 2060; x_wconf 77' lang='lat' dir='ltr'>extremi</span> <span class='ocrx_word' id='word_1_225' title='bbox 826 2025 1016 2060; x_wconf 75' lang='lat' dir='ltr'>decurrens</span> <span class='ocrx_word' id='word_1_226' title='bbox 1041 2026 1185 2060; x_wconf 82' lang='lat' dir='ltr'>sidera</span> <span class='ocrx_word' id='word_1_227' title='bbox 1212 2026 1353 2061; x_wconf 83' lang='lat' dir='ltr'>Cancri.</span> <span class='ocrx_word' id='word_1_228' title='bbox 1393 2027 1459 2061; x_wconf 88' lang='grc'>685</span> <span class='ocrx_word' id='word_1_229' title='bbox 1483 2029 1534 2061; x_wconf 86' lang='lat' dir='ltr'>ab</span> <span class='ocrx_word' id='word_1_230' title='bbox 1561 2029 1686 2062; x_wconf 83' lang='lat' dir='ltr'>boreae</span> <span class='ocrx_word' id='word_1_231' title='bbox 1707 2039 1820 2074; x_wconf 68' lang='lat' dir='ltr'>yyro.</span> 
     </span>
     <span class='ocr_line' id='line_1_30' title="bbox 346 2081 1863 2130; baseline 0.001 -12"><span class='ocrx_word' id='word_1_232' title='bbox 346 2084 412 2118; x_wconf 86' lang='grc'>886</span> <span class='ocrx_word' id='word_1_233' title='bbox 440 2084 487 2117; x_wconf 86' lang='lat' dir='ltr'>in</span> <span class='ocrx_word' id='word_1_234' title='bbox 516 2082 664 2116; x_wconf 72' lang='lat' dir='ltr'>alterius</span> <span class='ocrx_word' id='word_1_235' title='bbox 689 2081 810 2116; x_wconf 83' lang='lat' dir='ltr'>labens</span> <span class='ocrx_word' id='word_1_236' title='bbox 834 2091 910 2115; x_wconf 86' lang='lat' dir='ltr'>cum</span> <span class='ocrx_word' id='word_1_237' title='bbox 933 2082 1051 2125; x_wconf 76' lang='lat' dir='ltr'>fata.</span> <span class='ocrx_word' id='word_1_238' title='bbox 1098 2083 1165 2116; x_wconf 87' lang='grc'>913</span> <span class='ocrx_word' id='word_1_239' title='bbox 1185 2093 1340 2126; x_wconf 80' lang='lat' dir='ltr'>perque</span> <span class='ocrx_word' id='word_1_240' title='bbox 1365 2084 1484 2126; x_wconf 81' lang='lat' dir='ltr'>patris</span> <span class='ocrx_word' id='word_1_241' title='bbox 1505 2088 1613 2127; x_wconf 83' lang='lat' dir='ltr'>pater</span> <span class='ocrx_word' id='word_1_242' title='bbox 1635 2086 1822 2130; x_wconf 73' lang='lat' dir='ltr'>Auyustus</span> <span class='ocrx_word' id='word_1_243' title='bbox 1861 2095 1863 2097; x_wconf 89' lang='lat'>·</span> 
     </span>
     <span class='ocr_line' id='line_1_31' title="bbox 347 2139 1821 2186; baseline 0.001 -12"><span class='ocrx_word' id='word_1_244' title='bbox 347 2140 540 2185; x_wconf 67' lang='lat' dir='ltr'>vestigia.</span> <span class='ocrx_word' id='word_1_245' title='bbox 575 2140 611 2173; x_wconf 87' lang='grc' dir='ltr'>Π</span> <span class='ocrx_word' id='word_1_246' title='bbox 630 2139 694 2173; x_wconf 91' lang='lat'>103</span> <span class='ocrx_word' id='word_1_247' title='bbox 719 2139 771 2172; x_wconf 83' lang='lat' dir='ltr'>ad</span> <span class='ocrx_word' id='word_1_248' title='bbox 795 2139 899 2173; x_wconf 85' lang='lat' dir='ltr'>lunae</span> <span class='ocrx_word' id='word_1_249' title='bbox 919 2140 1099 2174; x_wconf 82' lang='lat' dir='ltr'>nascentis</span> <span class='ocrx_word' id='word_1_250' title='bbox 1123 2149 1294 2174; x_wconf 85' lang='lat' dir='ltr'>cornua.</span> <span class='ocrx_word' id='word_1_251' title='bbox 1331 2140 1395 2174; x_wconf 88' lang='grc'>541</span> <span class='ocrx_word' id='word_1_252' title='bbox 1421 2150 1506 2174; x_wconf 88' lang='lat' dir='ltr'>cum</span> <span class='ocrx_word' id='word_1_253' title='bbox 1525 2140 1673 2186; x_wconf 64' lang='lat' dir='ltr'>Virgine</span> <span class='ocrx_word' id='word_1_254' title='bbox 1695 2141 1821 2176; x_wconf 79' lang='lat' dir='ltr'>natis.</span> 
     </span>
     <span class='ocr_line' id='line_1_32' title="bbox 349 2195 1822 2240; baseline 0.001 -10"><span class='ocrx_word' id='word_1_255' title='bbox 349 2197 414 2230; x_wconf 86' lang='lat'>549</span> <span class='ocrx_word' id='word_1_256' title='bbox 431 2197 507 2231; x_wconf 82' lang='lat' dir='ltr'>sub</span> <span class='ocrx_word' id='word_1_257' title='bbox 530 2197 649 2231; x_wconf 85' lang='lat' dir='ltr'>aversi</span> <span class='ocrx_word' id='word_1_258' title='bbox 665 2199 896 2230; x_wconf 79' lang='lat' dir='ltr'>numerantur</span> <span class='ocrx_word' id='word_1_259' title='bbox 919 2195 1069 2230; x_wconf 81' lang='lat' dir='ltr'>sidere</span> <span class='ocrx_word' id='word_1_260' title='bbox 1089 2195 1208 2229; x_wconf 83' lang='lat' dir='ltr'>Tauri.</span> <span class='ocrx_word' id='word_1_261' title='bbox 1233 2195 1297 2229; x_wconf 88' lang='lat'>599</span> <span class='ocrx_word' id='word_1_262' title='bbox 1314 2195 1387 2229; x_wconf 83' lang='lat' dir='ltr'>sub</span> <span class='ocrx_word' id='word_1_263' title='bbox 1413 2195 1590 2230; x_wconf 79' lang='lat' dir='ltr'>amicitiae</span> <span class='ocrx_word' id='word_1_264' title='bbox 1604 2199 1822 2240; x_wconf 72' lang='lat' dir='ltr'>yrassantem</span> 
     </span>
     <span class='ocr_line' id='line_1_33' title="bbox 348 2251 1823 2295; baseline 0 -9"><span class='ocrx_word' id='word_1_265' title='bbox 348 2253 519 2288; x_wconf 83' lang='lat' dir='ltr'>nomine.</span> <span class='ocrx_word' id='word_1_266' title='bbox 564 2254 618 2287; x_wconf 81' lang='lat' dir='ltr'>Il]</span> <span class='ocrx_word' id='word_1_267' title='bbox 655 2253 722 2286; x_wconf 80' lang='lat'>264</span> <span class='ocrx_word' id='word_1_268' title='bbox 758 2253 814 2286; x_wconf 82' lang='lat' dir='ltr'>ad</span> <span class='ocrx_word' id='word_1_269' title='bbox 850 2252 1006 2286; x_wconf 77' lang='lat' dir='ltr'>ardentis</span> <span class='ocrx_word' id='word_1_270' title='bbox 1041 2255 1249 2295; x_wconf 65' lang='lat' dir='ltr'>pugnarunt</span> <span class='ocrx_word' id='word_1_271' title='bbox 1289 2251 1438 2286; x_wconf 82' lang='lat' dir='ltr'>sidera</span> <span class='ocrx_word' id='word_1_272' title='bbox 1478 2251 1615 2287; x_wconf 80' lang='lat' dir='ltr'>Cancri.</span> <span class='ocrx_word' id='word_1_273' title='bbox 1669 2253 1736 2287; x_wconf 84' lang='grc'>625</span> <span class='ocrx_word' id='word_1_274' title='bbox 1770 2253 1823 2286; x_wconf 84' lang='lat' dir='ltr'>ad</span> 
     </span>
     <span class='ocr_line' id='line_1_34' title="bbox 349 2307 1824 2354; baseline 0.001 -12"><span class='ocrx_word' id='word_1_275' title='bbox 349 2309 504 2343; x_wconf 77' lang='lat' dir='ltr'>aestivae</span> <span class='ocrx_word' id='word_1_276' title='bbox 515 2308 829 2354; x_wconf 72' lang='lat' dir='ltr'>fulqetfastiqia</span> <span class='ocrx_word' id='word_1_277' title='bbox 845 2319 964 2342; x_wconf 73' lang='lat' dir='ltr'>zonae.</span> <span class='ocrx_word' id='word_1_278' title='bbox 989 2308 1037 2342; x_wconf 92' lang='lat' dir='ltr'>IV</span> <span class='ocrx_word' id='word_1_279' title='bbox 1048 2308 1092 2342; x_wconf 86' lang='lat'>34</span> <span class='ocrx_word' id='word_1_280' title='bbox 1109 2307 1184 2342; x_wconf 87' lang='lat' dir='ltr'>sub</span> <span class='ocrx_word' id='word_1_281' title='bbox 1203 2308 1308 2342; x_wconf 83' lang='lat' dir='ltr'>unius</span> <span class='ocrx_word' id='word_1_282' title='bbox 1320 2307 1460 2352; x_wconf 77' lang='lat' dir='ltr'>fratres</span> <span class='ocrx_word' id='word_1_283' title='bbox 1483 2309 1668 2343; x_wconf 82' lang='lat' dir='ltr'>virtute..</span> <span class='ocrx_word' id='word_1_284' title='bbox 1695 2309 1762 2343; x_wconf 87' lang='grc'>568</span> <span class='ocrx_word' id='word_1_285' title='bbox 1777 2309 1824 2343; x_wconf 82' lang='lat' dir='ltr'>in</span> 
     </span>
     <span class='ocr_line' id='line_1_35' title="bbox 349 2364 1821 2409; baseline 0 -10"><span class='ocrx_word' id='word_1_286' title='bbox 349 2365 485 2399; x_wconf 83' lang='lat' dir='ltr'>caudae</span> <span class='ocrx_word' id='word_1_287' title='bbox 501 2366 743 2409; x_wconf 77' lang='lat' dir='ltr'>Capricornus</span> <span class='ocrx_word' id='word_1_288' title='bbox 768 2365 956 2398; x_wconf 86' lang='lat' dir='ltr'>acumine</span> <span class='ocrx_word' id='word_1_289' title='bbox 981 2374 1139 2398; x_wconf 72' lang='lat' dir='ltr'>summo</span> <span class='ocrx_word' id='word_1_290' title='bbox 1163 2364 1230 2398; x_wconf 88' lang='grc'>670</span> <span class='ocrx_word' id='word_1_291' title='bbox 1244 2364 1295 2397; x_wconf 83' lang='lat' dir='ltr'>ad</span> <span class='ocrx_word' id='word_1_292' title='bbox 1306 2365 1459 2409; x_wconf 70' lang='lat' dir='ltr'>Aeqypti</span> <span class='ocrx_word' id='word_1_293' title='bbox 1470 2369 1578 2408; x_wconf 84' lang='lat' dir='ltr'>ponet</span> <span class='ocrx_word' id='word_1_294' title='bbox 1591 2365 1682 2407; x_wconf 76' lang='lat' dir='ltr'><strong>(GV1</strong></span> <span class='ocrx_word' id='word_1_295' title='bbox 1694 2365 1821 2409; x_wconf 79' lang='lat' dir='ltr'>ponat)</span> 
     </span>
     <span class='ocr_line' id='line_1_36' title="bbox 352 2420 1824 2466; baseline 0 -10"><span class='ocrx_word' id='word_1_296' title='bbox 352 2433 420 2456; x_wconf 86' lang='lat' dir='ltr'>sua</span> <span class='ocrx_word' id='word_1_297' title='bbox 444 2422 527 2456; x_wconf 86' lang='lat' dir='ltr'>iura</span> <span class='ocrx_word' id='word_1_298' title='bbox 551 2421 731 2455; x_wconf 85' lang='lat' dir='ltr'>colonos.</span> <span class='ocrx_word' id='word_1_299' title='bbox 779 2420 811 2453; x_wconf 90' lang='lat' dir='ltr'><strong>V</strong></span> <span class='ocrx_word' id='word_1_300' title='bbox 836 2421 878 2454; x_wconf 93' lang='grc'>37</span> <span class='ocrx_word' id='word_1_301' title='bbox 904 2432 927 2454; x_wconf 85' lang='lat' dir='ltr'>a</span> <span class='ocrx_word' id='word_1_302' title='bbox 952 2420 1071 2454; x_wconf 76' lang='lat' dir='ltr'>dextri</span> <span class='ocrx_word' id='word_1_303' title='bbox 1094 2420 1220 2454; x_wconf 80' lang='lat' dir='ltr'>lateris</span> <span class='ocrx_word' id='word_1_304' title='bbox 1246 2420 1353 2454; x_wconf 80' lang='lat' dir='ltr'>ducat</span> <span class='ocrx_word' id='word_1_305' title='bbox 1381 2421 1567 2466; x_wconf 78' lang='lat' dir='ltr'>reyione.</span> <span class='ocrx_word' id='word_1_306' title='bbox 1614 2421 1656 2455; x_wconf 89' lang='grc'>87</span> <span class='ocrx_word' id='word_1_307' title='bbox 1677 2431 1824 2465; x_wconf 79' lang='lat' dir='ltr'>perque</span> 
     </span>
     <span class='ocr_line' id='line_1_37' title="bbox 350 2476 1824 2521; baseline 0 -9"><span class='ocrx_word' id='word_1_308' title='bbox 350 2478 487 2512; x_wconf 78' lang='lat' dir='ltr'>volabit</span> <span class='ocrx_word' id='word_1_309' title='bbox 510 2487 638 2521; x_wconf 83' lang='lat' dir='ltr'>equos</span> <span class='ocrx_word' id='word_1_310' title='bbox 672 2478 728 2518; x_wconf 86' lang='lat' dir='ltr'>(ex</span> <span class='ocrx_word' id='word_1_311' title='bbox 754 2476 844 2511; x_wconf 90' lang='lat' dir='ltr'>coni.</span> <span class='ocrx_word' id='word_1_312' title='bbox 870 2476 1053 2519; x_wconf 86' lang='lat' dir='ltr'>Bentleii).</span> <span class='ocrx_word' id='word_1_313' title='bbox 1101 2476 1166 2510; x_wconf 77' lang='lat'>265</span> <span class='ocrx_word' id='word_1_314' title='bbox 1191 2487 1281 2519; x_wconf 87' lang='lat' dir='ltr'>eque</span> <span class='ocrx_word' id='word_1_315' title='bbox 1309 2477 1468 2510; x_wconf 85' lang='lat' dir='ltr'>Arabum</span> <span class='ocrx_word' id='word_1_316' title='bbox 1491 2477 1615 2511; x_wconf 84' lang='lat' dir='ltr'>silvis</span> <span class='ocrx_word' id='word_1_317' title='bbox 1649 2477 1707 2520; x_wconf 85' lang='lat' dir='ltr'>(ex</span> <span class='ocrx_word' id='word_1_318' title='bbox 1732 2477 1824 2512; x_wconf 84' lang='lat' dir='ltr'>coni.</span> 
     </span>
     <span class='ocr_line' id='line_1_38' title="bbox 352 2533 1519 2577; baseline -0.002 -8"><span class='ocrx_word' id='word_1_319' title='bbox 352 2534 533 2577; x_wconf 85' lang='lat' dir='ltr'>Bentleii).</span> <span class='ocrx_word' id='word_1_320' title='bbox 579 2533 645 2567; x_wconf 77' lang='lat'>282</span> <span class='ocrx_word' id='word_1_321' title='bbox 669 2545 719 2577; x_wconf 84' lang='lat' dir='ltr'>sq.</span> <span class='ocrx_word' id='word_1_322' title='bbox 743 2543 944 2576; x_wconf 80' lang='lat' dir='ltr'>superque</span> <span class='ocrx_word' id='word_1_323' title='bbox 968 2533 1110 2566; x_wconf 84' lang='lat' dir='ltr'>Ducere</span> <span class='ocrx_word' id='word_1_324' title='bbox 1131 2533 1364 2576; x_wconf 79' lang='lat' dir='ltr'>pendentes</span> <span class='ocrx_word' id='word_1_325' title='bbox 1388 2533 1519 2567; x_wconf 85' lang='lat' dir='ltr'>orbes.</span> 
     </span>
    </p>
   </div>
   <div class='ocr_carea' id='block_1_14' title="bbox 354 2601 1823 2795">
    <p class='ocr_par' dir='ltr' id='par_1_14' title="bbox 354 2601 1823 2795">
     <span class='ocr_line' id='line_1_39' title="bbox 466 2601 1822 2656; baseline -0.003 -13"><span class='ocrx_word' id='word_1_326' title='bbox 466 2602 664 2656; x_wconf 88' lang='lat' dir='ltr'>Denique</span> <span class='ocrx_word' id='word_1_327' title='bbox 703 2601 1140 2656; x_wconf 84' lang='lat' dir='ltr'>praepositiones</span> <span class='ocrx_word' id='word_1_328' title='bbox 1179 2601 1488 2656; x_wconf 88' lang='lat' dir='ltr'>bisyllabae</span> <span class='ocrx_word' id='word_1_329' title='bbox 1520 2615 1544 2642; x_wconf 87' lang='lat' dir='ltr'>a</span> <span class='ocrx_word' id='word_1_330' title='bbox 1574 2601 1822 2642; x_wconf 38' lang='lat' dir='ltr'>substan*</span> 
     </span>
     <span class='ocr_line' id='line_1_40' title="bbox 354 2668 1823 2725; baseline -0.002 -13"><span class='ocrx_word' id='word_1_331' title='bbox 354 2672 464 2712; x_wconf 85' lang='lat' dir='ltr'>tivo</span> <span class='ocrx_word' id='word_1_332' title='bbox 498 2671 571 2712; x_wconf 87' lang='lat' dir='ltr'>ita</span> <span class='ocrx_word' id='word_1_333' title='bbox 602 2673 942 2725; x_wconf 82' lang='lat' dir='ltr'>separantur,</span> <span class='ocrx_word' id='word_1_334' title='bbox 972 2677 1048 2719; x_wconf 83' lang='lat' dir='ltr'>ut,</span> <span class='ocrx_word' id='word_1_335' title='bbox 1080 2683 1191 2709; x_wconf 81' lang='lat' dir='ltr'>eum</span> <span class='ocrx_word' id='word_1_336' title='bbox 1222 2669 1352 2710; x_wconf 87' lang='lat' dir='ltr'>illae</span> <span class='ocrx_word' id='word_1_337' title='bbox 1384 2683 1587 2710; x_wconf 84' lang='lat' dir='ltr'>versum</span> <span class='ocrx_word' id='word_1_338' title='bbox 1619 2668 1823 2720; x_wconf 82' lang='lat' dir='ltr'>finiant,</span> 
     </span>
     <span class='ocr_line' id='line_1_41' title="bbox 359 2737 1341 2795; baseline -0.004 -13"><span class='ocrx_word' id='word_1_339' title='bbox 359 2740 422 2782; x_wconf 89' lang='lat' dir='ltr'>ab</span> <span class='ocrx_word' id='word_1_340' title='bbox 453 2740 552 2782; x_wconf 89' lang='lat' dir='ltr'>hoc</span> <span class='ocrx_word' id='word_1_341' title='bbox 582 2752 769 2780; x_wconf 78' lang='lat' dir='ltr'>versus</span> <span class='ocrx_word' id='word_1_342' title='bbox 799 2737 1070 2795; x_wconf 84' lang='lat' dir='ltr'>proximus</span> <span class='ocrx_word' id='word_1_343' title='bbox 1101 2737 1341 2794; x_wconf 83' lang='lat' dir='ltr'>incipiat:</span> 
     </span>
    </p>
   </div>
  </div>
 </body>
</html>
