1930 3320
772 320 989 362 -81-

122 413 221 454 Jam
237 423 336 453 vero
357 413 551 450 natantes
575 409 748 463 inspice,
772 409 928 462 quique
953 422 997 450 se
1023 409 1281 464 concharum
1304 422 1432 451 causa
1456 410 1631 452 immer-

129 480 235 530 gunt
250 475 402 531 pelago
426 486 436 516 ε

318 564 391 608 Sic,
413 564 515 600 venit
534 574 580 599 ex
598 563 664 599 illo
686 563 905 611 (Delphino)
928 563 1113 611 quisquis,
1134 564 1308 600 volitabit
1327 564 1366 601 in
1386 565 1511 611 undis,

319 619 426 655 Nunc
447 617 600 652 alterna
619 616 746 652 ferens
760 617 800 652 in
820 616 941 653 lentos
955 617 1115 653 brachia
1131 619 1256 653 tactus

314 671 506 717 Explausa
522 669 718 705 resonabit
743 680 858 717 aqua,
881 681 983 723 nune
1005 681 1158 717 aequore
1177 681 1325 707 mersas

320 724 480 760 Diducet
499 723 661 770 palmas,
682 722 842 758 furtivus
865 733 990 759 remes
1012 723 1051 759 in
1072 723 1167 768 ipso,

318 777 424 813 Nunc
443 776 483 812 in
503 787 623 824 aquas
643 778 770 812 rectus
790 776 932 823 veniet,
954 787 1188 824 passumque
1209 776 1369 821 natabit,

318 829 365 865 Et
383 829 484 866 vada
503 829 684 866 mentitus
699 829 836 865 reddat
854 841 970 877 super
990 840 1145 876 aequore
1161 835 1359 876 campum,

320 884 398 919 Aut
418 882 580 919 immota
599 882 725 919 ferens
746 882 785 918 in
805 885 939 930 tergus
960 883 1137 919 membra
1155 883 1334 930 latusque

321 936 405 972 Non
426 936 602 972 onerabit
621 947 741 983 aquas
761 937 1000 983 summisque
1024 936 1224 972 accumbet
1242 936 1282 972 in
1303 935 1435 981 undis,

323 989 583 1035 Pendebitque
606 1000 733 1036 super,
753 991 906 1025 tantum
926 989 1006 1025 sine
1027 989 1172 1036 remige
1194 989 1336 1025 velum.

371 1042 448 1078 Illis
467 1042 507 1078 in
527 1045 645 1089 ponto
662 1042 878 1089 jucundum
897 1044 958 1078 est
977 1053 1148 1090 quaerere
1170 1045 1346 1089 pontum,

324 1095 569 1142 Corporaque
590 1095 830 1143 immergunt
847 1095 971 1137 undis,
991 1095 1196 1142 ipsumque
1214 1095 1284 1132 sub
1306 1095 1424 1131 antris

323 1150 446 1185 Nerea
466 1151 504 1184 et
523 1159 722 1195 aequoreas
740 1151 929 1185 conantur
945 1149 1066 1185 visere
1086 1149 1302 1196 Nymphas3

322 1201 610 1249 Exportantque
628 1201 745 1237 maris
766 1202 930 1249 praedas,
953 1204 990 1237 et
1009 1205 1121 1248 rapta
1140 1202 1334 1250 profundo

323 1254 542 1303 Naufragia,
564 1257 680 1303 atque
699 1255 800 1291 imas
822 1255 922 1292 avidi
940 1258 1156 1292 scrutantur
1175 1266 1312 1292 arenas
1331 1258 1359 1291 ¹.

133 1368 231 1408 Jam
251 1367 503 1421 petauristas
522 1380 569 1407 ac
590 1367 859 1407 circulatores
880 1367 1104 1416 admirare,
1127 1367 1303 1408 mobilia

327 1479 509 1526 Corpora,
531 1490 616 1526 quae
635 1478 774 1515 vadido
796 1478 937 1514 saliunt
957 1490 1116 1515 excussa
1135 1480 1310 1525 petauro,

325 1533 578 1579 Alternosque
599 1531 698 1568 cient
718 1535 858 1577 motus,
881 1531 1031 1568 delatus
1053 1535 1091 1567 et
1112 1532 1174 1567 ille

327 1586 434 1622 Nunc
451 1586 567 1632 Jacet,
590 1587 704 1632 atque
723 1585 840 1632 hujus
861 1596 950 1620 casu
971 1585 1217 1631 suspenditur
1236 1585 1321 1630 ille3

327 1638 542 1675 Membrave
562 1649 629 1684 per
646 1638 825 1673 flammas
847 1637 1034 1684 orbesque
1056 1637 1195 1673 emissa
1216 1637 1436 1685 flagrantes,

327 1691 487 1727 Molliter
510 1694 551 1726 ut
571 1690 726 1738 liquidis
747 1701 816 1737 per
835 1690 1002 1726 humum
1021 1694 1221 1737 ponuntur
1239 1690 1280 1726 in
1298 1690 1423 1736 undis,

327 1744 634 1791 Delphinumque
653 1755 721 1780 suo
742 1754 810 1790 per
830 1743 946 1779 inane
967 1743 1160 1778 imitantia
1180 1746 1291 1779 motu

326 1797 371 1833 Et
390 1797 547 1834 viduata
567 1797 696 1833 volant
711 1796 846 1844 pennis
867 1799 904 1832 et
924 1796 964 1831 in
985 1807 1074 1832 aere
1094 1797 1233 1832 ludunt
1250 1802 1276 1833 ².

138 1909 346 1951 Continuo
366 1910 666 1964 pantomimus,
690 1909 818 1949 tacito
840 1912 974 1961 gestu,
998 1909 1171 1949 affectus
1192 1909 1357 1958 referet,

465 2021 652 2068 Solusque
679 2032 749 2068 per
769 2032 902 2056 omnes

329 2074 402 2111 Ibit
421 2085 606 2122 personas
628 2077 665 2110 et
683 2074 839 2110 turbam
858 2073 993 2110 reddet
1014 2073 1053 2108 in
1075 2084 1175 2118 uno;

328 2129 404 2163 Aut
423 2138 585 2174 magnos
606 2127 748 2163 heroas
769 2128 858 2174 aget
878 2126 1053 2173 civesque
1074 2128 1246 2174 togatos3

331 2180 462 2217 Omnis
482 2180 649 2216 fortunae
670 2181 814 2215 vultum
836 2190 904 2226 per
924 2180 1098 2215 membra
1118 2179 1287 2224 reducet,

329 2233 583 2280 AEquabitque
604 2234 739 2268 choros
758 2235 881 2279 gestu,
903 2235 1088 2280 cogetque
1112 2232 1240 2268 videre

328 2288 562 2323 Praesentem
581 2286 734 2333 Trojam
753 2286 1022 2332 Priamumque
1044 2288 1133 2321 ante
1154 2296 1222 2321 ora
1241 2286 1469 2323 cadentem?
1482 2288 1496 2310 ³

137 2397 294 2440 Deinde
315 2398 495 2440 artifices
516 2398 607 2438 auri
629 2401 871 2446 occurrunt,

533 2505 599 2552 qui
624 2504 731 2540 mille
752 2504 886 2551 figuris

327 2558 479 2594 Vertere
501 2568 595 2604 opus
615 2556 764 2604 possint
783 2557 960 2603 tornique
985 2556 1182 2603 acquirere
1200 2556 1330 2592 dotem

326 2611 492 2647 Materiae
512 2613 550 2646 et
564 2611 740 2658 lapidum
759 2610 861 2647 vivos
875 2610 1035 2646 miscere
1056 2611 1203 2647 colores
1218 2611 1279 2647 ⁴...

178 2741 208 2772 1.
229 2739 337 2779 Man„
356 2739 513 2777 Astron„
538 2740 580 2779 V,
600 2741 674 2772 423.

179 2787 211 2818 2.
230 2786 297 2826 Id.,
315 2785 413 2822 ibid„
435 2787 477 2825 V,
498 2787 571 2818 440.

179 2834 210 2866 3.
233 2833 299 2874 Id.,
317 2833 416 2870 ibid„
435 2833 476 2872 V,
494 2833 567 2866 481.

182 2882 212 2913 4.
230 2880 296 2920 Id.,
313 2879 410 2918 ibid„
436 2880 508 2912 50²1.

237 2941 386 2977 Lmsom,
1427 2936 1448 2972 6
