1930 3320
769 242 1052 282 —35-

155 367 333 402 Iacobus:
378 366 669 412 pernoctesque).
730 367 799 402 686
839 366 889 401 ad
934 366 1132 410 bellumque
1180 365 1362 411 (Scaliger
1402 366 1440 401 et
1479 363 1669 400 Bentleius

158 425 196 460 et
220 424 390 460 Iacobus:
416 423 704 469 adpelluntque).

273 482 458 539 Saepius
477 486 623 524 tamen
640 495 717 535 que
734 482 992 538 particulam
1015 496 1112 524 cum
1133 481 1457 538 praepositione
1481 481 1670 523 conectit

157 550 384 593 Manilius:

217 647 222 651 .
245 630 340 654 cum-
368 618 635 665 praepositioni
660 618 896 664 adiungitur:
921 620 938 654 Ι
962 620 1030 654 642
1055 630 1204 665 cumque
1230 620 1318 655 loco.
1352 619 1404 654 IV
1428 621 1496 655 236
1521 630 1671 665 cumque

156 678 353 723 elephante.
401 678 434 712 V
457 677 528 712 400
552 688 702 722 cumque
725 678 804 712 suis
831 677 1006 712 domibus.
1047 679 1060 722 Ι]
1111 688 1214 722 eque
1238 677 1413 722 legimus:
1439 678 1474 713 ΙΙ
1489 678 1555 712 947
1581 689 1670 723 eque

155 736 233 771 illis
269 736 329 781 (ex
353 735 514 770 Bentleii
553 734 768 770 coniectura
803 747 869 780 pro
909 747 954 770 ex
989 736 1076 779 illo).
1124 735 1176 770 IV
1199 735 1244 770 48
1280 747 1368 786 eque
1403 736 1665 781 crepidinibus.

154 794 221 830 149
245 805 333 839 eque
373 796 596 830 suo-aratro.
644 794 678 829 V
701 795 770 829 265
799 806 887 840 eque
915 795 1080 830 Arabum
1122 795 1225 830 silvis
1265 795 1324 838 (ex
1361 795 1481 830 Bentl.
1508 795 1630 839 coni.).
1655 795 1668 841 ΙΙ

153 852 301 897 inque:
325 852 343 886 Ι
367 852 413 887 50
435 853 544 898 inque
569 852 776 887 deum-tulit
813 852 892 896 (ubi
917 854 1044 887 tamen
1077 853 1116 887 in
1140 852 1367 898 praepositio
1400 864 1423 887 a
1452 853 1536 888 tulit
1561 853 1672 888 tmesi

157 909 326 945 seiuncta
350 911 430 952 est).
468 910 535 945 487
559 910 670 955 inq-ue
693 910 769 945 illa.
817 911 852 945 II
876 911 955 946 275.
979 910 1058 945 341.
1082 911 1162 945 468.
1211 910 1264 945 III
1277 910 1356 945 640.
1403 910 1455 945 IV
1469 910 1537 945 302
1560 910 1670 956 inque

155 968 276 1002 vicem.
316 967 352 1003 II
374 967 443 1002 493
467 968 576 1012 inque
599 967 851 1012 ipsos-pisces.
889 968 954 1003 571
981 968 1091 1013 inque
1116 967 1248 1003 odium.
1298 967 1350 1002 IV
1368 968 1413 1003 64
1436 969 1546 1014 inque
1569 978 1670 1012 roqo.

156 1026 201 1060 85
235 1026 346 1071 inque
382 1036 642 1070 suas-poenas.
690 1026 757 1060 369
788 1026 898 1070 inque
936 1026 1021 1061 alio.
1065 1026 1132 1061 541
1157 1026 1266 1071 inque
1291 1026 1429 1070 epulas.
1472 1027 1539 1061 557
1563 1027 1672 1072 inque

156 1093 260 1118 arva.
307 1082 374 1117 597
407 1083 518 1127 inque
557 1082 671 1118 sinus.
712 1083 778 1118 877
795 1083 914 1127 'inque
950 1084 1053 1128 ipsos
1090 1094 1231 1119 census.
1280 1083 1313 1118 V
1338 1084 1406 1118 216
1435 1084 1546 1129 inque
1574 1094 1674 1128 royo.

78 1186 81 1189 Ι
155 1140 224 1175 584
249 1140 358 1186 inque
383 1140 554 1186 ipso-ore.
592 1141 660 1176 705
683 1141 794 1186 inque
818 1143 930 1177 artes.
971 1143 984 1185 Η
1019 1153 1208 1187 perque:
1241 1142 1258 1177 Ι
1283 1141 1350 1177 213
1370 1153 1511 1188 perque
1537 1142 1670 1177 omnia,

153 1197 222 1233 284
245 1208 384 1243 perque
412 1198 682 1244 ipsum-orbem.
726 1199 794 1234 619
822 1210 962 1244 perque
981 1199 1103 1244 pedes.
1145 1199 1211 1235 627
1236 1210 1376 1245 perque
1405 1199 1556 1245 Lyram.
1604 1199 1671 1234 725

149 1266 291 1302 perque
319 1256 569 1302 ipsos-nexus.
612 1257 679 1291 913
703 1257 1030 1302 perque-vestigia.
1080 1256 1115 1291 II
1142 1256 1187 1291 41
1223 1268 1365 1302 perque
1397 1257 1673 1292 horrida-rura.

153 1313 221 1348 589
240 1324 382 1359 perque
406 1317 459 1348 tot
482 1316 630 1349 aetates.
669 1314 736 1348 760
758 1325 894 1359 perque
913 1314 1039 1359 pedes.
1088 1314 1142 1348 HI
1156 1313 1225 1349 394
1245 1325 1386 1360 perque
1409 1325 1673 1360 suos-yressus.

153 1371 221 1406 523
252 1382 391 1416 perque
423 1371 718 1407 alterna-sidera.
767 1371 818 1406 IV
845 1371 912 1406 160
939 1383 1079 1418 perque
1111 1372 1246 1408 omnia.
1284 1372 1354 1407 360
1374 1384 1513 1419 perque
1538 1373 1675 1408 decem-

150 1431 288 1473 partes.
336 1428 403 1463 720
433 1440 574 1475 perque
609 1429 942 1474 coloratas-yentes.
1004 1430 1038 1464 V
1068 1430 1112 1464 87
1145 1441 1413 1476 perque-equos
1452 1432 1511 1475 (ex
1547 1430 1672 1466 Bentl.

155 1485 277 1530 coni.).
308 1487 375 1522 144
388 1498 530 1532 perque
554 1486 675 1532 dapes.
717 1487 785 1522 318
803 1498 940 1532 perque
966 1487 1219 1532 maqistratus.
1256 1487 1325 1523 518
1348 1499 1490 1533 perque
1515 1492 1636 1533 caput.
1662 1488 1675 1534 ΙΙ

156 1543 316 1589 denique
337 1552 545 1589 postque:
582 1544 634 1579 IV
658 1545 703 1580 38
736 1547 894 1591 postque
923 1546 1138 1581 tuos—lacus.
1194 1546 1258 1581 159
1286 1550 1447 1592 postque
1482 1547 1584 1592 ipsos
1614 1548 1673 1591 (ex

154 1602 274 1637 Bentl.
307 1601 426 1646 coni).
474 1601 508 1636 V
531 1602 600 1636 314
634 1604 791 1648 postque
830 1614 980 1648 yreqem.
1030 1603 1229 1638 Praeterea
1265 1615 1510 1640 commemoro
1544 1605 1579 1639 II
1605 1605 1672 1639 723

150 1659 322 1704 pluribus
338 1658 450 1705 inque
468 1659 596 1703 modis,
620 1659 685 1694 ubi
703 1671 772 1705 que
791 1660 924 1706 copula
949 1660 1219 1707 praepositioni
1250 1662 1492 1708 anastrophes
1517 1662 1674 1699 artificio

157 1716 360 1752 collocatae
389 1716 500 1752 affixa
525 1718 590 1752 est.

271 1775 370 1830 Que
412 1776 569 1832 copula
600 1775 804 1818 Manilius
847 1791 980 1834 saepe
1026 1791 1079 1819 eo
1127 1777 1256 1819 modo
1301 1777 1449 1830 utitur,
1496 1781 1558 1829 ut,
1597 1777 1675 1820 ubi

155 1844 435 1900 complura
463 1844 706 1887 membra
735 1845 882 1888 inter
923 1861 976 1888 se
1014 1847 1431 1902 coniunguntur,
1475 1861 1551 1900 que
1581 1847 1671 1889 ad-

154 1917 408 1955 nectatur
449 1918 535 1955 aut
573 1915 781 1968 ultimo,
814 1919 899 1957 aut
937 1915 1180 1958 omnibus
1213 1921 1451 1973 excepto
1483 1918 1671 1974 prim0.

154 1981 363 2024 Prioris
395 1984 614 2039 generis
647 1985 896 2041 exempla
925 2000 1064 2042 pauca
1094 1987 1271 2042 praesto
1305 1990 1425 2027 sunt:

249 2050 285 2085 II
317 2050 387 2086 404
411 2062 490 2096 sqq.
542 2051 747 2086 Solstitium
782 2053 946 2095 brumae,
986 2053 1252 2098 Capricornum
1297 2064 1477 2099 opponere
1519 2054 1671 2098 Cancro,

157 2107 382 2153 Laniyerum
429 2108 567 2144 Librae
612 2129 655 2134 —
705 2109 876 2145 Piscibus
930 2110 1138 2155 Eriqonen,
1198 2111 1359 2156 Iuveniq
1370 2123 1420 2146 ue
1477 2111 1669 2157 Urnaeque

155 2166 325 2202 Leonem.
365 2169 380 2212 ΙΙ
419 2168 455 2202 II
479 2168 548 2203 658
572 2180 624 2213 sq.
663 2168 730 2203 Ver
755 2169 873 2210 Aries,
901 2169 1062 2204 Cererem
1090 2169 1237 2212 Cancer,
1262 2170 1541 2215 Bacchumque
1565 2171 1671 2206 mini-

153 2228 278 2260 strans
300 2224 429 2260 Libra.
470 2227 484 2270 11
530 2225 582 2260 IV
614 2226 683 2261 288
706 2238 759 2271 sq.
803 2227 970 2262 Navales
1008 2228 1115 2262 etiam
1148 2239 1307 2273 puqnas,
1342 2228 1540 2273 pendentia
1579 2229 1673 2264 bella

154 2281 384 2327 Attribuunt,
420 2283 630 2328 pelaqique
664 2284 818 2328 infectos
853 2286 1034 2330 sanquine
1063 2286 1214 2330 fluctus.
1267 2287 1281 2330 ΙΙ
1336 2285 1370 2320 V
1395 2286 1464 2321 740
1489 2298 1541 2331 sq.
1578 2286 1672 2322 Sunt

157 2340 282 2376 stellae
321 2351 512 2386 procerum
559 2341 715 2384 similes,
771 2346 857 2377 sunt
912 2343 1085 2388 proxima
1126 2343 1258 2388 primis
1299 2343 1450 2386 Sidera,
1497 2348 1671 2390 suntque

101 2422 104 2425 ·
156 2400 279 2445 yradu
304 2402 390 2436 cett.

187 2459 259 2501 Ex
289 2460 521 2502 alterius
554 2460 762 2516 generis
795 2461 1055 2518 exemplis
1088 2462 1223 2504 affero
1256 2462 1391 2504 haec:

246 2527 283 2562 11
302 2528 344 2562 61
371 2527 618 2573 Infusumque
643 2528 745 2563 deum
770 2530 896 2564 caclo
920 2530 1147 2575 terri-sque
1171 2530 1376 2575 fretoque
1415 2531 1430 2574 ΙΙ
1469 2530 1504 2564 ΙΙ
1534 2530 1601 2565 723
1618 2542 1670 2575 sq.

158 2584 341 2620 Pluribus
376 2586 523 2631 inque1)
547 2586 663 2621 modis
690 2597 813 2621 rerum
841 2589 980 2622 natura
1019 2588 1208 2630 locavit,
1244 2588 1544 2633 Deduxitque
1578 2589 1673 2631 vias,

156 2642 389 2687 voluitque
410 2642 477 2687 per
502 2643 622 2678 omnia
646 2645 776 2688 quaeri
801 2646 815 2689 {l
841 2645 876 2679 Π
902 2645 968 2680 796
993 2658 1046 2690 sq.
1084 2646 1163 2691 Quo
1187 2646 1356 2691 defessus
1383 2646 1487 2691 equis
1502 2646 1671 2679 Phoebus

159 2698 379 2737 subsistit
425 2700 585 2740 anhelis.
640 2701 942 2747 Declinotque
993 2703 1102 2747 diem,
1154 2704 1378 2749 mediasque
1431 2703 1669 2738 examinat

157 2756 316 2791 umbras.
368 2758 382 2800 Η
436 2757 472 2791 ΙΙ
503 2757 569 2792 899
609 2757 728 2793 Cende
763 2760 903 2794 locum
945 2771 1190 2808 numenque
1228 2761 1287 2797 dei
1330 2771 1565 2805 nomenque
1602 2770 1670 2814 po-

253 2873 279 2916 ¹)
304 2882 372 2922 que
396 2874 481 2918 post
504 2871 742 2917 negationem
768 2889 811 2902 =
837 2874 912 2918 sed,
