1930 3320
0 0 147 199 rm
156 0 165 4 Ἴ

47 48 50 50 -
70 34 92 50 ῤ’

0 199 18 244 ἔτ

0 258 9 306 ‘r

0 348 3 359 l

112 373 190 430 Illa
211 403 376 443 quoque
399 403 407 430 :

783 478 868 524 jam
892 476 1013 513 ventri
1037 476 1188 523 longius
1207 477 1283 512 itur

301 532 424 574 Quam
447 531 563 567 modo
588 530 732 566 militiae
756 532 780 567 ¹.

165 649 270 698 Quid
291 661 390 688 vero
411 649 475 688 his
494 648 659 688 tritius?
679 647 780 700 quid
796 647 1006 699 vulgatius
1026 651 1065 686 et
1088 647 1222 698 magis
1243 647 1508 699 expositum?
1522 648 1616 702 quis

110 718 200 755 tum
226 714 483 754 umbraticus
501 713 836 754 adolescentulus
858 726 942 753 non
961 713 1161 753 adversus
1181 712 1391 752 luxuriam
1413 716 1454 752 et
1471 714 1614 765 gulam

111 779 330 832 sagittatas
351 779 578 819 sententias
598 778 834 831 dirigebat?
854 778 925 818 His
948 778 1105 831 itaque,
1128 789 1221 830 quae
1243 776 1410 825 adsunt,
1429 790 1478 818 ea
1495 778 1613 819 illus-

111 848 290 895 trantur,
314 858 407 897 quae
427 844 594 885 absunt.
1287 846 1290 849 '
1438 854 1442 857 “

165 911 216 950 At
237 909 350 962 quod
370 910 437 949 hic
458 909 588 949 tacuit
611 909 661 949 de
679 908 800 949 bonis
821 908 1040 960 malisque,
1064 907 1225 959 inquiet
1237 906 1401 959 aliquis,
1419 907 1460 947 id
1475 907 1615 960 ipsum

113 975 289 1016 stoicum
305 974 519 1014 hominem
542 974 775 1014 denuntiat.
794 973 922 1014 Stoici
942 976 1092 1013 contra
1108 985 1193 1012 non
1213 971 1372 1021 fuisset,
1391 973 1513 1013 astris
1530 973 1614 1013 vir-

113 1044 221 1080 tutes
241 1039 459 1079 hominum
478 1039 687 1092 imputare
704 1043 777 1078 aut
792 1039 907 1087 vitia,
925 1037 1176 1090 sapientiam
1197 1041 1238 1077 et
1254 1037 1578 1078 inconstantiam
1600 1052 1608 1079 :

110 1118 195 1146 non
225 1104 351 1151 enim,
372 1109 417 1144 ut
445 1103 688 1157 philosophi
715 1103 777 1142 illi
803 1115 983 1151 sensere,
1007 1103 1212 1142 Saturnus
1233 1105 1307 1142 aut
1333 1103 1513 1155 Jupiter,
1538 1117 1613 1144 nec

115 1170 235 1222 Virgo
250 1169 383 1221 magis
397 1173 471 1209 aut
484 1168 601 1208 Aries
612 1169 772 1208 bonum
787 1168 924 1207 virum
942 1168 1126 1218 fingunt:
1144 1167 1231 1220 ipse
1247 1180 1290 1207 se
1305 1167 1442 1220 fingit,
1456 1168 1611 1209 bonus-

110 1247 191 1288 que
207 1234 268 1283 fit,
287 1234 386 1273 dum
408 1234 495 1274 vult
518 1246 622 1284 esse,
641 1246 689 1274 ac
710 1233 857 1273 similis
876 1234 977 1281 Deo,
998 1233 1099 1272 dum
1118 1233 1204 1272 Deo
1226 1234 1446 1273 consentit.
1472 1235 1614 1287 Neque

109 1313 134 1340 a
158 1301 243 1339 Deo
270 1299 428 1339 donum
450 1303 523 1339 aut
550 1299 754 1339 sideribus
784 1299 998 1349 virtutem,
1021 1299 1095 1338 sed
1122 1310 1146 1336 a
1165 1297 1287 1337 nobis
1314 1297 1535 1349 habemns,
1560 1300 1613 1338 ab

109 1364 250 1405 animo
277 1364 442 1404 virtutis
470 1367 695 1416 appetente
718 1364 744 1403 ².
773 1379 791 1399 «
815 1363 922 1410 Quid
952 1362 1058 1402 votis
1091 1375 1196 1415 opus
1232 1364 1334 1402 est?
1358 1363 1421 1402 sac
1460 1367 1497 1403 te
1525 1364 1612 1416 ipse

109 1429 270 1468 fencem
296 1440 305 1468 :
329 1428 456 1468 facies
479 1433 618 1467 autern
646 1429 681 1467 si
706 1427 959 1467 intellexeris
982 1427 1093 1467 bona
1120 1440 1223 1478 6556,
1248 1428 1399 1479 quibus
1427 1429 1613 1469 admixta

109 1493 240 1533 virtus
261 1497 336 1542 est,
360 1492 514 1544 turpia,
537 1493 688 1544 quibus
713 1491 876 1531 malitia
897 1491 1122 1544 conjuncta
1141 1496 1203 1531 est
1209 1523 1287 1533 .....
1314 1493 1419 1540 Quid
1447 1495 1612 1534 cessas?

110 1571 194 1598 non
221 1562 283 1598 est
309 1557 385 1598 viri
406 1557 551 1597 timere
578 1557 771 1596 sudorem
781 1587 860 1596 .....
890 1557 1086 1605 Accedat,
1109 1561 1155 1596 ut
1181 1557 1366 1609 perfecta
1386 1558 1516 1598 virtus
1540 1559 1606 1606 sit,

110 1623 328 1675 aequalitas
365 1634 413 1662 ac
438 1626 558 1661 tenor
583 1622 678 1662 vitae
715 1634 790 1673 per
815 1622 958 1661 omnia
983 1634 1221 1661 consonans
1248 1622 1326 1661 sibi
1333 1653 1410 1662 .....
1436 1624 1522 1662 Hoc
1548 1629 1610 1664 est

107 1700 318 1728 summum
341 1687 498 1727 bonum
522 1698 531 1726 ε
559 1686 668 1738 quod
691 1687 723 1726 si
745 1699 937 1738 occupas,
967 1686 1115 1737 incipis
1137 1688 1319 1726 Deorum
1341 1688 1477 1727 socius
1503 1701 1606 1737 esse,

107 1766 192 1793 non
227 1753 404 1806 supplex
409 1781 489 1792 .....
523 1751 721 1791 Subsilire
751 1751 795 1789 in
828 1751 977 1791 caelum
1018 1764 1068 1790 ex
1099 1752 1254 1802 angulo
1287 1751 1403 1802 licet3
1433 1765 1611 1805 exsurge

104 1818 233 1859 modo
257 1830 266 1858 :

580 1905 670 1941 ...Et
689 1907 723 1940 te
744 1915 898 1952 quoque
916 1904 1078 1951 dignum

297 1957 413 2005 Finge
428 1958 504 1993 Deo
526 1957 553 1993 ³.
577 1971 596 1989 »

104 2070 170 2110 Ita
195 2070 353 2110 Seneca
378 2069 581 2108 Lucilium
619 2069 939 2109 adhortabatur.
964 2069 1070 2117 Quid
1092 2069 1221 2121 igitur
1245 2071 1414 2120 mirum,
1436 2072 1470 2110 si
1502 2085 1607 2124 prae-

105 2135 284 2174 termisit
306 2134 514 2181 Manilius,
538 2146 632 2186 quae
670 2138 783 2173 astra
816 2133 949 2173 bonos
976 2146 1024 2173 ac
1060 2135 1195 2174 malos
1229 2135 1459 2176 efficerent.
1483 2137 1608 2176 Nulla

104 2211 220 2251 sane,
242 2198 314 2238 sed
333 2211 375 2238 se
396 2199 507 2251 ipsos
528 2198 726 2238 efficiunt.

158 2265 282 2304 Recte
303 2264 472 2315 quidem
496 2278 503 2302 :
527 2276 666 2315 operae
687 2268 829 2303 tamen
858 2264 1038 2316 pretium
1060 2268 1166 2313 erat,
1193 2277 1287 2304 cum
1309 2266 1395 2305 sato
1424 2266 1605 2318 pendere

100 2328 246 2368 >omnia
282 2328 544 2380 praedicaret,
577 2328 796 2368 ostendere
846 2329 1205 2380 quemadmodum
1244 2329 1354 2370 bona
1397 2343 1445 2370 ac
1493 2332 1606 2371 mala

103 2393 248 2442 animi,
271 2406 364 2446 quae
394 2393 482 2433 sola
508 2393 620 2433 bona
646 2406 694 2433 ac
718 2392 832 2433 mala
853 2397 964 2444 sunt,
987 2394 1074 2433 sato
1101 2394 1397 2445 eximerentur,
1421 2395 1602 2435 homini-

101 2471 184 2511 que
201 2457 328 2498 libere
349 2458 572 2510 deligenda
589 2459 947 2511 permitterentur.
971 2461 1128 2512 Nempe
1150 2473 1199 2500 ea
1220 2460 1316 2500 vitae
1337 2462 1600 2513 compositio,

101 2523 256 2565 rationi
284 2524 547 2572 conveniens,
583 2528 624 2564 et
655 2537 730 2576 per
755 2536 883 2577 quam
917 2537 1129 2564 summum
1163 2530 1392 2577 occupetur
1425 2526 1598 2575 bonum,

104 2599 170 2629 ars
189 2586 262 2627 illa
275 2587 522 2628 difficillima
533 2589 674 2629 liberae
696 2589 928 2641 sapientiae,
952 2589 1137 2630 delectus
1152 2590 1333 2643 denique
1351 2591 1421 2631 ille
1441 2592 1604 2632 officio-

103 2664 196 2692 rum
215 2654 486 2705 necessarius,
503 2666 603 2703 non,
621 2654 760 2706 credo,
775 2658 863 2694 tam
885 2655 1004 2707 parvi
1023 2656 1240 2704 momenti,
1258 2657 1485 2697 stoicorum
1507 2658 1601 2709 qui-

145 2770 174 2800 1.
196 2770 347 2810 Astron„
368 2773 408 2812 V,
431 2774 502 2806 374.

141 2817 174 2848 2.
196 2818 402 2858 Ravaisson‚
422 2829 476 2862 op.
498 2820 608 2860 laud„
630 2832 664 2864 p.
686 2824 738 2864 4‘1,
760 2826 795 2856 et
815 2824 866 2865 80,
891 2825 942 2856 81.

145 2863 174 2895 3.
198 2864 336 2905 Senec.‚
357 2866 435 2908 Ep„
455 2868 506 2900 31.
