1930 3320
924 270 1200 311 ..ὖὸ-

326 391 534 444 metricas,
566 406 704 447 genus
737 392 918 443 dicendi,
959 394 1242 437 elocutionem
1273 400 1467 438 accurate
1500 400 1792 452 sequerentur,

326 460 525 500 Manilius
568 461 702 501 noluit
745 461 848 501 certi
892 461 1020 501 ullius
1065 467 1215 516 poetae
1258 468 1400 518 partes
1433 465 1635 519 religiose
1669 469 1792 520 atque

329 528 454 568 anxie
503 528 641 581 sequi:
691 528 804 581 quod
850 542 944 569 cum
991 528 1043 569 de
1089 530 1214 570 rebus
1245 532 1430 573 metricis
1467 533 1550 573 iam
1591 533 1793 574 observa-

330 595 437 635 verit
481 595 528 635 L.
569 595 865 649 Mueller¹),
911 596 953 636 in
1001 611 1156 650 genere
1203 597 1369 639 dicendi
1420 604 1482 640 est
1523 601 1790 654 neglectum:

329 675 423 701 nam
457 661 566 715 quod
598 661 813 704 Teuffel
844 664 902 703 ait
916 664 949 716 ²)
986 664 1178 706 redolere
1221 667 1370 720 poesin
1400 667 1563 708 Manilii
1595 668 1793 708 Ovidium

329 729 383 783 (e.
407 744 443 783 g.
469 729 536 769 ΙΙΙ
563 728 616 781 1),
648 731 817 771 omnino
850 735 991 772 autem
1021 732 1073 772 ad
1093 732 1282 774 Lucretii
1314 735 1556 790 exemplum
1571 735 1795 776 Manilium

330 812 423 839 sese
456 798 707 853 applicasse,
738 813 823 839 non
851 804 966 840 recte
999 804 1063 841 est
1093 801 1263 852 dictum,
1296 803 1640 858 cumVergilium
1661 805 1793 845 multo

294 889 297 899 ι
327 866 495 920 saepius
527 866 714 907 imitatus
747 867 799 907 sit
831 882 954 922 quam
984 869 1241 911 Lucretium.

438 932 779 975 Consentaneum
828 940 892 976 est
922 936 1141 978 Manilium
1185 939 1378 993 vestigiis
1424 954 1568 981 eorum
1610 941 1794 982 maxime

326 1000 533 1042 institisse
578 1006 820 1055 poetarum,
881 1004 950 1056 qui
1006 1005 1187 1046 similem
1235 1007 1453 1047 materiam
1497 1011 1794 1059 tractaverant,

325 1068 526 1117 Lucretii,
556 1068 736 1123 Vergilii
780 1070 823 1110 in
868 1071 1028 1125 eclogis
1072 1077 1114 1113 et
1144 1075 1369 1128 georgicis,
1416 1074 1558 1116 Ovidii
1588 1076 1630 1116 in
1661 1079 1794 1116 meta-

328 1134 610 1188 morphoseon
640 1136 758 1177 libris
788 1141 829 1177 et
852 1135 911 1190 (in
932 1138 1039 1179 libro
1063 1140 1224 1193 quinto)
1255 1141 1297 1180 in
1320 1141 1465 1189 fastis:
1496 1157 1633 1197 neque
1653 1147 1796 1184 tamen

327 1201 479 1242 desunt
524 1204 743 1258 exempla,
794 1205 946 1258 quibus
990 1206 1208 1260 probabile
1250 1208 1321 1248 fiat
1366 1223 1492 1250 nosse
1534 1223 1630 1250 eum
1667 1210 1795 1250 etiam

327 1273 469 1310 cetera
514 1270 695 1325 Vergilii
745 1275 787 1312 et
833 1271 974 1313 'Ovidii
1030 1275 1235 1326 carmina,
1286 1275 1521 1327 Catullum,
1568 1276 1794 1328 Tibullum,

323 1336 604 1391 Propertium,
621 1338 903 1392 Horatium3),
930 1339 1087 1382 Culicis
1109 1346 1336 1392 auctorem,
1355 1343 1530 1392 similes;
1552 1344 1612 1384 ita
1628 1348 1785 1395 tamen,

322 1408 369 1444 ut
414 1418 498 1445 non
541 1409 626 1446 tam
675 1407 943 1448 hemistichia
985 1421 1108 1462 quam
1144 1410 1322 1464 phrases
1354 1415 1395 1451 et
1426 1411 1614 1466 epitheta
1643 1411 1696 1452 ab
1727 1412 1794 1452 his

324 1471 592 1526 depromeret
624 1475 692 1515 vel
722 1476 862 1530 potius
894 1477 1131 1517 communia
1163 1491 1256 1518 cum
1293 1478 1358 1518 his
1390 1478 1580 1521 haberet.

439 1540 658 1583 Ciceronis
675 1542 847 1584 Arateis
869 1543 1068 1585 Manilius
1099 1559 1201 1586 usus
1233 1560 1316 1587 non
1346 1546 1513 1587 videtur
1543 1561 1661 1595 esse;
1693 1561 1794 1588 sane

323 1613 492 1664 praeter
512 1611 689 1665 phrases
723 1617 766 1653 et
797 1613 988 1667 epitheta
1013 1614 1056 1654 in
1075 1613 1291 1655 Ciceronis
1315 1615 1498 1656 carmine
1520 1615 1794 1666 occurrentia,

323 1692 429 1732 quae
469 1680 596 1720 etiam
636 1680 747 1735 apud
790 1682 895 1722 alios
939 1686 1087 1736 poetas
1129 1683 1328 1737 leguntur
1358 1688 1400 1724 et
1431 1697 1538 1738 quae
1568 1683 1677 1724 infra
1707 1684 1794 1724 suis

323 1746 428 1787 Iocis
459 1747 646 1798 afferam,
681 1748 754 1788 vix
783 1763 913 1789 unum
943 1763 1111 1790 versum
1142 1751 1351 1803 invenias,
1399 1751 1469 1805 qui
1501 1765 1593 1792 cum
1624 1751 1794 1792 Arateis

325 1815 575 1865 consentiat,
609 1816 800 1871 exceptis
834 1817 999 1857 scilicet
1030 1818 1090 1858 eis
1120 1819 1326 1869 versibus,
1357 1819 1400 1858 in
1421 1819 1573 1872 quibus
1596 1818 1647 1859 ob
1669 1831 1794 1872 argu-

323 1882 455 1922 menti
488 1882 806 1924 similitudinem
832 1897 1064 1925 consensus
1087 1885 1312 1939 flagitatur.
1350 1885 1471 1926 Unus
1503 1890 1621 1926 extat
1647 1899 1795 1926 versus

324 1948 594 1999 Manilianus,
635 1963 760 2004 quem
792 1951 932 2005 aliqua
960 1952 1273 2006 probabilitatis
1313 1953 1455 2008 specie
1493 1952 1546 1993 ad
1578 1952 1795 1994 Ciceronis

326 2015 486 2057 Aratea
507 2017 667 2058 referre
689 2018 842 2072 possis,
859 2019 971 2060 Man.
990 2019 1011 2059 I
1032 2021 1134 2060 319:
1166 2020 1233 2060 At
1257 2022 1403 2071 parte
1438 2033 1493 2061 ex
1522 2020 1632 2061 alia
1661 2020 1796 2060 claro

324 2083 462 2124 volat
477 2084 567 2124 orbe
582 2084 752 2134 Corona,
771 2086 840 2140 qui
854 2087 1063 2127 consentit
1077 2101 1170 2128 cum
1181 2101 1307 2128 versu
1318 2087 1433 2128 Arat.
1449 2089 1548 2128 367:
1567 2087 1631 2128 At
1645 2089 1796 2138 parte

323 2164 381 2191 ca·
411 2151 527 2191 alia
557 2152 719 2192 claris
749 2166 836 2193 cum
867 2154 1022 2194 lucibus
1051 2157 1145 2195 enat
1167 2153 1305 2195 Orion.
1366 2154 1450 2195 Sed
1479 2168 1580 2195 num
1597 2153 1795 2195 Manilius

325 2232 498 2259 versum
529 2233 553 2259 a
585 2219 790 2260 Cicerone
822 2225 1038 2262 mutuatus
1072 2222 1137 2274 sit,
1168 2222 1291 2263 valde
1323 2221 1492 2273 dubito,
1543 2235 1637 2262 cum
1668 2222 1795 2262 etiam

328 2285 440 2340 apud
471 2285 684 2327 Catullum
716 2287 800 2342 (64,
833 2290 931 2342 251)
963 2290 1202 2330 simillimus
1233 2289 1481 2330 hexameter
1509 2289 1696 2343 legatur:
1726 2288 1797 2329 At

322 2356 468 2404 parte
497 2368 553 2394 ex
583 2356 692 2396 alia
719 2356 870 2407 florens
898 2357 1149 2397 volitabat
1176 2355 1361 2398 Iacchus.
1599 2348 1602 2351 ’

435 2432 589 2473 Paucis
621 2434 700 2474 hoc
733 2435 827 2475 loco
860 2434 1081 2486 disseram,
1114 2448 1195 2489 qua
1225 2434 1386 2475 ratione
1418 2434 1616 2475 Manilius
1646 2438 1795 2490 poetas

331 2500 518 2540 imitatus
565 2501 629 2541 sit.
692 2501 798 2542 Cum
843 2502 954 2557 apud
999 2502 1104 2543 alios
1149 2506 1298 2557 poetas
1339 2506 1427 2542 tum
1457 2502 1568 2556 apud
1600 2502 1797 2543 Ovidium

326 2567 507 2622 plurima
561 2568 808 2609 imitationis
868 2570 1066 2624 exempla
1120 2570 1164 2610 in
1219 2570 1279 2610 eis
1330 2570 1559 2611 carminum
1606 2570 1795 2625 part-ibus

417 2726 443 2769 ¹)
470 2724 503 2758 d.
534 2737 561 2759 r.
592 2736 638 2759 m.
668 2736 702 2769 p.
728 2725 802 2759 136.
830 2728 843 2769 ΙΙ
874 2727 899 2769 2)
928 2725 1011 2759 hist.
1042 2726 1114 2760 litt.
1139 2726 1241 2760 Rom.
1269 2728 1282 2747 ³
1306 2739 1340 2771 p.
1366 2728 1441 2761 541.
1471 2729 1485 2770 ΙΙ
1515 2729 1540 2770 ³)
1573 2727 1615 2762 cf.
1645 2726 1798 2762 Freier

325 2780 348 2815 l.
373 2780 396 2816 l.
422 2793 455 2825 p.
481 2782 534 2824 21,
559 2781 622 2825 qui
647 2781 802 2816 adnotat
825 2782 942 2816 multa
958 2782 1147 2816 Manilium
1172 2783 1256 2816 indo
1281 2795 1302 2816 a
1327 2784 1341 2816 l
1368 2784 1432 2817 702
1456 2795 1568 2827 usque
1593 2783 1639 2818 ad
1662 2795 1712 2819 vs.
1726 2783 1794 2818 804

325 2838 371 2872 ab
397 2838 520 2872 Horat.
545 2849 652 2872 carm.
677 2838 691 2871 I
718 2838 760 2871 12
785 2840 990 2872 mutuatum
1017 2850 1101 2874 csso.
