1936 3392
966 309 1022 346 94

289 451 430 491 aetatis
479 451 565 491 auri
613 465 763 491 sacram
812 451 954 491 famem
987 451 1033 504 ¹);
1083 451 1262 492 amicitia
1308 452 1344 492 ei
1383 458 1443 492 est
1490 465 1690 493 summum

289 527 439 568 bonum
461 526 518 581 ²),
553 528 710 577 „Roma
742 542 874 568 rerum
908 526 1125 569 maxima.''
1153 528 1182 583 ³)

350 605 530 646 Breviter
575 605 609 646 si
657 609 788 646 totum
837 620 992 646 carmen
1042 605 1086 646 in
1118 620 1200 647 uno
1233 610 1451 661 conspectu
1475 606 1687 660 ponimus,

288 683 425 737 negari
477 697 558 723 non
610 686 745 738 potest
798 682 926 723 multa
980 697 1206 737 magnaque
1253 683 1352 723 vitia
1395 683 1430 723 ei
1471 683 1689 723 inhaerere.

287 759 440 800 Partim
474 760 630 814 generis
664 761 910 808 carminum,
957 774 1058 813 quae
1093 760 1292 801 didactica
1325 775 1463 800 vocare
1495 760 1690 809 solemus,

287 842 380 877 sunt
414 837 596 892 propria,
636 838 781 892 partim
819 841 959 892 poetae
995 837 1222 878 tribuenda.
1286 837 1425 878 Priora
1458 841 1577 892 poeta
1609 837 1692 891 ipse

287 916 456 956 sensisse
488 915 661 956 videtur.
721 914 824 955 Cum
857 915 998 956 docere
1030 915 1174 965 vellet,
1209 914 1318 956 arida
1350 919 1390 955 et
1425 914 1557 955 ieiuna
1579 919 1693 955 eraut

287 992 548 1034 describenda
581 997 621 1033 et
654 992 924 1033 enumeranda
957 992 1108 1042 multa,
1143 1006 1244 1047 quae
1278 992 1403 1032 animi
1434 1005 1593 1032 cursum
1615 995 1693 1032 tar-

287 1069 451 1111 dabant.
485 1071 592 1121 „Sed
618 1071 715 1111 mihi
739 1085 899 1111 carmen
921 1070 1059 1111 fatalia
1079 1069 1167 1110 iura
1189 1070 1332 1110 ferenti
1345 1101 1356 1119 ,
1383 1073 1423 1110 et
1445 1083 1574 1110 sacros
1592 1068 1693 1109 caeli

288 1152 444 1198 motus,
469 1148 519 1189 ad
541 1148 650 1189 iussa
671 1147 922 1202 loquendum
944 1152 1003 1188 est
1017 1180 1028 1198 ‚
1058 1162 1133 1189 nec
1155 1147 1343 1202 fingenda
1365 1146 1507 1197 datur,
1530 1150 1692 1188 tantum

288 1225 548 1267 monstranda
581 1225 748 1280 figura.”
776 1227 813 1280 4)
870 1225 1081 1266 Praeterea
1113 1224 1365 1266 concinnitas
1397 1227 1437 1265 et
1460 1224 1695 1265 convenien-

288 1303 345 1344 tia
391 1303 568 1358 partium
616 1302 685 1344 vix
733 1302 877 1358 respici
926 1306 1111 1357 poterant
1153 1303 1197 1343 in
1230 1302 1410 1344 doctrina
1440 1306 1523 1343 tam
1555 1301 1695 1343 subtili

286 1380 505 1431 tradenda,
557 1395 650 1422 cum
696 1383 817 1436 poeta
863 1379 1026 1421 deberet
1075 1395 1250 1435 „magna
1282 1394 1374 1421 cum
1406 1379 1538 1435 parvis
1569 1378 1694 1420 simili

287 1472 516 1513 percurrere
549 1457 684 1499 cura.’'
707 1458 739 1511 ⁵)
793 1457 1022 1498 Divisiones
1054 1456 1202 1498 multae
1235 1461 1275 1497 et
1305 1456 1591 1511 descriptiones
1611 1469 1694 1497 non

288 1539 474 1590 poterant
506 1535 662 1578 evitari.
713 1533 845 1586 „Quis
877 1539 940 1576 tot
964 1549 1151 1577 numeros
1173 1535 1322 1575 totiens
1344 1534 1418 1575 sub
1440 1533 1530 1589 lege
1551 1533 1694 1574 referre

286 1617 348 1653 tot
380 1617 513 1668 partes
545 1612 690 1654 iterare
724 1616 869 1666 queat,
919 1616 980 1653 tot
1013 1612 1145 1653 dicere
1177 1626 1378 1661 summas,
1411 1625 1561 1666 perque
1593 1610 1691 1651 artis

285 1705 424 1732 causas
457 1691 600 1732 faciem
633 1694 787 1732 mutare
820 1690 1013 1745 loquendi
1028 1688 1074 1730 ?''
1098 1690 1128 1742 ὃ)
1192 1689 1272 1730 Sed
1304 1693 1441 1730 tamen
1473 1687 1689 1741 eloquendi

285 1769 470 1810 varietati
503 1783 664 1825 operam
698 1767 836 1818 dedit,
874 1782 948 1809 nec
980 1768 1158 1816 irritam3
1192 1770 1318 1807 metro
1352 1771 1394 1807 et
1424 1766 1601 1807 numeris
1634 1766 1688 1806 di-

284 1846 456 1901 ligenter
499 1846 681 1895 studuit,
730 1859 824 1886 nam
857 1845 930 1895 „in
965 1859 1112 1886 vanum
1145 1843 1256 1884 labor
1288 1843 1419 1893 cedit,
1453 1857 1572 1896 quem
1606 1842 1689 1883 des-

285 1925 384 1978 picit
417 1923 571 1965 auris.’'
597 1923 626 1978 ⁷)

348 2001 518 2043 Carmen
566 2001 685 2055 quale
734 2000 929 2042 Manilius
973 2003 1207 2054 conceperat
1244 2013 1381 2039 verum
1415 2011 1569 2038 carmen
1605 2012 1690 2038 esse

285 2095 364 2121 non
398 2083 570 2134 poterat.
636 2078 739 2120 Cum
772 2082 979 2133 precatur:
1015 2077 1180 2127 „ducite
1213 2075 1415 2126 Pierides,
1449 2076 1599 2116 maiora
1625 2065 1688 2116 me

284 2157 437 2199 viribus
485 2172 649 2208 ausum,
699 2170 771 2197 nec
809 2170 879 2211 per
911 2156 1131 2196 inaccessos
1163 2157 1408 2194 metuentem
1442 2153 1584 2194 vadere
1615 2152 1689 2194 sal-

286 2235 379 2276 tus'’
405 2236 458 2290 8),
508 2249 645 2276 verum
694 2234 792 2275 dicit
839 2248 880 2274 se
913 2233 1062 2274 maiora
1094 2230 1246 2272 viribus
1279 2245 1419 2272 ausum
1438 2263 1448 2280 ,
1483 2245 1564 2271 non
1596 2231 1689 2284 quia

284 2310 465 2352 Pierides
499 2324 657 2352 aversae
690 2312 822 2350 essent
855 2307 904 2349 ab
927 2322 996 2356 e0,
1026 2307 1094 2347 sed
1120 2306 1159 2346 in
1183 2306 1331 2355 saltus,
1356 2320 1456 2360 quos
1481 2320 1689 2361 peragrare

332 2512 354 2549 Ι]
408 2513 444 2542 Υ.
472 2514 530 2542 291
558 2510 644 2548 sse-1111.

329 2570 353 2607 2)
405 2574 451 2604 ιι.
476 2573 548 2601 55⁴1.

333 2631 357 2667 3)
406 2633 460 2662 lv.
487 2632 560 2661 694.

329 2691 354 2727 ⁴)
405 2693 460 2727 lv,
485 2692 558 2722 4:30.

329 2748 355 2783 ⁵)
405 2751 437 2783 1,
466 2751 535 2779 11‘..

335 2809 359 2843 ὓ)
406 2810 425 2838 1.
452 2811 470 2839 1.
495 2810 569 2839 421.

335 2870 357 2903 η
406 2872 423 2899 ι.
449 2872 469 2900 1.
494 2871 567 2899 485.

330 2931 354 2971 s)
405 2930 468 2958 111.
497 2930 588 2958 1⁴3,

1932 1219 1936 1228 -
1932 1182 1936 1193 -
1932 1153 1936 1165 ..
1929 1100 1936 1140 ..Α
1920 395 1936 1070 -ᾳ,-..--·μ-ι,-.ι-.-.ο--νιῌίῐμ.
