1936 3392
369 379 421 419 30

367 494 419 534 ad
443 507 543 534 usus
575 518 629 523 —-
664 495 756 534 772.
781 488 931 547 urbes]
946 493 1064 533 orbes
1097 517 1150 521 ——
1185 493 1278 532 773.
1305 491 1514 545 Conditor]
1542 491 1742 533 Conditur
1765 516 1821 522 -—

369 564 390 602 7
398 564 419 602 7
427 564 462 603 5.
493 563 638 617 Urget]
669 563 804 604 Vertit
835 588 888 593 ——
923 563 1015 602 776.
1047 561 1196 614 sidera]
1228 561 1377 613 sydera
1407 585 1461 590 ——
1502 562 1595 602 778.
1625 562 1823 616 linquunt

366 647 415 673 σεε
439 632 594 686 linquit
617 647 719 674 corr.
739 647 806 687 pr.
832 647 907 685 m.,
939 635 1144 685 expuncto
1169 632 1185 671 i
1209 634 1248 671 et
1270 644 1474 684 superscr.
1500 644 1530 672 u
1560 633 1680 684 (non,
1712 631 1824 685 quod

365 703 514 755 voluit,
546 704 588 755 u)
627 728 681 732 —-
722 704 814 743 779.
845 701 1024 755 templis]
1056 701 1199 755 templi
1230 725 1284 730 —
1319 701 1412 741 781.
1443 701 1542 741 hinc
1571 699 1693 754 artes]
1722 701 1823 742 huic

365 775 470 812 artes
513 773 600 826 (sed
628 773 725 813 hinc
756 773 904 821 omnis)
937 795 991 800 —
1023 771 1123 810 Post
1153 784 1188 810 v.
1222 772 1309 811 787
1337 784 1413 810 scr.
1438 784 1507 824 pr.
1537 784 1616 811 φη...-
1653 783 1706 810 mn
1729 783 1823 812 GAR-

364 854 405 882 m
429 846 440 891 ΙΙ
464 855 582 882 Nfflvs
600 855 743 882 MVNm·
771 867 824 870 —
853 842 946 882 792.
968 839 1059 888 Qua
1076 839 1273 893 primum]
1293 838 1375 888 Qui
1393 841 1576 894 primum
1601 864 1656 869 -—
1681 841 1823 893 cernit,

364 911 398 951 it
425 912 476 951 in
505 925 587 952 ras.
618 936 677 940 —
716 912 808 952 796.
841 909 1049 963 Phoebus]
1081 909 1240 963 phebus
1271 934 1324 939 —
1357 909 1530 964 anhelis]
1563 909 1735 951 habenis
1766 934 1820 940 —

368 982 459 1022 799.
492 981 679 1035 cadendi]
711 981 886 1022 cauendi
920 1005 963 1010 —
1004 981 1099 1020 800.
1125 978 1355 1033 Sideribus]
1381 978 1608 1031 syderibus
1639 1004 1693 1010 -
1725 980 1821 1020 814.

365 1055 404 1091 et
441 1051 565 1091 decus
603 1050 738 1104 omne]
777 1054 816 1091 et
853 1050 954 1090 deus
991 1050 1105 1090 omni
1136 1051 1182 1102 (&
1220 1049 1268 1090 ds
1299 1050 1396 1101 ofni)
1440 1074 1494 1078 —
1538 1050 1633 1090 815.
1663 1049 1820 1104 regnet]

363 1124 477 1174 reget
517 1146 570 1150 —
615 1121 709 1161 816.
742 1121 877 1161 omnis
906 1119 1052 1174 gratia]
1086 1120 1199 1159 omni
1228 1119 1362 1173 gratia
1392 1120 1491 1172 (01111
1519 1119 1606 1173 gra)
1639 1143 1693 1149 —
1725 1120 1820 1160 818.

363 1190 713 1244 Foederibusque]
735 1190 1070 1242 Faederibusque
1089 1213 1142 1218 -—
1162 1188 1312 1242 gentis]
1331 1192 1473 1243 gentes
1493 1213 1547 1218 —
1567 1189 1664 1230 820.
1679 1199 1822 1243 quam-

364 1259 504 1314 quam]
532 1273 769 1314 quanquam
800 1284 854 1288 —
888 1260 982 1300 821.
1008 1258 1173 1312 nixum]
1200 1259 1380 1299 mixtum
1405 1282 1459 1288 --
1488 1259 1582 1299 822.
1605 1259 1651 1299 in
1669 1258 1819 1313 specie]

362 1331 407 1370 in
444 1331 601 1384 species
645 1355 698 1359 —
743 1331 838 1370 824.
875 1328 977 1382 rata]
1015 1341 1107 1369 rara
1150 1353 1202 1358 —
1246 1327 1466 1382 scrutatur]
1502 1332 1736 1370 scrutantur
1765 1353 1820 1358 —

363 1401 458 1440 825.
490 1399 633 1454 possit]
665 1400 798 1453 possis
836 1423 890 1428 -—
929 1399 1023 1438 826.
1055 1397 1199 1452 aeque]
1231 1401 1354 1452 atque
1386 1422 1439 1428 --
1470 1397 1643 1452 pollens]
1674 1398 1821 1440 tollens

363 1494 416 1499 —
450 1471 545 1510 827.
583 1468 733 1522 sidera]
772 1468 920 1520 sydera
957 1493 1011 1496 —
1051 1469 1146 1509 828.
1178 1467 1300 1509 Unde
1337 1468 1424 1508 dies
1454 1467 1576 1522 redit]
1607 1467 1704 1510 Una
1733 1467 1822 1510 dies

362 1539 476 1580 dedit
512 1564 566 1569 —
604 1538 800 1580 describit
835 1539 881 1578 in
912 1537 1049 1591 horas]
1082 1537 1284 1578 describet
1314 1539 1359 1578 in
1389 1551 1479 1578 aras
1517 1562 1571 1567 —
1609 1538 1704 1579 830.
1734 1537 1822 1579 Nec

361 1609 482 1663 capit]
514 1608 630 1650 Haec
661 1609 785 1662 capit,
814 1621 1018 1661 superser.
1044 1621 1112 1661 pr.
1143 1622 1197 1648 m.
1224 1607 1312 1648 Nec
1342 1633 1396 1637 —
1429 1606 1663 1662 externum]
1687 1611 1821 1649 extre—

360 1692 477 1720 mum
509 1703 563 1708 —
597 1679 696 1732 quia
719 1677 902 1731 nomine]
930 1691 1012 1731 qua
1035 1678 1208 1718 numine
1241 1702 1294 1707 —-
1327 1679 1422 1719 831.
1442 1677 1526 1718 Hic
1543 1676 1668 1732 tenet]
1693 1676 1820 1718 Hunc

360 1752 470 1789 tenet
508 1773 559 1778 ——
599 1749 694 1789 835.
725 1747 964 1800 Utcunque]
1001 1747 1236 1800 Utcumque
1273 1773 1327 1777 —
1363 1748 1457 1788 836.
1490 1746 1639 1802 sidera]
1670 1747 1819 1800 sydera

362 1843 415 1847 —
449 1819 542 1859 839.
570 1817 774 1871 Coniugia
800 1821 922 1870 atque
949 1817 1105 1871 epulas]
1133 1816 1438 1872 Coniungitque
1463 1817 1603 1871 epulas
1635 1841 1689 1846 —-
1721 1817 1816 1858 840.

361 1893 401 1929 et
430 1887 602 1942 coetus]
617 1891 658 1928 et
687 1874 812 1943 ffitus,
841 1887 949 1927 duae
980 1887 1056 1927 litt.
1089 1900 1209 1939 eras,
1240 1900 1286 1940 ce
1309 1901 1513 1942 super-soon
1538 1901 1602 1941 pr.
1626 1901 1682 1928 m.
1702 1886 1816 1940 (fuit,

358 1961 409 1998 ut
437 1958 622 2010 videtur,
654 1960 767 1998 ortus
775 1957 809 2009 P)
842 1980 892 1985 —
928 1956 1037 1996 Post.
1068 1971 1104 1996 Ἰ).
1135 1958 1223 1997 840
1251 1970 1327 1997 ser.
1353 1971 1422 2011 pr.
1452 1971 1507 1997 m.
1517 1973 1531 1997 .·
1569 1969 1717 1998 D1v1810
1747 1969 1818 1997 ΑΕ·-

359 2040 465 2068 rA'ns
507 2040 550 2068 m
590 2039 736 2067 PARTES
780 2039 894 2067 CAELI
938 2051 991 2055 —
1036 2027 1130 2066 844.
1169 2026 1378 2081 curvatur]
1417 2032 1685 2080 curvantur,
1725 2040 1818 2068 una

360 2098 436 2138 litt.
474 2111 576 2138 eras.
615 2097 717 2150 (fuit
747 2098 983 2149 curvantur)
1021 2121 1075 2126 —
1114 2098 1208 2137 845.
1243 2096 1418 2150 Aetatis]
1449 2097 1630 2138 Aestatis
1661 2121 1716 2126 —
1747 2096 1818 2137 ad-

359 2167 472 2221 serit]
503 2167 648 2208 asserit
684 2191 738 2196 ——
777 2168 872 2208 846.
903 2166 1119 2220 premitur]
1150 2167 1377 2220 praemitur
1406 2167 1590 2220 (pmitur)
1627 2191 1683 2196 —
1721 2166 1816 2208 847.

359 2237 411 2278 ad
454 2236 659 2290 occasum]
692 2236 743 2276 ad
786 2249 954 2276 occasus
998 2261 1051 2265 —
1095 2237 1191 2276 849.
1237 2235 1328 2285 Qua
1367 2249 1462 2291 pars
1504 2249 1674 2279 occasus
1708 2236 1818 2278 infra

359 2310 420 2348 est
467 2308 682 2360 imumque
730 2306 808 2346 sub
858 2305 1019 2359 orbem]
1076 2305 1168 2354 Qua
1215 2319 1310 2360 pars
1359 2318 1528 2347 occasus
1575 2307 1817 2348 interimam

361 2390 486 2430 quam
522 2376 600 2417 sub
639 2375 781 2416 orbem
819 2400 872 2405 —-
911 2376 967 2416 In
1001 2389 1132 2429 marg).
1169 2376 1343 2429 solymam
1382 2390 1402 2428 7
1437 2376 1639 2430 appinxit
1660 2389 1730 2431 pr.
1759 2390 1815 2418 m.

360 2471 414 2476 —
456 2447 551 2487 850.
588 2445 828 2498 Descendit,
869 2446 976 2499 regit
1016 2446 1116 2486 haec
1157 2446 1356 2500 maturae]
1394 2445 1618 2487 Descendit
1657 2449 1816 2487 mature

358 2517 465 2571 regit
494 2517 588 2571 (om.
613 2516 726 2568 haec)
759 2540 812 2545 —-
846 2517 942 2556 851.
967 2514 1021 2556 Et
1050 2515 1229 2570 propria]
1256 2516 1312 2556 At
1341 2517 1507 2570 propria
1537 2539 1592 2545 —
1624 2515 1719 2556 860.
1743 2528 1816 2570 po-

358 2585 502 2640 situra]
544 2589 692 2626 natura
733 2610 784 2615 —
833 2585 927 2625 863.
970 2598 1227 2639 poenamque
1263 2598 1401 2627 serens
1437 2587 1483 2626 in
1518 2585 1654 2626 sidera
1688 2584 1814 2639 sedis]

357 2668 613 2710 paenamque
647 2647 820 2696 ferentia
850 2655 998 2707 sydera
1028 2655 1137 2695 sedis
1174 2679 1229 2685 —
1267 2656 1362 2696 866.
1393 2654 1583 2709 fecunda]
1613 2654 1817 2696 faecunda

359 2751 412 2756 -—
452 2726 546 2766 867.
585 2725 733 2778 sidere]
771 2725 917 2777 sydere
955 2750 1008 2753 —
1047 2725 1142 2765 868.
1173 2726 1263 2766 sine
1291 2725 1498 2780 praestito]
1528 2737 1612 2766 neu
1639 2727 1816 2779 praestat

359 2821 412 2825 —
446 2796 541 2836 870.
573 2794 710 2849 Porta]
744 2793 827 2836 Ora
862 2820 916 2824 —
955 2796 1049 2835 872
1082 2795 1272 2849 superne]
1304 2807 1482 2850 superna
1517 2819 1571 2824 ——
1603 2795 1699 2835 877.
1729 2793 1815 2835 Ex-

358 2864 564 2919 stiterunt]
595 2864 823 2906 Extiterint
855 2890 910 2894 ——
942 2866 1037 2905 879.
1070 2864 1200 2906 Cessit
1231 2865 1284 2919 et]
1316 2868 1356 2906 et
1384 2878 1463 2906 om.
1495 2890 1549 2894 —
1579 2862 1813 2919 Typhoeus]

356 2935 559 2990 typhaeus
590 2960 644 2964 —
677 2935 773 2976 880
797 2935 931 2976 Aetna
961 2948 1039 2975 om.
1072 2959 1127 2965 —
1158 2935 1216 2975 In
1244 2948 1377 2989 mary.
1406 2935 1582 2988 siynwm
1607 2947 1628 2987 7
1650 2933 1809 2989 appin-
