1936 3392
1058 278 1114 316 42

401 418 543 459 mundi
571 419 597 472 ¹)
629 417 812 473 reliqua,
862 432 951 458 cum
985 432 1087 470 quae
1119 418 1161 458 in
1193 417 1520 472 septentrionali,
1552 422 1639 459 tum
1672 433 1774 471 quae

399 496 443 536 in
491 495 655 536 australi
703 495 802 536 caeli
834 495 964 550 plagis
997 498 1092 535 sunt
1124 496 1255 550 posita
1287 499 1408 548 atque
1441 509 1510 545 ea,
1551 501 1653 549 quae
1684 510 1775 538 nus-

401 587 522 626 quam
555 573 595 614 in
628 577 886 628 conspectum
917 572 1090 613 veniunt
1106 603 1118 622 ‚
1151 572 1226 613 sed.
1253 572 1304 613 ad
1336 571 1558 626 analogiam
1586 577 1626 614 et
1648 588 1775 615 exem-

401 649 511 703 plum
562 648 856 702 aquilonarium
904 649 1109 702 signorum
1148 651 1244 688 sunt
1275 647 1561 702 intellegenda.
1589 647 1621 702 ²)
1683 648 1776 690 Huc

402 740 493 767 cum
525 730 644 781 poeta
677 726 809 777 venit,
844 725 944 767 caeli
977 725 1286 780 descriptionem
1318 712 1558 780 abrumpens
1589 725 1776 768 lectorem

402 809 538 845 monet
585 819 634 845 ne
682 804 880 859 corporeis
930 803 1077 844 similes
1116 807 1281 857 quaerat
1313 803 1461 857 figuras
1485 803 1539 858 ³),
1573 808 1613 845 et
1644 803 1778 846 animo

404 881 699 936 contemplatur
747 881 924 922 divinam
971 880 1227 935 prudentiam
1274 884 1315 920 et
1361 880 1578 931 rationem,
1631 880 1779 935 quibus

406 957 538 997 omnia
570 956 709 998 ordine
742 960 1027 998 convertantur
1058 959 1098 997 et
1130 955 1418 1010 gubernentur.
1442 955 1472 1010 4)

463 1034 565 1075 Tum
624 1034 674 1075 de
733 1034 872 1075 mundi
920 1034 1197 1088 magnitudine
1251 1033 1526 1088 disputatione
1578 1034 1728 1075 inserta
1749 1034 1781 1088 ⁶)

403 1111 573 1153 circulos
631 1112 818 1153 caelestes
878 1111 1094 1153 describit:
1146 1111 1326 1165 quinque
1370 1111 1582 1166 parallelos
1603 1111 1658 1167 ⁶),
1711 1112 1781 1167 qui

404 1183 560 1225 duobus
591 1183 765 1234 coluris,
814 1199 884 1239 per
915 1184 1027 1239 polos
1060 1184 1201 1224 mundi
1234 1183 1384 1234 ductis,
1418 1188 1604 1226 secantur
1628 1185 1670 1240 ἵ),
1703 1199 1782 1226 me-

403 1260 607 1301 ridianum
655 1264 695 1300 et
742 1260 941 1300 finitorem
963 1260 1014 1314 ⁸),
1067 1259 1263 1300 circulum
1310 1259 1543 1313 signiferum
1577 1265 1618 1301 et
1649 1258 1781 1301 orbem

404 1335 590 1377 lacteum.
614 1335 645 1388 ⁰)
708 1333 819 1375 Haec
872 1335 936 1375 via
979 1334 1107 1375 lactea
1139 1334 1335 1389 imprimis
1369 1349 1497 1375 acrem
1529 1339 1669 1390 poetae
1701 1337 1782 1376 ani‘

403 1424 513 1452 mum
545 1411 752 1460 incitavit,
791 1425 870 1464 quo
903 1411 1056 1451 factum
1089 1415 1149 1451 est
1170 1414 1218 1451 ut
1239 1410 1490 1465 splendidam
1513 1411 1784 1452 excursionem

402 1487 497 1528 huic
529 1487 714 1527 carminis
751 1487 855 1540 parti
889 1486 1089 1527 addiderit
1117 1486 1192 1540 ¹⁰),
1227 1501 1307 1540 qua
1338 1487 1510 1540 inquirit
1538 1487 1580 1527 in
1601 1489 1785 1528 naturam

406 1559 527 1600 huius
559 1558 766 1599 stellarum
799 1558 941 1599 turbae
974 1573 1102 1599 crasso
1135 1558 1286 1599 lumine
1320 1559 1541 1599 candentis.

465 1634 515 1676 In
549 1635 625 1675 fine
656 1633 750 1675 libri
783 1635 901 1689 primi
935 1635 1070 1688 agitur
1103 1634 1151 1674 de
1187 1634 1380 1688 planetis,
1425 1649 1525 1687 quos
1558 1633 1635 1675 iam
1671 1633 1781 1689 prius

405 1726 445 1751 se
489 1710 783 1766 descripturum
828 1724 911 1751 esse
940 1709 1147 1764 pollicitus
1173 1713 1257 1750 erat
1283 1711 1357 1763 ¹¹),
1392 1708 1586 1759 breviter,
1621 1707 1782 1750 uberius

406 1787 455 1828 de
487 1787 651 1828 cometis
679 1786 752 1841 ¹²),
786 1801 957 1840 quorum
988 1791 1133 1828 natura
1164 1787 1492 1841 praesignificans
1526 1790 1665 1841 aptum
1686 1785 1782 1826 huic

404 1864 507 1906 libro
539 1865 713 1920 imponit
745 1865 951 1920 epilogum
984 1869 1024 1905 et
1055 1865 1271 1906 transitum
1304 1864 1354 1905 ad
1385 1868 1632 1918 sequentem.

465 1940 516 1982 In
547 1940 641 1982 libri
672 1940 837 1982 secundi
870 1939 1031 1982 exordio
1065 1940 1261 1980 Manilius
1294 1939 1513 1993 gloriatur,
1547 1939 1615 1979 alii
1641 1943 1783 1994 poetae

408 2033 499 2060 cum
522 2019 602 2060 alia
624 2019 864 2069 cecinerint,
888 2033 930 2059 se
951 2019 1126 2074 primum
1149 2023 1361 2058 cariturum
1385 2017 1503 2058 deum
1527 2021 1567 2058 et
1587 2016 1781 2057 rationem

338 2122 340 2125 -
408 2109 511 2149 quae
559 2098 706 2135 cuncta
753 2094 949 2149 gubernet
998 2094 1201 2147 duc-atque
1234 2091 1282 2134 ab
1316 2093 1486 2134 aeternis
1517 2096 1672 2133 terrena
1703 2091 1782 2132 ani-

470 2241 492 2279 1)
539 2242 722 2272 275—293.

467 2299 492 2339 ς)
539 2301 720 2331 294—455.

467 2358 492 2397 ³)
538 2360 719 2390 456—482.

469 2417 493 2456 ⁴)
540 2418 723 2448 483—539.

469 2474 493 2513 ει)
540 2475 722 2506 540—560.

467 2533 492 2572 ⁶)
540 2534 720 2564 561—602.

467 2594 492 2632 ⁷)
539 2595 721 2625 603—631.

470 2648 496 2687 8)
543 2649 724 2681 632—665.

472 2708 497 2748 9)
544 2709 724 2740 666—704.

456 2769 493 2808 ιο)
543 2770 724 2801 705-804.

456 2827 497 2867 ιΙ)
543 2827 830 2864 259‚805-812.

457 2885 495 2924 ι2)
541 2887 615 2918 813.
