1942 3308
939 283 1215 328 -58..

337 427 424 454 mus
459 411 591 452 dicere
629 409 900 452 imitatorium.
962 408 1079 459 Quae
1115 407 1290 463 denique
1330 406 1471 449 Freier
1509 406 1536 450 l.
1567 404 1593 450 l.
1625 421 1665 464 p.
1697 405 1747 449 61
1781 412 1822 449 et

337 481 391 521 62
427 480 465 520 in
507 478 846 534 comparationem
890 476 1072 527 vocavit,
1119 475 1254 530 exigui
1302 474 1418 530 pretii
1458 481 1552 515 sunt
1592 489 1643 515 ex
1684 474 1822 530 eisque

338 547 527 602 epistulas
568 561 589 586 e
629 546 759 586 Ponto
804 545 916 584 datas
962 543 1227 584 astronomica
1271 542 1456 583 condenti
1503 548 1660 598 praesto
1701 542 1822 583 fuisse

339 615 437 655 falso
468 613 691 654 concludit:
734 627 823 652 nam
870 612 1078 667 utriusque
1118 618 1259 666 poetae
1301 625 1438 651 versus
1478 624 1618 665 parum
1648 610 1752 650 inter
1780 623 1823 650 se

338 682 605 733 consentiunt,
651 695 771 736 quam
813 686 857 720 ut
895 694 966 719 sua
995 679 1166 719 alterum
1207 678 1371 719 alterius
1411 677 1542 718 verbis
1572 676 1824 717 assimulasse

338 749 481 790 merito
533 762 655 803 queas
700 754 938 789 monstrare.
999 745 1150 788 Similis
1205 746 1366 801 quidem
1418 745 1551 799 imago
1593 760 1616 785 a
1659 743 1825 784 flumine

339 823 499 871 sumpta
529 830 575 855 ae
606 815 713 857 Man.
745 814 783 855 II
818 815 870 855 10
899 820 1161 869 (animmque,
1184 815 1228 854 in
1258 819 1395 855 tennes
1425 827 1530 853 ausa
1554 817 1610 853 est
1629 812 1826 853 deducere

341 884 468 935 rivos)
498 883 575 923 iam
607 882 646 922 in
679 882 777 925 Met.
807 882 955 936 legitur
986 881 1024 921 V
1054 881 1136 923 435
1161 886 1412 936 pectoraque
1439 882 1484 922 in
1512 885 1650 922 tenues
1679 879 1827 920 abeunt

340 952 518 993 evanida
548 953 682 996 rivos-,-
722 950 799 1005 Ep.
834 965 884 990 cx
923 949 967 991 P.
1001 949 1041 990 ΙΙ
1072 950 1109 1001 5,
1143 950 1196 990 22
1233 954 1268 990 et
1295 963 1314 990 e
1344 951 1432 990 rivo
1460 949 1647 1001 flumina
1674 961 1827 1002 mayna

328 1021 461 1073 facis.
520 1020 620 1059 Item
659 1023 702 1057 ut
742 1017 780 1057 in
813 1017 934 1057 dubio
972 1017 1209 1072 relinquam,
1250 1024 1384 1056 utrum
1426 1015 1580 1056 Manilii
1617 1015 1827 1056 scribentis

344 1087 380 1128 II
420 1088 494 1127 107
540 1086 578 1125 in
611 1085 745 1126 animo
777 1084 978 1126 haeserint
1010 1084 1122 1124 infixi
1163 1084 1270 1126 Fast.
1305 1083 1362 1124 Vl
1404 1084 1441 1135 6,
1473 1083 1498 1124 5
1531 1089 1571 1123 et
1603 1083 1657 1124 24
1687 1096 1827 1134 necne,

343 1155 436 1210 quia
463 1154 646 1194 similiter
667 1153 707 1193 in
730 1153 826 1195 Met.
853 1153 973 1203 V111,
1003 1152 1055 1192 73
1083 1152 1178 1204 (sibi
1208 1154 1378 1207 quisque
1406 1157 1461 1192 est
1483 1152 1608 1204 deus),
1637 1151 1828 1206 scriptum

342 1222 478 1262 videas
516 1221 570 1261 ita
602 1222 640 1261 in
673 1235 788 1261 versu
832 1220 872 1260 ΙΙ
904 1221 956 1261 49
996 1221 1154 1272 (doctae
1194 1222 1370 1261 cecinere
1399 1220 1577 1273 sorores)
1618 1217 1828 1259 Manilium

343 1289 453 1332 Fast.
493 1288 552 1329 Vl
586 1289 664 1330 811
704 1289 864 1341 (doctae
901 1301 1106 1329 assensere
1136 1288 1314 1339 sorores)
1355 1292 1535 1327 secutum
1568 1300 1653 1326 esse
1682 1283 1832 1325 infitior

343 1356 558 1411 respiciens
589 1357 686 1399 Met.
722 1357 757 1396 V
789 1357 870 1398 ‘255
902 1357 1059 1409 (doctas
1082 1358 1142 1397 sic
1169 1361 1225 1397 est
1255 1356 1391 1410 affata
1421 1355 1614 1406 sorores).
1632 1355 1664 1404 ¹)
1693 1353 1832 1408 Atque

344 1424 462 1466 etiam
506 1424 615 1467 Man.
650 1424 688 1465 ΙΙ
719 1425 744 1466 3
784 1424 1125 1479 (Hector-eumque
1154 1424 1272 1478 facit
1308 1428 1517 1478 tutamque
1556 1421 1628 1462 sub
1657 1420 1832 1462 Hectore

349 1492 535 1544 Troiam)
565 1498 604 1532 et
635 1492 771 1534 Ovidii
805 1492 881 1547 Ep.
914 1506 964 1532 cx
995 1491 1041 1534 P.
1073 1491 1132 1532 IV
1162 1492 1199 1543 7,
1228 1491 1282 1531 42
1313 1490 1486 1543 (dicitur
1515 1489 1740 1530 Hectoreas
1767 1501 1834 1528 su-

346 1562 538 1601 stinuisse
563 1561 704 1614 faces)
744 1559 940 1601 rationem
979 1558 1205 1600 habendam
1244 1573 1330 1599 esse
1368 1557 1407 1598 in
1440 1556 1727 1598 imitationibus
1755 1561 1832 1595 sta-

348 1627 507 1669 tuendis
547 1643 665 1683 nego.
725 1627 813 1669 Nisi
854 1642 955 1683 quos
992 1626 1148 1668 codices
1188 1633 1347 1667 secutus
1376 1625 1534 1666 Weber
1560 1624 1586 1667 l.
1617 1623 1644 1666 l.
1677 1638 1717 1679 p.
1747 1622 1832 1664 610

349 1694 485 1735 scribit
514 1701 646 1737 tutam
674 1696 824 1751 subque
846 1695 1020 1736 Hectore
1046 1695 1230 1744 Troiam,
1258 1706 1397 1734 omnes
1425 1692 1478 1732 ita
1501 1690 1654 1732 Manilii
1673 1703 1832 1731 versum

350 1763 555 1814 exhibent,
595 1770 639 1804 ut
678 1763 797 1804 modo
838 1763 964 1805 attuli.
1026 1761 1142 1812 Quae
1182 1761 1300 1802 lectio
1338 1775 1428 1801 cum
1471 1758 1580 1799 nullo
1620 1771 1739 1798 sensu
1769 1757 1833 1808 sit,

350 1831 429 1871 iam
473 1838 566 1871 ante
607 1830 860 1884 Scaliger-um
908 1846 970 1872 vv,
1009 1829 1076 1872 dd.
1108 1830 1431 1883 Hector-eamque
1461 1827 1607 1881 facem
1648 1823 1836 1865 emenda-

351 1905 498 1940 verunt
529 1899 598 1952 (cf.
631 1899 739 1940 Man.
774 1898 809 1937 V
842 1899 920 1940 301
954 1898 1146 1938 Hectoris
1176 1898 1245 1937 ille
1263 1895 1416 1950 faces),
1445 1901 1484 1936 et
1513 1894 1680 1935 Iacobus
1701 1890 1838 1932 scribit

355 1967 658 2022 Hectoreasque
676 1968 810 2021 facis.
871 1966 964 2015 Qua
994 1965 1274 2006 emendatione
1305 1963 1507 2019 plerisque
1535 1961 1704 2018 probata
1732 1959 1838 2000 simi-

353 2034 482 2076 litudo
525 2035 696 2076 efficitur
736 2049 825 2075 cum
858 2034 937 2076 Ov.
969 2033 1046 2088 Ep.
1078 2047 1129 2074 ex
1170 2033 1215 2075 P.
1247 2031 1309 2072 IV
1341 2032 1377 2082 7,
1408 2031 1476 2073 42.
1538 2029 1625 2083 Ego
1653 2026 1838 2070 Bentleio

353 2102 569 2153 assentior,
622 2102 691 2157 qui
745 2101 925 2157 spurium
977 2107 1090 2156 putat
1139 2114 1299 2140 versum
1342 2097 1662 2149 Manilianum.²)
1730 2092 1839 2144 Quid

354 2170 473 2221 enim,
515 2170 546 2209 si
577 2170 665 2225 quis
695 2176 843 2210 statuat
874 2168 1046 2223 margini
1077 2167 1222 2208 codicis
1253 2167 1427 2222 aliquam
1459 2171 1594 2205 notam
1623 2162 1839 2218 ascriptam

355 2237 488 2289 fuisse,
529 2252 650 2292 quam
680 2244 818 2293 postea
861 2237 899 2277 in
942 2243 1096 2277 textum
1134 2235 1289 2275 scribae
1329 2231 1585 2288 receperint?
1652 2230 1841 2272 Fortasse

355 2303 499 2359 aliquis
529 2304 701 2346 lecturos
732 2305 782 2345 ad
809 2304 978 2346 Homeri
1010 2303 1271 2344 clarissimam
1303 2301 1352 2343 de
1376 2301 1537 2342 Priamo
1559 2298 1736 2340 Hectora
1763 2297 1840 2338 sol-

357 2380 477 2412 vente
508 2372 778 2413 narrationem
811 2372 1055 2412 adducturus
1086 2371 1164 2410 tale
1195 2368 1347 2424 aliquid
1378 2366 1604 2408 adnotavit:
1647 2365 1842 2406 Hectore-

357 2454 508 2494 umque
535 2455 679 2495 corpus
707 2440 800 2480 facit
828 2440 1062 2491 solventem,
1093 2438 1174 2480 scil.
1223 2437 1425 2478 Homerus
1448 2434 1655 2476 Priamum
1685 2433 1841 2474 solven-

495 2599 519 2639 1)
545 2599 619 2630 Hoc
644 2598 819 2640 epitheton
841 2597 946 2629 Musis
969 2607 1072 2639 saepe
1090 2596 1290 2628 attribuitur
1316 2594 1354 2626 cf.
1374 2592 1620 2633 Knickenberg
1643 2589 1686 2621 de
1703 2589 1843 2622 deorum

358 2655 632 2687 invocationibus
666 2665 751 2696 quas
785 2656 822 2686 in
856 2653 1099 2696 componendis
1124 2653 1329 2684 carminibus
1360 2654 1482 2693 poetae
1512 2646 1659 2681 Romani
1689 2645 1843 2687 frequen-

358 2715 443 2743 tant.
468 2711 644 2753 Marburgi
672 2712 756 2743 1889
782 2721 814 2752 p.
839 2713 891 2742 22.

495 2768 520 2806 2)
546 2767 612 2800 Sed
639 2767 766 2806 dubito,
801 2777 880 2798 num
914 2766 1026 2796 fausta
1058 2764 1212 2796 Minerva
1239 2762 1415 2794 Bentlcius
1440 2761 1532 2792 Man.
1556 2759 1589 2790 11
1620 2759 1640 2790 3
1665 2756 1846 2788 conflatum

361 2835 434 2857 esse
468 2835 510 2857 ex
543 2826 639 2856 Man.
671 2824 686 2855 I
720 2824 784 2855 766
817 2823 1007 2865 suspicatus
1040 2822 1094 2862 sit,
1129 2820 1209 2864 quia
1241 2830 1284 2853 ne
1317 2819 1359 2852 de
1384 2819 1447 2850 hoc
1472 2817 1609 2862 quidem
1633 2823 1732 2846 versu
1763 2811 1846 2858 quid

361 2882 506 2917 debeam
530 2890 667 2914 censere
691 2880 769 2915 scio.
