1930 3320
768 242 1047 282 „19-

263 369 284 410 I
340 370 389 410 10
420 366 515 410 Das
544 365 733 407 animum
762 364 949 418 viresque
973 364 1122 421 facis
1150 365 1213 407 ad
1241 367 1361 407 tanta
1389 364 1576 407 canenda

264 438 286 480 Ι
339 439 392 479 90
425 434 595 488 Semper
624 435 734 476 enim
763 445 814 476 ex
843 434 944 477 aliis
973 434 1089 476 alia
1113 434 1402 487 proseminat
1429 446 1531 475 usus

266 507 288 548 I
311 508 393 549 876
425 504 656 557 Nunquam
680 503 948 559 futilibus
978 504 1216 546 excanduit
1245 503 1414 558 iqnibus
1445 502 1584 545 aether

187 583 189 585 ’
250 576 295 617 II
317 576 399 618 372
433 573 550 628 Quod
576 573 706 614 nimis
735 572 949 615 inclinat
978 585 1116 624 aene,
1149 572 1341 626 Zimisque
1371 572 1567 614 videntur

249 644 295 687 H
317 646 399 686 495
438 642 624 685 Vertitur
653 641 701 683 in
730 644 881 683 semet
911 641 1095 693 oeulis,
1126 642 1174 683 in
1203 644 1350 683 mutua
1380 640 1564 682 tendunt.

148 714 292 758 Huius
323 717 470 756 tamen
500 711 747 754 hexametri
776 711 947 754 initium
988 710 1028 754 Gr
1058 712 1194 754 multo
1242 711 1486 768 elegantius
1530 709 1660 752 tradit

149 784 256 827 hoe:
287 783 346 826 In
375 784 499 824 semet
525 783 692 823 vertunt
721 780 868 823 oeulos.
1318 773 1321 776 ’

261 851 430 894 Eadem
462 849 715 892 condicione
755 849 921 891 hiatum
963 849 1139 892 admisit
1169 852 1301 906 poeta
1330 849 1439 891 loeis
1469 848 1658 891 duobus:

260 923 282 964 I
314 924 395 964 795
426 920 640 963 Emeritus
669 919 869 962 eaelum
900 921 945 962 et
975 918 1130 963 Claudi
1161 931 1315 973 mayna
1337 931 1526 973 propayo

246 991 290 1034 II
321 992 400 1034 831
435 989 519 1031 Hie
549 991 656 1031 tenet
682 987 907 1030 arbitrium
937 989 1087 1039 vitae,
1119 988 1198 1030 liic
1226 988 1372 1042 reyula
1402 1000 1562 1029 morum
1589 989 1659 1039 est,

146 1075 231 1119 quo
252 1061 298 1104 in
314 1074 444 1103 versu
462 1059 705 1112 Bensseius,
725 1062 774 1100 ut
794 1058 959 1100 hiatum
982 1058 1178 1111 evitaret,
1210 1058 1315 1100 vitai
1335 1058 1445 1100 elisa
1466 1057 1500 1098 —i
1520 1057 1661 1099 vocali

79 1133 85 1143 ²
147 1135 345 1174 extrema
356 1130 506 1186 legere
523 1127 688 1181 maluit,
708 1127 786 1170 sed
797 1127 973 1177 iniuria;
996 1127 1040 1169 in
1059 1127 1209 1170 codiee
1223 1126 1269 1169 M
1282 1130 1326 1169 et
1338 1126 1380 1168 in
1396 1125 1659 1169 editionibus

146 1201 370 1245 veteribus
408 1200 523 1242 inter
556 1199 664 1240 vitae
696 1202 740 1240 et
777 1198 843 1240 hie
878 1198 1093 1255 particula
1132 1201 1286 1251 atque
1316 1197 1547 1240 interiecta
1578 1201 1659 1240 est.

149 1270 320 1314 Ceteris
340 1269 463 1323 locis,
494 1282 602 1325 quos
619 1267 805 1310 Iacobus
828 1268 872 1309 in
893 1267 1034 1310 indice
1056 1267 1237 1310 editioni
1259 1267 1390 1309 affixo
1423 1282 1455 1309 s.
1474 1281 1511 1308 v.
1534 1266 1627 1309 hia
1642 1292 1659 1298 -

148 1343 233 1383 tus
263 1339 410 1392 affert,
458 1338 626 1393 syllaba
666 1337 810 1379 finalis
851 1336 995 1380 brevis
1037 1337 1195 1379 iniuria
1238 1336 1513 1394 producitur:
1561 1350 1659 1377 nam

148 1409 216 1451 III
246 1411 272 1451 4
307 1407 472 1452 Gonor
501 1409 544 1448 et
572 1406 718 1460 diynos
748 1405 920 1448 codices
953 1406 1047 1449 GM
1078 1410 1247 1448 mutant
1277 1407 1321 1448 in
1357 1405 1490 1449 Conor
1522 1407 1560 1446 et
1591 1405 1656 1446 in-

148 1480 295 1534 diynos
319 1479 510 1534 itemque
540 1477 576 1519 L
600 1476 734 1519 habet
761 1478 799 1518 et
819 1464 1003 1531 ²⁷di9nos;
1034 1477 1102 1519 III
1136 1478 1213 1519 188
1250 1491 1327 1534 pro
1359 1475 1662 1517 numerabis

156 1548 341 1592 ordine
362 1549 510 1601 partes
538 1545 772 1602 legendum
805 1549 874 1587 est
903 1545 950 1587 in
980 1545 1151 1598 ordine;
1180 1545 1245 1588 IV
1277 1547 1358 1587 248
1390 1544 1661 1598 duplicari

150 1620 203 1660 et
229 1619 320 1659 arte
348 1616 407 1659 M.
438 1615 590 1672 Haupt
621 1614 790 1672 (opusc.
820 1614 867 1656 II
899 1616 980 1656 342
1013 1614 1096 1670 sq.)
1137 1615 1259 1657 hiatu
1289 1614 1508 1657 foedatam
1540 1615 1658 1656 elau-

156 1687 295 1730 sulam
347 1686 516 1729 sanavit
571 1683 840 1727 emendando
902 1684 1118 1737 duplicare
1180 1687 1409 1737 repertam;
1472 1683 1659 1740 denique

151 1755 218 1798 IV
248 1757 330 1798 280
361 1769 439 1813 pro
469 1754 628 1797 vineit
656 1757 704 1796 et
732 1754 893 1796 noverit
923 1768 1019 1796 cum
1041 1754 1091 1796 L.
1109 1754 1322 1797 Muellero
1354 1753 1426 1808 (de
1458 1767 1504 1795 re
1535 1757 1660 1795 metr.

153 1839 194 1882 p.
228 1824 329 1882 333)
361 1823 603 1867 Bechertus
636 1824 684 1880 (l.
705 1824 733 1867 l.
764 1838 806 1880 p.
839 1822 912 1879 52)
944 1824 1097 1866 maluit
1127 1823 1198 1865 sed
1226 1823 1386 1866 noverit
1416 1822 1619 1865 seribere.

513 1950 588 1993 De
622 1965 860 2007 syncope
893 1955 944 1993 et
977 1950 1299 2005 synhaeresi.

269 2031 563 2088 Syneopen
593 2031 816 2089 patiuntur
846 2031 962 2088 apud
991 2031 1220 2073 Manilium
1253 2030 1338 2073 duo
1371 2031 1661 2073 substantiva:

145 2100 442 2154 periculum
473 2104 517 2142 et
537 2100 818 2149 vinculum3
842 2103 1084 2142 extremam
1108 2099 1222 2141 enim
1244 2099 1491 2141 hexametri
1514 2098 1663 2141 sedem

154 2173 335 2227 occupat
385 2184 512 2212 casus
563 2170 820 2222 periclum
878 2169 1139 2212 substantivi
1190 2169 1296 2211 loeis
1349 2169 1440 2211 his:
1493 2168 1515 2210 I
1566 2171 1662 2210 414.

152 2239 219 2281 ΠΙ
244 2241 335 2282 127.
396 2238 462 2281 IV
484 2240 579 2281 816.
639 2238 682 2281 V
704 2240 801 2281 309.
833 2240 936 2287 652;
968 2238 1158 2280 vinela
1187 2227 1374 2294 legimus
1398 2238 1442 2280 in
1466 2242 1662 2281 extremo

152 2309 406 2351 hexametro
437 2307 481 2349 H
511 2309 607 2350 630.
667 2307 735 2349 ΙΙΙ
769 2309 865 2349 107.
923 2307 964 2349 V
997 2309 1095 2350 519.
1127 2309 1230 2361 552,
1276 2307 1321 2349 in
1370 2308 1468 2350 aliis
1511 2322 1663 2350 versus

153 2377 348 2436 partibus
386 2376 503 2420 idem
541 2377 862 2420 substantivum
901 2380 1023 2419 extat
1051 2376 1094 2418 V
1125 2378 1219 2420 148.
1252 2378 1349 2418 615.
1381 2379 1488 2426 661;
1529 2379 1666 2421 semel

153 2445 457 2504 pronuntiatur
497 2445 707 2488 vincula
747 2445 791 2487 ΙΙ
834 2447 916 2488 805
963 2447 1007 2487 in
1054 2446 1203 2503 quinto
1248 2446 1494 2490 hexametri
1538 2447 1666 2504 pede.

75 2539 84 2546 »
153 2515 389 2559 Praeterea
419 2518 669 2557 constanter
699 2515 886 2571 legimus
909 2514 1184 2568 prendere:
1223 2514 1270 2556 II
1305 2517 1399 2559 127.
1468 2516 1535 2557 III
1567 2518 1664 2560 388.

154 2583 220 2626 IV
263 2585 314 2625 21
362 2583 504 2638 (codd.
539 2582 760 2640 pendere);
811 2583 1177 2637 comprendere:
1229 2584 1251 2625 I
1294 2586 1387 2627 108.
1431 2587 1528 2628 348.
1569 2587 1666 2628 832.

154 2652 224 2695 ΠΙ
248 2656 340 2697 104.
386 2653 428 2696 V
449 2655 553 2704 2333
584 2653 902 2707 deprendere:
933 2654 955 2696 Ι
985 2656 1054 2698 63.
1087 2655 1182 2698 506.
1218 2656 1314 2698 822.
1347 2656 1443 2697 830.
1486 2655 1553 2697 ΠΙ
1584 2658 1666 2697 215

157 2720 252 2778 (ubi
291 2722 336 2764 in
367 2721 408 2764 G
439 2726 507 2765 est
536 2722 810 2778 cb‘prendere).
870 2723 912 2765 V
943 2725 1038 2767 297.

275 2789 672 2847 Synhaereseos
705 2793 908 2850 exempla
939 2807 1035 2835 cum
1061 2792 1177 2850 apud
1195 2792 1422 2835 Manilium
1445 2797 1671 2835 occurrant

158 2859 281 2924 nulla
313 2859 506 2916 (praeter
535 2859 714 2917 cuique),
746 2860 796 2905 L.
827 2861 1014 2906 Mueller
1026 2862 1060 2918 l)
1111 2877 1197 2908 non
1240 2866 1405 2909 temere
1451 2861 1667 2910 iudicasse
