1936 3392
486 459 532 508 Ι,
569 461 646 499 61:
711 459 788 500 Per
830 459 958 499 varios
999 472 1092 499 usus

426 541 549 578 artem
559 536 917 591 experientiafeoit,
926 535 1106 590 exemplo

426 617 672 654 monstrante
705 614 823 653 viam.

486 765 526 814 I,
564 767 640 808 70:
686 764 906 818 Variosque
930 764 1014 804 dies
1035 764 1091 804 in-

360 889 367 894 ·
426 845 612 895 certaque
645 841 774 882 noctis
794 845 995 895 tempora,
1019 855 1092 881 nec

426 918 564 959 similis
598 917 778 968 umbras,
812 918 889 958 iam
923 917 1004 958 sole
1037 932 1094 958 re-

427 1010 581 1050 gresso,
631 995 708 1036 iam
757 995 964 1050 propiore,
1009 995 1090 1035 suis

427 1077 612 1127 poterant
644 1072 863 1113 discernere
895 1071 1037 1112 causis.

488 1144 533 1194 Ι,
570 1146 648 1185 90:

427 1221 514 1262 aliis
548 1221 626 1262 alia
657 1221 897 1277 proseminat
931 1236 1035 1262 usus.

713 1143 876 1199 Semper
907 1144 1013 1185 enim
1046 1158 1093 1185 ex

487 1298 532 1348 I,
559 1300 636 1339 96:
671 1297 757 1339 Nec
773 1298 885 1354 prius
902 1299 1093 1352 imposuit

427 1376 545 1418 rebus
591 1377 790 1430 finemque
821 1377 1063 1430 manumque
1082 1407 1093 1425 ,

430 1467 546 1507 quam
582 1453 735 1494 caelum
768 1453 949 1494 aseendit
982 1453 1094 1502 ratio,

428 1532 610 1586 cepitque
643 1530 880 1585 profundam
912 1535 1094 1571 naturam

428 1623 557 1649 rerum
590 1607 738 1657 causis,
773 1607 951 1661 viditque
984 1607 1092 1662 quod

427 1699 594 1739 usquam
624 1689 705 1725 est:
740 1684 879 1725 nubila
898 1699 968 1725 cur
983 1688 1096 1725 tanto

428 1765 712 1816 quaet-erentur
745 1761 859 1815 pulsa
890 1762 1056 1815 fragore.

490 2146 525 2197 Ι,
553 2148 630 2187 130
648 2163 656 2187 ε
691 2146 744 2187 Et
759 2161 884 2202 paene
902 2162 948 2187 ex
966 2146 1092 2187 nihilo

430 2237 629 2264 summum
662 2226 722 2263 est
754 2222 1006 2276 nihilumque
1037 2223 1095 2263 fu-

431 2303 579 2341 turum.

491 2376 536 2427 Ι,
566 2377 643 2417 151
662 2392 671 2417 :
705 2375 974 2417 Flammarum
991 2376 1095 2417 vallo

431 2458 598 2495 naturae
614 2453 771 2494 moenia
786 2453 893 2494 fecit.
918 2452 976 2503 ΙΙ,
998 2454 1094 2493 118:

409 2559 411 2561 ·
431 2530 635 2572 Flammea
665 2534 772 2572 tecta
804 2515 959 2571 mundi.

493 2608 515 2649 I
527 2641 538 2659 ‚
574 2609 659 2650 448
677 2625 685 2649 ε

433 2683 595 2739 templa.

750 2607 860 2648 Caeli
902 2607 1099 2662 fulgentia

494 2760 563 2810 ΙΙ,
586 2763 660 2802 53:
686 2760 849 2814 Integra
861 2774 1096 2814 quaeramus

434 2837 603 2879 rorantis
628 2817 744 2892 prata⁴
761 2851 831 2892 per
846 2835 1008 2886 herbam,
1032 2850 1101 2876 un-

1101 319 1154 357 54

1215 458 1277 508 V,
1316 461 1453 501 1452:

1155 550 1246 590 grae
1269 536 1388 577 simul
1410 538 1654 592 experientia
1676 538 1821 579 mentis

1153 612 1351 667 paulatim
1395 613 1532 655 docuit
1562 615 1820 669 pedetemtim

1154 688 1459 742 progredientis.

1197 764 1256 814 V,
1295 767 1429 806 1183:
1485 764 1694 806 Praeterea
1721 766 1821 808 caeli

1154 842 1325 882 rationes
1347 842 1485 882 ordine
1514 845 1620 882 certo
1649 847 1688 883 et
1717 844 1822 883 varia

1518 459 1623 501 Usus
1647 466 1687 501 et
1708 462 1821 516 impi-

1156 933 1349 959 annorum
1390 917 1604 959 cernebant
1645 923 1824 975 tempora

1154 996 1280 1045 verti,
1315 1010 1387 1036 nec
1409 999 1595 1050 poterant
1617 995 1822 1050 quibus-id

1155 1073 1267 1113 fieret
1298 1087 1532 1126 cognoscere
1565 1073 1705 1114 causis.

1216 1143 1278 1194 V,
1302 1146 1440 1185 1456:
1474 1143 1659 1198 Namque
1677 1144 1759 1186 alid
1776 1159 1824 1187 ex

1151 1221 1230 1262 alio
1252 1221 1465 1262 clarescere
1486 1222 1603 1263 corde
1621 1221 1824 1264 videbant.

1216 1298 1260 1348 I,
1313 1299 1391 1340 72:
1446 1298 1553 1353 Ergo
1606 1299 1735 1340 vivida
1765 1299 1825 1340 vis

1158 1376 1278 1416 animi
1324 1375 1492 1430 pervicit
1525 1380 1566 1417 et
1599 1379 1710 1417 extra
1739 1390 1827 1432 pro-

1160 1453 1278 1494 cessit
1311 1452 1430 1507 longe
1462 1453 1707 1494 flammantia
1723 1467 1829 1495 moe-

1159 1530 1226 1571 nia
1267 1530 1406 1571 mundi
1452 1534 1574 1584 atque
1606 1545 1723 1572 omne
1754 1531 1826 1572 im-

1157 1621 1338 1647 mensum
1400 1608 1627 1661 peragravit
1690 1611 1822 1649 mente

1159 1684 1390 1737 animoque:
1427 1684 1532 1725 unde
1563 1684 1683 1726 refert
1709 1683 1824 1726 nobis

1157 1761 1254 1814 quid
1273 1761 1398 1815 possit
1409 1761 1516 1811 oriri,
1530 1761 1626 1815 quid
1637 1765 1821 1815 nequeat.

1155 1837 1237 1886 VI,
1285 1840 1365 1878 96:
1420 1838 1623 1894 Principio
1669 1840 1822 1880 tonitru

1157 1915 1396 1968 quatiuntur
1419 1914 1577 1956 caerula
1593 1914 1693 1956 caeli
1710 1930 1823 1973 prop-

1156 1996 1265 2032 terea
1283 1993 1376 2045 quia
1397 1995 1641 2034 concurrunt
1655 1991 1824 2034 sublime

1158 2069 1336 2110 volantes
1369 2069 1567 2110 aetheriae
1598 2069 1737 2124 nubes.

1217 2146 1264 2194 Ι,
1302 2148 1412 2187 619:
1446 2146 1553 2201 Ergo
1575 2161 1705 2188 rerum
1722 2147 1825 2188 inter

1159 2237 1352 2264 summam
1399 2223 1684 2277 minimamque
1727 2224 1823 2277 quid

1158 2299 1285 2341 escit?
1318 2299 1375 2340 nil
1408 2300 1483 2341 erit
1517 2304 1562 2341 ut
1593 2299 1725 2341 distet.

1219 2377 1262 2426 Ι,
1302 2377 1378 2417 73:
1423 2377 1690 2418 Flammantia
1722 2392 1824 2419 moe·

1160 2454 1226 2493 nia
1257 2453 1410 2494 mundi.

1223 2607 1262 2657 Ι,
1289 2609 1418 2649 1014:
1455 2608 1563 2650 Caeli
1580 2608 1714 2650 lucida
1729 2613 1826 2650 tem-

1161 2682 1250 2736 pla;
1285 2681 1331 2723 ΙΙ
1344 2716 1355 2733 ,
1395 2685 1522 2724 1039.

1220 2758 1264 2808 Ι,
1300 2761 1410 2800 926:

1165 2849 1329 2891 peragro
1356 2836 1437 2878 loca
1453 2836 1604 2878 nullius
1622 2841 1713 2879 ante
1730 2837 1826 2879 trita

1476 2761 1575 2802 Avia
1624 2760 1823 2802 Pieridum
