<?xml version="1.0" encoding="UTF-8"?>
<!DOCTYPE html PUBLIC "-//W3C//DTD XHTML 1.0 Transitional//EN"
    "http://www.w3.org/TR/xhtml1/DTD/xhtml1-transitional.dtd">
<html xmlns="http://www.w3.org/1999/xhtml" xml:lang="en" lang="en">
 <head>
  <title>
</title>
<meta http-equiv="Content-Type" content="text/html;charset=utf-8" />
  <meta name='ocr-system' content='tesseract 3.04.00' />
  <meta name='ocr-capabilities' content='ocr_page ocr_carea ocr_par ocr_line ocrx_word'/>
</head>
<body>
  <div class='ocr_page' id='page_1' title='image "./lucubrationesman00thomuoft_0014.png"; bbox 0 0 1936 3392; ppageno 0'>
   <div class='ocr_carea' id='block_1_1' title="bbox 388 371 416 412">
    <p class='ocr_par' dir='ltr' id='par_1_1' title="bbox 388 371 416 412">
     <span class='ocr_line' id='line_1_1' title="bbox 388 371 416 412; baseline 0 0"><span class='ocrx_word' id='word_1_1' title='bbox 388 371 416 412; x_wconf 87' lang='lat'>4</span> 
     </span>
    </p>
   </div>
   <div class='ocr_carea' id='block_1_2' title="bbox 387 487 1842 612">
    <p class='ocr_par' dir='ltr' id='par_1_2' title="bbox 387 487 1842 612">
     <span class='ocr_line' id='line_1_2' title="bbox 389 487 1842 544; baseline 0.002 -16"><span class='ocrx_word' id='word_1_2' title='bbox 389 487 523 529; x_wconf 82' lang='lat' dir='ltr'>editor</span> <span class='ocrx_word' id='word_1_3' title='bbox 558 489 752 542; x_wconf 79' lang='lat' dir='ltr'>somniat,</span> <span class='ocrx_word' id='word_1_4' title='bbox 788 489 1000 543; x_wconf 71' lang='lat' dir='ltr'>iuriyuos,</span> <span class='ocrx_word' id='word_1_5' title='bbox 1041 501 1147 542; x_wconf 89' lang='lat' dir='ltr'>quae</span> <span class='ocrx_word' id='word_1_6' title='bbox 1184 487 1419 540; x_wconf 87' lang='lat' dir='ltr'>conjectura</span> <span class='ocrx_word' id='word_1_7' title='bbox 1455 491 1516 528; x_wconf 89' lang='lat' dir='ltr'>est</span> <span class='ocrx_word' id='word_1_8' title='bbox 1545 487 1756 544; x_wconf 85' lang='lat' dir='ltr'>Scaligeri)</span> <span class='ocrx_word' id='word_1_9' title='bbox 1791 489 1842 531; x_wconf 79' lang='lat' dir='ltr'>iu</span> 
     </span>
     <span class='ocr_line' id='line_1_3' title="bbox 387 556 1839 612; baseline 0.001 -13"><span class='ocrx_word' id='word_1_10' title='bbox 387 558 575 599; x_wconf 77' lang='lat' dir='ltr'><em>carmine</em></span> <span class='ocrx_word' id='word_1_11' title='bbox 605 559 752 600; x_wconf 77' lang='lat' dir='ltr'>ducere</span> <span class='ocrx_word' id='word_1_12' title='bbox 781 562 944 600; x_wconf 76' lang='lat' dir='ltr'>cantus.</span> <span class='ocrx_word' id='word_1_13' title='bbox 985 557 1094 612; x_wconf 89' lang='lat' dir='ltr'>Lips.</span> <span class='ocrx_word' id='word_1_14' title='bbox 1121 561 1162 597; x_wconf 88' lang='lat' dir='ltr'>et</span> <span class='ocrx_word' id='word_1_15' title='bbox 1186 556 1296 596; x_wconf 73' lang='lat' dir='ltr'>Cus:</span> <span class='ocrx_word' id='word_1_16' title='bbox 1328 556 1379 596; x_wconf 75' lang='lat' dir='ltr'>in</span> <span class='ocrx_word' id='word_1_17' title='bbox 1409 557 1616 608; x_wconf 59' lang='lat' dir='ltr'>carmine,-</span> <span class='ocrx_word' id='word_1_18' title='bbox 1651 558 1769 600; x_wconf 86' lang='lat' dir='ltr'>Voss.</span> <span class='ocrx_word' id='word_1_19' title='bbox 1797 561 1839 600; x_wconf 89' lang='lat'>1:</span> 
     </span>
    </p>
   </div>
   <div class='ocr_carea' id='block_1_3' title="bbox 385 641 1842 752">
    <p class='ocr_par' dir='ltr' id='par_1_3' title="bbox 385 641 1842 752">
     <span class='ocr_line' id='line_1_4' title="bbox 385 641 645 670; baseline 0.004 -3"><span class='ocrx_word' id='word_1_20' title='bbox 385 641 436 668; x_wconf 77' lang='lat' dir='ltr'><em>m</em></span> <span class='ocrx_word' id='word_1_21' title='bbox 465 642 645 670; x_wconf 73' lang='lat' dir='ltr'>carmen.</span> 
     </span>
     <span class='ocr_line' id='line_1_5' title="bbox 501 695 1842 752; baseline 0.001 -14"><span class='ocrx_word' id='word_1_22' title='bbox 501 697 778 752; x_wconf 86' lang='lat' dir='ltr'>Interpretum</span> <span class='ocrx_word' id='word_1_23' title='bbox 814 698 991 752; x_wconf 83' lang='lat' dir='ltr'>ineptias</span> <span class='ocrx_word' id='word_1_24' title='bbox 1026 695 1211 736; x_wconf 80' lang='lat' dir='ltr'>refellere</span> <span class='ocrx_word' id='word_1_25' title='bbox 1247 695 1504 748; x_wconf 83' lang='lat' dir='ltr'>supersedeo.</span> <span class='ocrx_word' id='word_1_26' title='bbox 1564 696 1695 738; x_wconf 80' lang='lat' dir='ltr'>Ulcus</span> <span class='ocrx_word' id='word_1_27' title='bbox 1732 698 1842 739; x_wconf 85' lang='lat' dir='ltr'>inest</span> 
     </span>
    </p>
   </div>
   <div class='ocr_carea' id='block_1_4' title="bbox 384 764 1842 971">
    <p class='ocr_par' dir='ltr' id='par_1_4' title="bbox 384 764 1842 971">
     <span class='ocr_line' id='line_1_6' title="bbox 385 764 1842 821; baseline 0 -13"><span class='ocrx_word' id='word_1_28' title='bbox 385 767 539 820; x_wconf 80' lang='lat' dir='ltr'>verbis,</span> <span class='ocrx_word' id='word_1_29' title='bbox 572 768 683 821; x_wconf 88' lang='lat' dir='ltr'>quod</span> <span class='ocrx_word' id='word_1_30' title='bbox 713 767 926 808; x_wconf 85' lang='lat' dir='ltr'>validioris</span> <span class='ocrx_word' id='word_1_31' title='bbox 957 767 1127 806; x_wconf 80' lang='lat' dir='ltr'>fortasse</span> <span class='ocrx_word' id='word_1_32' title='bbox 1157 764 1388 806; x_wconf 81' lang='lat' dir='ltr'>medicinae</span> <span class='ocrx_word' id='word_1_33' title='bbox 1419 770 1544 820; x_wconf 85' lang='lat' dir='ltr'>egeat.</span> <span class='ocrx_word' id='word_1_34' title='bbox 1591 765 1842 808; x_wconf 85' lang='lat' dir='ltr'>Dubitanter</span> 
     </span>
     <span class='ocr_line' id='line_1_7' title="bbox 384 850 585 891; baseline -0.005 -13"><span class='ocrx_word' id='word_1_35' title='bbox 384 850 585 891; x_wconf 89' lang='lat' dir='ltr'>propono:</span> 
     </span>
     <span class='ocr_line' id='line_1_8' title="bbox 530 915 1642 971; baseline -0.001 -12"><span class='ocrx_word' id='word_1_36' title='bbox 530 917 680 970; x_wconf 73' lang='lat' dir='ltr'>Conor,</span> <span class='ocrx_word' id='word_1_37' title='bbox 713 922 751 959; x_wconf 84' lang='lat' dir='ltr'>et</span> <span class='ocrx_word' id='word_1_38' title='bbox 779 918 830 958; x_wconf 75' lang='lat' dir='ltr'>iu</span> <span class='ocrx_word' id='word_1_39' title='bbox 859 918 1008 971; x_wconf 61' lang='lat' dir='ltr'>dumos</span> <span class='ocrx_word' id='word_1_40' title='bbox 1038 915 1277 956; x_wconf 76' lang='lat' dir='ltr'>caelestia</span> <span class='ocrx_word' id='word_1_41' title='bbox 1306 916 1450 957; x_wconf 79' lang='lat' dir='ltr'>ducere</span> <span class='ocrx_word' id='word_1_42' title='bbox 1480 920 1642 958; x_wconf 76' lang='lat' dir='ltr'>cantus.</span> 
     </span>
    </p>
   </div>
   <div class='ocr_carea' id='block_1_5' title="bbox 383 997 1839 1110">
    <p class='ocr_par' dir='ltr' id='par_1_5' title="bbox 383 997 1839 1110">
     <span class='ocr_line' id='line_1_9' title="bbox 501 997 1839 1052; baseline 0 -12"><span class='ocrx_word' id='word_1_43' title='bbox 501 999 557 1040; x_wconf 82' lang='lat' dir='ltr'>Of.</span> <span class='ocrx_word' id='word_1_44' title='bbox 583 999 608 1039; x_wconf 90' lang='lat' dir='ltr'>l.</span> <span class='ocrx_word' id='word_1_45' title='bbox 634 999 690 1051; x_wconf 80' lang='lat' dir='ltr'>V,</span> <span class='ocrx_word' id='word_1_46' title='bbox 719 1013 756 1039; x_wconf 86' lang='lat' dir='ltr'>v.</span> <span class='ocrx_word' id='word_1_47' title='bbox 783 1000 885 1039; x_wconf 87' lang='lat'>469:</span> <span class='ocrx_word' id='word_1_48' title='bbox 918 998 1036 1038; x_wconf 67' lang='lat' dir='ltr'>Mille</span> <span class='ocrx_word' id='word_1_49' title='bbox 1066 997 1175 1038; x_wconf 71' lang='lat' dir='ltr'>alias</span> <span class='ocrx_word' id='word_1_50' title='bbox 1203 1010 1349 1038; x_wconf 75' lang='lat' dir='ltr'>rerum</span> <span class='ocrx_word' id='word_1_51' title='bbox 1375 998 1530 1052; x_wconf 77' lang='lat' dir='ltr'>species</span> <span class='ocrx_word' id='word_1_52' title='bbox 1559 999 1609 1039; x_wconf 75' lang='lat' dir='ltr'>in</span> <span class='ocrx_word' id='word_1_53' title='bbox 1643 999 1839 1040; x_wconf 77' lang='lat' dir='ltr'>carmina</span> 
     </span>
     <span class='ocr_line' id='line_1_10' title="bbox 383 1069 545 1110; baseline 0.006 -1"><span class='ocrx_word' id='word_1_54' title='bbox 383 1069 545 1110; x_wconf 73' lang='lat' dir='ltr'>ducent.</span> 
     </span>
    </p>
   </div>
   <div class='ocr_carea' id='block_1_6' title="bbox 498 1207 1004 1262">
    <p class='ocr_par' dir='ltr' id='par_1_6' title="bbox 498 1207 1004 1262">
     <span class='ocr_line' id='line_1_11' title="bbox 498 1207 1004 1262; baseline -0.004 -13"><span class='ocrx_word' id='word_1_55' title='bbox 498 1207 541 1249; x_wconf 89' lang='lat' dir='ltr'>L.</span> <span class='ocrx_word' id='word_1_56' title='bbox 573 1208 654 1262; x_wconf 84' lang='lat' dir='ltr'>HI,</span> <span class='ocrx_word' id='word_1_57' title='bbox 684 1222 720 1248; x_wconf 88' lang='lat' dir='ltr'>V.</span> <span class='ocrx_word' id='word_1_58' title='bbox 749 1207 1004 1249; x_wconf 85' lang='lat'>111—116:</span> 
     </span>
    </p>
   </div>
   <div class='ocr_carea' id='block_1_7' title="bbox 519 1289 1705 1692">
    <p class='ocr_par' dir='ltr' id='par_1_7' title="bbox 519 1289 1705 1692">
     <span class='ocr_line' id='line_1_12' title="bbox 522 1289 1556 1342; baseline 0 -12"><span class='ocrx_word' id='word_1_59' title='bbox 522 1290 789 1330; x_wconf 68' lang='lat' dir='ltr'>Iudiciorum</span> <span class='ocrx_word' id='word_1_60' title='bbox 819 1303 925 1342; x_wconf 77' lang='lat' dir='ltr'>opus</span> <span class='ocrx_word' id='word_1_61' title='bbox 955 1289 1005 1328; x_wconf 76' lang='lat' dir='ltr'>in</span> <span class='ocrx_word' id='word_1_62' title='bbox 1035 1291 1187 1342; x_wconf 78' lang='lat' dir='ltr'>quarto</span> <span class='ocrx_word' id='word_1_63' title='bbox 1215 1291 1374 1330; x_wconf 77' lang='lat' dir='ltr'>natura</span> <span class='ocrx_word' id='word_1_64' title='bbox 1404 1290 1556 1331; x_wconf 77' lang='lat' dir='ltr'>locavit</span> 
     </span>
     <span class='ocr_line' id='line_1_13' title="bbox 521 1358 1686 1413; baseline 0 -13"><span class='ocrx_word' id='word_1_65' title='bbox 521 1359 843 1412; x_wconf 75' lang='lat' dir='ltr'>Fortunamque</span> <span class='ocrx_word' id='word_1_66' title='bbox 872 1358 982 1412; x_wconf 75' lang='lat' dir='ltr'>fori.-</span> <span class='ocrx_word' id='word_1_67' title='bbox 1019 1358 1270 1412; x_wconf 77' lang='lat' dir='ltr'>fundentem</span> <span class='ocrx_word' id='word_1_68' title='bbox 1297 1359 1422 1400; x_wconf 75' lang='lat' dir='ltr'>verba</span> <span class='ocrx_word' id='word_1_69' title='bbox 1445 1362 1686 1413; x_wconf 77' lang='lat' dir='ltr'>patronum</span> 
     </span>
     <span class='ocr_line' id='line_1_14' title="bbox 522 1428 1705 1482; baseline -0.001 -12"><span class='ocrx_word' id='word_1_70' title='bbox 522 1429 858 1482; x_wconf 72' lang='lat' dir='ltr'>Pcmlentemque</span> <span class='ocrx_word' id='word_1_71' title='bbox 887 1442 1010 1468; x_wconf 75' lang='lat' dir='ltr'>reum</span> <span class='ocrx_word' id='word_1_72' title='bbox 1041 1428 1207 1482; x_wconf 70' lang='lat' dir='ltr'>linqua,</span> <span class='ocrx_word' id='word_1_73' title='bbox 1237 1428 1466 1482; x_wconf 55' lang='lat' dir='ltr'>rostrisque</span> <span class='ocrx_word' id='word_1_74' title='bbox 1497 1429 1705 1482; x_wconf 74' lang='lat' dir='ltr'>loquentis</span> 
     </span>
     <span class='ocr_line' id='line_1_15' title="bbox 520 1498 1632 1552; baseline 0 -13"><span class='ocrx_word' id='word_1_75' title='bbox 520 1499 778 1552; x_wconf 74' lang='lat' dir='ltr'><em>Impositum</em></span> <span class='ocrx_word' id='word_1_76' title='bbox 808 1502 847 1539; x_wconf 81' lang='lat' dir='ltr'>et</span> <span class='ocrx_word' id='word_1_77' title='bbox 870 1499 1029 1552; x_wconf 77' lang='lat' dir='ltr'>populo</span> <span class='ocrx_word' id='word_1_78' title='bbox 1059 1498 1293 1539; x_wconf 77' lang='lat' dir='ltr'>nudantem</span> <span class='ocrx_word' id='word_1_79' title='bbox 1321 1498 1491 1539; x_wconf 76' lang='lat' dir='ltr'>condita</span> <span class='ocrx_word' id='word_1_80' title='bbox 1518 1498 1632 1551; x_wconf 72' lang='lat' dir='ltr'>iura,</span> 
     </span>
     <span class='ocr_line' id='line_1_16' title="bbox 519 1568 1584 1622; baseline -0.001 -13"><span class='ocrx_word' id='word_1_81' title='bbox 519 1569 657 1622; x_wconf 77' lang='lat' dir='ltr'>Atque</span> <span class='ocrx_word' id='word_1_82' title='bbox 687 1581 868 1622; x_wconf 72' lang='lat' dir='ltr'>expensa</span> <span class='ocrx_word' id='word_1_83' title='bbox 896 1582 975 1608; x_wconf 80' lang='lat' dir='ltr'>sua</span> <span class='ocrx_word' id='word_1_84' title='bbox 1006 1568 1231 1609; x_wconf 75' lang='lat' dir='ltr'>solventem</span> <span class='ocrx_word' id='word_1_85' title='bbox 1258 1568 1403 1622; x_wconf 48' lang='grc' dir='ltr'>ίαν-ρέα</span> <span class='ocrx_word' id='word_1_86' title='bbox 1431 1568 1584 1622; x_wconf 76' lang='lat' dir='ltr'>fronte,</span> 
     </span>
     <span class='ocr_line' id='line_1_17' title="bbox 525 1637 1597 1692; baseline -0.001 -13"><span class='ocrx_word' id='word_1_87' title='bbox 525 1638 632 1679; x_wconf 78' lang='lat' dir='ltr'>Oum</span> <span class='ocrx_word' id='word_1_88' title='bbox 661 1639 789 1679; x_wconf 58' lang='lat' dir='ltr'>dudem</span> <span class='ocrx_word' id='word_1_89' title='bbox 818 1638 906 1678; x_wconf 65' lang='lat' dir='ltr'>‘vem&#39;</span> <span class='ocrx_word' id='word_1_90' title='bbox 935 1638 1050 1679; x_wconf 71' lang='lat' dir='ltr'>nihil</span> <span class='ocrx_word' id='word_1_91' title='bbox 1077 1638 1264 1692; x_wconf 64' lang='lat' dir='ltr'>amplius</span> <span class='ocrx_word' id='word_1_92' title='bbox 1293 1638 1465 1679; x_wconf 77' lang='lat' dir='ltr'>advocat</span> <span class='ocrx_word' id='word_1_93' title='bbox 1493 1637 1597 1692; x_wconf 75' lang='lat' dir='ltr'>ipso.</span> 
     </span>
    </p>
   </div>
   <div class='ocr_carea' id='block_1_8' title="bbox 377 1730 1836 2065">
    <p class='ocr_par' dir='ltr' id='par_1_8' title="bbox 379 1730 1834 1856">
     <span class='ocr_line' id='line_1_18' title="bbox 496 1730 1834 1785; baseline 0 -14"><span class='ocrx_word' id='word_1_94' title='bbox 496 1731 545 1771; x_wconf 90' lang='lat' dir='ltr'>V.</span> <span class='ocrx_word' id='word_1_95' title='bbox 581 1732 662 1772; x_wconf 87' lang='grc'>114</span> <span class='ocrx_word' id='word_1_96' title='bbox 700 1731 831 1772; x_wconf 81' lang='lat' dir='ltr'>codex</span> <span class='ocrx_word' id='word_1_97' title='bbox 866 1731 982 1772; x_wconf 87' lang='lat' dir='ltr'>Voss.</span> <span class='ocrx_word' id='word_1_98' title='bbox 1016 1732 1040 1772; x_wconf 83' lang='lat'><strong>2</strong></span> <span class='ocrx_word' id='word_1_99' title='bbox 1085 1731 1224 1785; x_wconf 87' lang='lat' dir='ltr'>(quem</span> <span class='ocrx_word' id='word_1_100' title='bbox 1259 1730 1388 1772; x_wconf 80' lang='lat' dir='ltr'>Jacob</span> <span class='ocrx_word' id='word_1_101' title='bbox 1430 1732 1475 1771; x_wconf 90' lang='lat' dir='ltr'>in</span> <span class='ocrx_word' id='word_1_102' title='bbox 1518 1730 1650 1771; x_wconf 90' lang='lat' dir='ltr'>oculis</span> <span class='ocrx_word' id='word_1_103' title='bbox 1689 1733 1834 1785; x_wconf 84' lang='lat' dir='ltr'>gestat)</span> 
     </span>
     <span class='ocr_line' id='line_1_19' title="bbox 379 1801 1380 1856; baseline 0 -14"><span class='ocrx_word' id='word_1_104' title='bbox 379 1814 488 1842; x_wconf 87' lang='lat' dir='ltr'>unus</span> <span class='ocrx_word' id='word_1_105' title='bbox 518 1801 643 1842; x_wconf 85' lang='lat' dir='ltr'>habet</span> <span class='ocrx_word' id='word_1_106' title='bbox 672 1801 951 1856; x_wconf 76' lang='lat' dir='ltr'>Impositum;</span> <span class='ocrx_word' id='word_1_107' title='bbox 985 1801 1131 1842; x_wconf 86' lang='lat' dir='ltr'>ceteri:</span> <span class='ocrx_word' id='word_1_108' title='bbox 1163 1801 1380 1855; x_wconf 78' lang='lat' dir='ltr'>Imposita.</span> 
     </span>
    </p>

    <p class='ocr_par' dir='ltr' id='par_1_9' title="bbox 377 1869 1836 2065">
     <span class='ocr_line' id='line_1_20' title="bbox 500 1869 1836 1924; baseline -0.001 -13"><span class='ocrx_word' id='word_1_109' title='bbox 500 1871 657 1912; x_wconf 89' lang='lat' dir='ltr'>Vitium</span> <span class='ocrx_word' id='word_1_110' title='bbox 688 1885 724 1911; x_wconf 79' lang='grc' dir='ltr'>ν.</span> <span class='ocrx_word' id='word_1_111' title='bbox 747 1872 828 1912; x_wconf 93' lang='grc'>113</span> <span class='ocrx_word' id='word_1_112' title='bbox 858 1871 995 1911; x_wconf 86' lang='lat' dir='ltr'>inesse</span> <span class='ocrx_word' id='word_1_113' title='bbox 1019 1871 1232 1912; x_wconf 89' lang='lat' dir='ltr'>Bentleius</span> <span class='ocrx_word' id='word_1_114' title='bbox 1257 1871 1401 1923; x_wconf 78' lang='lat' dir='ltr'>sensit,</span> <span class='ocrx_word' id='word_1_115' title='bbox 1433 1874 1474 1911; x_wconf 87' lang='lat' dir='ltr'>et</span> <span class='ocrx_word' id='word_1_116' title='bbox 1498 1870 1537 1910; x_wconf 90' lang='lat' dir='ltr'>ei</span> <span class='ocrx_word' id='word_1_117' title='bbox 1563 1869 1836 1924; x_wconf 84' lang='lat' dir='ltr'>adstipulatur</span> 
     </span>
     <span class='ocr_line' id='line_1_21' title="bbox 378 1939 1835 1995; baseline -0.002 -13"><span class='ocrx_word' id='word_1_118' title='bbox 378 1941 526 1995; x_wconf 80' lang='lat' dir='ltr'>Jacob,</span> <span class='ocrx_word' id='word_1_119' title='bbox 569 1942 642 1995; x_wconf 89' lang='lat' dir='ltr'>qui</span> <span class='ocrx_word' id='word_1_120' title='bbox 679 1942 970 1981; x_wconf 87' lang='lat' dir='ltr'>animadvertit</span> <span class='ocrx_word' id='word_1_121' title='bbox 1011 1941 1175 1994; x_wconf 85' lang='lat' dir='ltr'>„omnia</span> <span class='ocrx_word' id='word_1_122' title='bbox 1209 1941 1312 1981; x_wconf 87' lang='lat' dir='ltr'>haec</span> <span class='ocrx_word' id='word_1_123' title='bbox 1349 1940 1401 1981; x_wconf 84' lang='lat' dir='ltr'>ad</span> <span class='ocrx_word' id='word_1_124' title='bbox 1435 1939 1593 1980; x_wconf 90' lang='lat' dir='ltr'>iudicia</span> <span class='ocrx_word' id='word_1_125' title='bbox 1627 1939 1835 1994; x_wconf 86' lang='lat' dir='ltr'>pertinere</span> 
     </span>
     <span class='ocr_line' id='line_1_22' title="bbox 377 2009 1734 2065; baseline -0.001 -13"><span class='ocrx_word' id='word_1_126' title='bbox 377 2024 514 2065; x_wconf 89' lang='lat' dir='ltr'>neque</span> <span class='ocrx_word' id='word_1_127' title='bbox 545 2015 771 2052; x_wconf 84' lang='lat' dir='ltr'>rostrorum</span> <span class='ocrx_word' id='word_1_128' title='bbox 800 2011 937 2052; x_wconf 90' lang='lat' dir='ltr'>locum</span> <span class='ocrx_word' id='word_1_129' title='bbox 970 2011 1094 2052; x_wconf 84' lang='lat' dir='ltr'>esse.“</span> <span class='ocrx_word' id='word_1_130' title='bbox 1159 2009 1240 2051; x_wconf 87' lang='lat' dir='ltr'>Sed</span> <span class='ocrx_word' id='word_1_131' title='bbox 1269 2009 1448 2051; x_wconf 88' lang='lat' dir='ltr'>Bentleii</span> <span class='ocrx_word' id='word_1_132' title='bbox 1478 2010 1734 2050; x_wconf 84' lang='lat' dir='ltr'>coniectura:</span> 
     </span>
    </p>
   </div>
   <div class='ocr_carea' id='block_1_9' title="bbox 378 2091 1834 2369">
    <p class='ocr_par' dir='ltr' id='par_1_10' title="bbox 378 2091 1834 2369">
     <span class='ocr_line' id='line_1_23' title="bbox 518 2091 1647 2147; baseline -0.002 -14"><span class='ocrx_word' id='word_1_133' title='bbox 518 2092 854 2147; x_wconf 75' lang='lat' dir='ltr'>Peudeutemque</span> <span class='ocrx_word' id='word_1_134' title='bbox 883 2107 1005 2134; x_wconf 73' lang='lat' dir='ltr'>reum</span> <span class='ocrx_word' id='word_1_135' title='bbox 1037 2093 1186 2147; x_wconf 70' lang='lat' dir='ltr'>linqua</span> <span class='ocrx_word' id='word_1_136' title='bbox 1215 2093 1409 2146; x_wconf 79' lang='lat' dir='ltr'>voltuque</span> <span class='ocrx_word' id='word_1_137' title='bbox 1439 2091 1647 2145; x_wconf 75' lang='lat' dir='ltr'>loquentis</span> 
     </span>
     <span class='ocr_line' id='line_1_24' title="bbox 522 2161 1639 2218; baseline -0.003 -14"><span class='ocrx_word' id='word_1_138' title='bbox 522 2162 757 2217; x_wconf 77' lang='lat' dir='ltr'>Composito</span> <span class='ocrx_word' id='word_1_139' title='bbox 766 2180 780 2213; x_wconf 91' lang='lat'>,·</span> <span class='ocrx_word' id='word_1_140' title='bbox 814 2166 852 2204; x_wconf 83' lang='lat' dir='ltr'>et</span> <span class='ocrx_word' id='word_1_141' title='bbox 876 2163 1036 2218; x_wconf 77' lang='lat' dir='ltr'>populo</span> <span class='ocrx_word' id='word_1_142' title='bbox 1066 2163 1302 2204; x_wconf 77' lang='lat' dir='ltr'>nudantem</span> <span class='ocrx_word' id='word_1_143' title='bbox 1331 2161 1498 2203; x_wconf 69' lang='lat' dir='ltr'>comita</span> <span class='ocrx_word' id='word_1_144' title='bbox 1526 2161 1639 2213; x_wconf 75' lang='lat' dir='ltr'><em>iura,</em></span> 
     </span>
     <span class='ocr_line' id='line_1_25' title="bbox 378 2241 1834 2297; baseline -0.001 -13"><span class='ocrx_word' id='word_1_145' title='bbox 378 2257 462 2284; x_wconf 90' lang='lat' dir='ltr'>non</span> <span class='ocrx_word' id='word_1_146' title='bbox 483 2245 676 2285; x_wconf 89' lang='lat' dir='ltr'>omnibus</span> <span class='ocrx_word' id='word_1_147' title='bbox 694 2246 880 2285; x_wconf 88' lang='lat' dir='ltr'>numeris</span> <span class='ocrx_word' id='word_1_148' title='bbox 900 2245 1088 2293; x_wconf 89' lang='lat' dir='ltr'>absoluta</span> <span class='ocrx_word' id='word_1_149' title='bbox 1106 2245 1226 2286; x_wconf 88' lang='lat' dir='ltr'>nobis</span> <span class='ocrx_word' id='word_1_150' title='bbox 1238 2243 1411 2285; x_wconf 83' lang='lat' dir='ltr'>videtur.</span> <span class='ocrx_word' id='word_1_151' title='bbox 1453 2241 1657 2297; x_wconf 85' lang='lat' dir='ltr'>Displicet</span> <span class='ocrx_word' id='word_1_152' title='bbox 1671 2243 1834 2297; x_wconf 70' lang='lat' dir='ltr'>patroni</span> 
     </span>
     <span class='ocr_line' id='line_1_26' title="bbox 378 2312 1762 2369; baseline -0.001 -15"><span class='ocrx_word' id='word_1_153' title='bbox 378 2327 494 2354; x_wconf 86' lang='lat' dir='ltr'>reum</span> <span class='ocrx_word' id='word_1_154' title='bbox 527 2313 784 2355; x_wconf 85' lang='lat' dir='ltr'>defendentis</span> <span class='ocrx_word' id='word_1_155' title='bbox 815 2315 950 2355; x_wconf 90' lang='lat' dir='ltr'>voltus</span> <span class='ocrx_word' id='word_1_156' title='bbox 981 2315 1051 2356; x_wconf 89' lang='lat' dir='ltr'>ille</span> <span class='ocrx_word' id='word_1_157' title='bbox 1082 2315 1342 2369; x_wconf 88' lang='lat' dir='ltr'>compositus.</span> <span class='ocrx_word' id='word_1_158' title='bbox 1403 2312 1558 2362; x_wconf 84' lang='lat' dir='ltr'>Quidni</span> <span class='ocrx_word' id='word_1_159' title='bbox 1588 2312 1762 2353; x_wconf 85' lang='lat' dir='ltr'>scribas:</span> 
     </span>
    </p>
   </div>
   <div class='ocr_carea' id='block_1_10' title="bbox 375 2393 1667 2716">
    <p class='ocr_par' dir='ltr' id='par_1_11' title="bbox 517 2393 1667 2450">
     <span class='ocr_line' id='line_1_27' title="bbox 517 2393 1667 2450; baseline -0.002 -14"><span class='ocrx_word' id='word_1_160' title='bbox 517 2395 852 2449; x_wconf 77' lang='lat' dir='ltr'>Peudentemque</span> <span class='ocrx_word' id='word_1_161' title='bbox 882 2410 1003 2436; x_wconf 78' lang='lat' dir='ltr'>reum</span> <span class='ocrx_word' id='word_1_162' title='bbox 1036 2396 1185 2450; x_wconf 68' lang='lat' dir='ltr'>linqua</span> <span class='ocrx_word' id='word_1_163' title='bbox 1214 2396 1408 2449; x_wconf 78' lang='lat' dir='ltr'>voltuque</span> <span class='ocrx_word' id='word_1_164' title='bbox 1438 2393 1667 2448; x_wconf 74' lang='lat' dir='ltr'>loquentis,-</span> 
     </span>
    </p>

    <p class='ocr_par' dir='ltr' id='par_1_12' title="bbox 375 2463 1581 2575">
     <span class='ocr_line' id='line_1_28' title="bbox 516 2463 1581 2520; baseline -0.002 -14"><span class='ocrx_word' id='word_1_165' title='bbox 516 2465 724 2519; x_wconf 78' lang='lat' dir='ltr'>Imposita</span> <span class='ocrx_word' id='word_1_166' title='bbox 754 2469 792 2506; x_wconf 82' lang='lat' dir='ltr'>et</span> <span class='ocrx_word' id='word_1_167' title='bbox 816 2467 975 2520; x_wconf 76' lang='lat' dir='ltr'>populo</span> <span class='ocrx_word' id='word_1_168' title='bbox 1006 2467 1243 2507; x_wconf 71' lang='lat' dir='ltr'>nudantem</span> <span class='ocrx_word' id='word_1_169' title='bbox 1271 2465 1440 2507; x_wconf 68' lang='lat' dir='ltr'>condita</span> <span class='ocrx_word' id='word_1_170' title='bbox 1467 2463 1581 2516; x_wconf 75' lang='lat' dir='ltr'><em>iura,</em></span> 
     </span>
     <span class='ocr_line' id='line_1_29' title="bbox 375 2534 462 2575; baseline 0 0"><span class='ocrx_word' id='word_1_171' title='bbox 375 2534 462 2575; x_wconf 87' lang='lat' dir='ltr'>Etc.</span> 
     </span>
    </p>

    <p class='ocr_par' dir='ltr' id='par_1_13' title="bbox 491 2604 1229 2647">
     <span class='ocr_line' id='line_1_30' title="bbox 491 2604 1229 2647; baseline 0.003 -2"><span class='ocrx_word' id='word_1_172' title='bbox 491 2604 738 2646; x_wconf 78' lang='lat' dir='ltr'>Nudautem</span> <span class='ocrx_word' id='word_1_173' title='bbox 767 2607 854 2646; x_wconf 87' lang='lat' dir='ltr'>vim</span> <span class='ocrx_word' id='word_1_174' title='bbox 884 2607 1066 2647; x_wconf 87' lang='lat' dir='ltr'>nominis</span> <span class='ocrx_word' id='word_1_175' title='bbox 1097 2606 1229 2647; x_wconf 86' lang='lat' dir='ltr'>habet.</span> 
     </span>
    </p>

    <p class='ocr_par' dir='ltr' id='par_1_14' title="bbox 493 2673 959 2716">
     <span class='ocr_line' id='line_1_31' title="bbox 493 2673 959 2716; baseline 0.004 -2"><span class='ocrx_word' id='word_1_176' title='bbox 493 2673 603 2715; x_wconf 88' lang='lat' dir='ltr'>Olim</span> <span class='ocrx_word' id='word_1_177' title='bbox 634 2675 959 2716; x_wconf 85' lang='lat' dir='ltr'>coniciebamus:</span> 
     </span>
    </p>
   </div>
   <div class='ocr_carea' id='block_1_11' title="bbox 514 2755 1720 2812">
    <p class='ocr_par' dir='ltr' id='par_1_15' title="bbox 514 2755 1720 2812">
     <span class='ocr_line' id='line_1_32' title="bbox 514 2755 1720 2812; baseline 0 -16"><span class='ocrx_word' id='word_1_178' title='bbox 514 2756 850 2810; x_wconf 75' lang='lat' dir='ltr'>Pendentemque</span> <span class='ocrx_word' id='word_1_179' title='bbox 879 2771 1002 2798; x_wconf 75' lang='lat' dir='ltr'>reum</span> <span class='ocrx_word' id='word_1_180' title='bbox 1037 2758 1186 2812; x_wconf 72' lang='lat' dir='ltr'>linqua</span> <span class='ocrx_word' id='word_1_181' title='bbox 1217 2757 1474 2811; x_wconf 76' lang='lat' dir='ltr'>labrisque</span> <span class='ocrx_word' id='word_1_182' title='bbox 1503 2755 1720 2810; x_wconf 66' lang='lat' dir='ltr'>loquentis.</span> 
     </span>
    </p>
   </div>
   <div class='ocr_carea' id='block_1_12' title="bbox 373 2848 1832 2972">
    <p class='ocr_par' dir='ltr' id='par_1_16' title="bbox 373 2848 1832 2972">
     <span class='ocr_line' id='line_1_33' title="bbox 490 2848 1832 2906; baseline -0.001 -16"><span class='ocrx_word' id='word_1_183' title='bbox 490 2848 571 2890; x_wconf 85' lang='lat' dir='ltr'>Sed</span> <span class='ocrx_word' id='word_1_184' title='bbox 602 2850 680 2890; x_wconf 90' lang='lat' dir='ltr'>hoc</span> <span class='ocrx_word' id='word_1_185' title='bbox 710 2849 1109 2891; x_wconf 85' lang='lat' dir='ltr'>Franco—Gallicum</span> <span class='ocrx_word' id='word_1_186' title='bbox 1139 2852 1273 2906; x_wconf 84' lang='lat' dir='ltr'>magis</span> <span class='ocrx_word' id='word_1_187' title='bbox 1305 2863 1431 2905; x_wconf 85' lang='lat' dir='ltr'>quam</span> <span class='ocrx_word' id='word_1_188' title='bbox 1454 2848 1648 2890; x_wconf 81' lang='lat' dir='ltr'>Latinum</span> <span class='ocrx_word' id='word_1_189' title='bbox 1678 2861 1832 2890; x_wconf 85' lang='lat' dir='ltr'>sermo-</span> 
     </span>
     <span class='ocr_line' id='line_1_34' title="bbox 373 2917 1832 2972; baseline -0.001 -13"><span class='ocrx_word' id='word_1_190' title='bbox 373 2931 470 2959; x_wconf 88' lang='lat' dir='ltr'>nem</span> <span class='ocrx_word' id='word_1_191' title='bbox 511 2919 687 2972; x_wconf 77' lang='lat' dir='ltr'>redolet,</span> <span class='ocrx_word' id='word_1_192' title='bbox 733 2932 828 2960; x_wconf 91' lang='lat' dir='ltr'>cum</span> <span class='ocrx_word' id='word_1_193' title='bbox 870 2919 1029 2961; x_wconf 88' lang='lat' dir='ltr'>Latinis</span> <span class='ocrx_word' id='word_1_194' title='bbox 1071 2922 1284 2962; x_wconf 89' lang='lat' dir='ltr'>sollemnis</span> <span class='ocrx_word' id='word_1_195' title='bbox 1326 2922 1380 2962; x_wconf 87' lang='lat' dir='ltr'>sit</span> <span class='ocrx_word' id='word_1_196' title='bbox 1419 2919 1594 2961; x_wconf 83' lang='lat' dir='ltr'>formula</span> <span class='ocrx_word' id='word_1_197' title='bbox 1634 2917 1832 2972; x_wconf 87' lang='lat' dir='ltr'>loquendi</span> 
     </span>
    </p>
   </div>
  </div>
 </body>
</html>
