1872 3250
637 209 858 246 'l'hBreiterz
877 221 923 245 zu
942 209 1132 247 Manilius.
1567 209 1652 251 863

122 324 159 362 V
183 320 292 376 124).
321 324 363 362 in
380 324 460 363 629
476 323 546 361 hat
562 321 594 361 G
614 321 638 362 ἑ
653 338 708 353 ---
724 333 780 369 etc,
803 321 845 360 in
862 322 942 360 631
960 321 1088 360 haben
1109 323 1305 362 interdum
1322 335 1364 372 03
1385 325 1506 363 noxia
1530 323 1651 374 LV2,

120 382 285 420 innoxia
313 391 371 421 w„
424 379 552 417 meine
588 377 899 428 abweichungen
934 390 1013 416 von
1041 378 1185 418 Jacobs
1220 382 1306 417 text
1334 379 1425 418 sind
1454 381 1555 419 oben
1583 380 1652 419 be-

121 437 310 475 zeichnet.
357 435 582 486 abgesehen
608 447 686 473 von
709 434 788 472 627
818 434 901 472 und
922 435 1002 473 621
1026 431 1228 484 (magister
1249 431 1343 488 GC)
1370 436 1477 486 folge
1498 436 1559 474 ich
1581 437 1654 474 der

121 493 314 531 autoritsst
333 492 402 531 des
423 490 471 530 G.
512 504 582 529 zur
602 490 717 530 sache
737 490 920 528 bemerkt
941 490 1139 540 Scaliger:
1170 492 1434 541 ‘quocumque
1454 505 1572 531 sensu
1592 493 1653 531 in-

121 548 291 599 telligit,
317 560 412 587 sane
439 548 481 586 in
503 546 750 586 Christianos
771 552 875 584 recte
896 548 1083 586 convenit
1104 579 1112 588 .
1137 576 1146 585 .
1170 549 1202 586 si
1224 551 1312 594 post
1331 550 1512 598 tempora
1533 549 1651 587 Tibe-

121 605 234 644 rinna
259 604 483 654 scripsisset
501 603 709 650 Manilius,
736 615 817 641 non
837 604 971 652 potuit
990 603 1124 652 aptius
1146 602 1296 642 Christi
1317 610 1540 654 martyrum
1561 618 1650 643 con-

121 661 224 700 dicio
252 660 499 711 significari?
545 660 588 698 in
615 659 763 698 diesem
791 659 904 698 sinne
933 659 1035 698 faszt
1055 673 1098 698 er
1117 660 1216 698 auch
1237 660 1300 698 die
1321 660 1650 699 scheiterhaufen.

119 716 247 756 Jacob
273 716 470 756 verkennt
499 716 563 754 die
590 716 706 755 sache
733 715 927 754 ebenfalls
947 712 1046 767 (631
1070 716 1244 754 schreibt
1264 729 1306 754 er
1323 718 1498 756 intentus
1510 719 1651 765 poenis

119 773 215 812 dum
233 775 355 812 noxia
373 784 536 821 corpora
554 776 702 821 servat3
726 772 809 809 also
830 773 895 810 ein
915 772 1200 820 passionierter
1219 772 1428 823 henker!);
1460 774 1651 812 vielmehr

118 830 174 868 ist
191 829 255 868 die
275 841 398 880 ganzo
418 829 533 868 stelle
554 829 642 867 eine
662 827 920 868 versificierte
940 830 1052 866 treue
1072 829 1382 879 umschreibung
1405 841 1482 868 von
1502 828 1581 868 Cic.
1602 831 1649 868 in

126 885 284 925 Verrem
299 885 376 936 V§
394 885 709 933 118ff.patres
727 885 768 923 hi
786 896 881 932 quos
900 885 1037 923 videtis
1056 885 1291 924 iacebant
1310 887 1354 924 in
1374 886 1546 925 limine
1564 887 1650 934 i'JJso

119 945 398 991 matresque
416 943 580 981 miserae
594 941 960 990 pernoctabant
979 941 1032 980 ad
1051 942 1192 979 ostium
1212 943 1389 988 carceris,
1411 942 1462 980 ab
1483 945 1651 981 extremo

118 1002 320 1048 conspectu
339 999 549 1038 liberorum
568 998 755 1044 exclusae,
778 1009 877 1046 quae
896 998 996 1036 nihil
1015 997 1125 1036 aliud
1139 997 1307 1036 orabant
1325 999 1406 1037 nisi
1419 1002 1463 1037 ut
1475 999 1649 1046 filiorum

117 1066 319 1095 suorum
345 1057 646 1104 postremum
679 1055 912 1102 spiritum
946 1065 1024 1092 ore
1057 1055 1280 1102 excipere
1313 1055 1452 1093 liceret.
1510 1055 1649 1094 aderat

117 1113 311 1151 ianitor
337 1113 579 1158 carceris,
608 1110 838 1157 carnifex
858 1111 1055 1158 praetoris
1076 1139 1086 1148 .
1112 1140 1120 1148 .
1142 1111 1206 1149 cui
1226 1122 1272 1149 ex
1291 1112 1398 1149 omni
1414 1113 1562 1159 yemitu
1582 1111 1647 1150 do-

118 1168 269 1217 loroque
294 1171 426 1207 certa
452 1179 631 1206 merces
658 1167 972 1215 comparabatur.
1021 1167 1079 1205 ‘ut
1107 1167 1243 1215 adeas,
1266 1170 1421 1205 tantum
1441 1168 1573 1215 dabis;
1603 1170 1650 1206 ut

115 1224 188 1263 tibi
213 1225 343 1263 cibum
367 1226 619 1272 vestitumque
644 1225 749 1262 intro
780 1223 883 1270 ferre
909 1224 1039 1269 liceat,
1071 1223 1255 1263 tantum.'
1296 1235 1409 1262 nemo
1428 1224 1646 1262 recusabat.

117 1281 254 1329 ‘quid.2
291 1283 336 1319 ut
362 1292 443 1319 ano
471 1282 567 1319 ictu
593 1281 781 1319 securis
807 1282 967 1318 mortem
984 1279 1065 1326 filio
1085 1282 1151 1318 tuo
1171 1279 1369 1328 adferam,
1391 1280 1486 1327 quid
1504 1281 1649 1318 dabis?

115 1348 166 1376 rae
189 1337 260 1376 dia
289 1337 508 1376 crucietur?
561 1348 611 1375 ne
636 1337 792 1384 saepius
816 1335 1012 1382 feriatur?
1041 1364 1050 1373 .
1081 1364 1090 1373 .
1117 1336 1233 1374 etiam
1269 1336 1315 1374 ob
1351 1336 1453 1374 hanc
1486 1347 1648 1375 causam

108 1394 283 1442 pecunia
308 1394 433 1432 lictori
451 1393 623 1432 dabatur
643 1423 652 1431 .
672 1423 680 1431 .
701 1404 835 1431 verum
854 1395 986 1430 tamen
1004 1402 1109 1430 mors
1127 1392 1178 1430 sit
1198 1395 1430 1430 extremum:
1459 1404 1541 1431 non
1561 1394 1645 1431 erit.

119 1453 223 1489 estne
249 1450 400 1498 aliqwid
426 1450 532 1488 ultra
561 1461 635 1497 quo
664 1449 872 1488 crudelitas
892 1448 1078 1496 proyredi
1097 1449 1250 1496 possit?
1287 1450 1511 1497 reperietur.
1551 1461 1648 1488 nam

114 1506 292 1552 illorum,
313 1518 402 1545 cum
421 1508 536 1544 erunt
554 1506 682 1544 secwri
694 1506 872 1553 percussi
891 1516 938 1543 ac
955 1505 1102 1550 necati,
1123 1516 1285 1552 corpora
1303 1505 1399 1551 feris
1418 1505 1645 1544 obicientur.

114 1563 185 1602 hoc
211 1564 246 1602 si
272 1563 488 1602 luctuosum
517 1565 571 1600 est
592 1562 846 1610 parentibus,
873 1561 1068 1599 redimant
1088 1562 1252 1608 pretio
1279 1562 1486 1608 sepeliendi
1505 1565 1648 1609 pote-

115 1621 293 1658 statem
313 1649 322 1657 .
343 1648 352 1656 .
371 1646 380 1654 .
402 1630 484 1657 non
497 1619 636 1666 palam
655 1619 877 1656 vivorum
896 1617 1080 1664 funera
1101 1617 1359 1655 locabantur?
1389 1617 1451 1656 die
1471 1630 1551 1655 von
1571 1617 1647 1654 mir

115 1675 312 1725 gewfihlte
339 1675 505 1724 fassung
533 1686 611 1712 von
639 1687 675 1714 v.
700 1674 795 1712 626.
819 1674 897 1711 627
930 1673 1029 1711 wird
1052 1672 1176 1710 durch
1205 1673 1311 1712 diese
1332 1673 1446 1711 stelle
1466 1673 1648 1723 hinliing·

114 1731 194 1771 lich
213 1731 528 1782 gerechtfertigt.

229 1786 266 1824 V
288 1788 368 1826 646
389 1788 486 1825 nixa
502 1798 608 1836 yenu
627 1787 768 1834 species
787 1785 845 1824 vel
867 1783 990 1823 Graio
1010 1785 1167 1823 nomine
1187 1785 1291 1823 dicta

388 1844 606 1892 enyonasin
626 1841 875 1892 (quicumque
894 1842 985 1879 latet
1004 1841 1076 1879 sub
1097 1842 1263 1890 oriyine‚
1286 1837 1455 1894 constat)

385 1900 519 1938 dextra
531 1910 607 1947 per
626 1902 814 1937 extremos
832 1898 969 1936 attollit
988 1898 1141 1935 lumina
1154 1899 1294 1945 pisces.

119 1955 358 1994 willkiirlich
393 1958 495 1994 setzt
521 1955 646 1993 Jacob
674 1955 716 1992 in
743 1967 780 1993 v.
806 1955 886 1992 646
916 1954 973 1992 vel
1005 1955 1104 1991 statt
1132 1956 1166 1991 et
1196 1951 1274 2003 (o):
1312 1953 1414 1991 doch
1445 1953 1549 1991 wohl
1579 1966 1646 1991 um

117 2013 354 2062 emanas-in,
385 2011 454 2050 das
482 2011 727 2061 griechische
755 2013 858 2048 wort
885 2023 932 2047 zu
960 2012 1133 2047 stiitzen.
1182 2021 1263 2047 wer
1283 2012 1318 2047 et
1338 2009 1519 2054 festhfflt,
1539 2009 1646 2047 kann

117 2068 258 2107 dessen
279 2068 510 2115 entbehren,
533 2067 607 2106 wie
628 2080 670 2105 es
691 2067 750 2105 zb.
774 2066 813 2104 II
836 2067 916 2105 909
939 2066 1032 2104 deus
1052 2066 1113 2104 ille
1133 2066 1236 2104 locus
1253 2066 1326 2104 sub
1346 2067 1503 2104 nomine
1523 2064 1650 2104 Graio

117 2125 261 2164 dicitur
281 2124 394 2164 fehlt.
443 2136 526 2162 nun
554 2124 609 2162 ist
628 2124 670 2161 in
692 2124 772 2162 646
794 2135 871 2161 nur
892 2123 962 2159 der
983 2122 1135 2160 schlusz
1155 2122 1228 2160 sub
1248 2123 1398 2170 oriyine
1417 2125 1564 2160 constat
1586 2121 1648 2170 (o)

117 2181 295 2230 bezeugt.
329 2180 392 2218 die
409 2182 540 2218 ersten
561 2182 686 2218 worte
706 2179 863 2218 lauten:
887 2182 920 2217 et
939 2190 1060 2216 comes
1074 2179 1270 2227 inynicola
1284 2179 1389 2216 vides
1404 2177 1451 2227 G,
1469 2182 1503 2216 et
1518 2190 1648 2216 comas

117 2237 291 2286 fynicwla
318 2237 424 2275 vides
445 2235 563 2274 CV1.
603 2236 667 2274 die
694 2236 820 2274 lesart
846 2235 910 2273 bei
930 2234 1054 2273 Jacob
1076 2234 1130 2272 ist
1150 2234 1262 2272 nicht
1282 2247 1327 2271 zu
1350 2234 1559 2272 verstehen
1582 2233 1650 2283 (er

117 2294 208 2343 sagi:
235 2293 424 2331 dan-fiber:
462 2291 627 2331 ‘constat
653 2304 800 2330 nomen
829 2295 868 2330 et
900 2290 1169 2336 constellatio,
1207 2290 1444 2339 quicumque
1481 2293 1542 2328 est
1570 2290 1644 2328 sub

119 2349 272 2399 origine
298 2344 480 2396 latens').
527 2347 692 2387 Stoeber
721 2348 790 2386 hat
809 2351 939 2386 zuerst
959 2347 1022 2384 die
1042 2347 1127 2395 lyra
1149 2345 1278 2395 (fides)
1300 2346 1341 2383 in
1363 2347 1511 2384 diesem
1532 2358 1646 2384 verse

115 2405 321 2453 entdeckt,
351 2404 498 2443 welche
524 2405 626 2443 doch
654 2404 801 2442 bereits
830 2404 932 2442 oben
961 2416 998 2440 v.
1021 2403 1102 2440 325
1134 2402 1232 2439 bzw.
1257 2415 1293 2441 v.
1315 2403 1399 2440 410
1427 2402 1644 2440 behandelt

113 2462 180 2500 ist.
210 2461 407 2500 Firmicus
427 2473 461 2500 c.
482 2462 531 2499 17
554 2464 663 2510 sagt:
686 2462 812 2499 oritur
830 2460 1075 2509 inqeniculus
1095 2460 1161 2506 qui
1181 2470 1207 2497 a
1229 2457 1389 2497 Graecis
1405 2455 1449 2495 ἐν
1466 2456 1645 2496 Γόνασιν

116 2517 277 2556 dicitur:
305 2517 392 2555 hier
411 2516 540 2555 haben
562 2517 635 2554 wir
655 2517 717 2554 die
740 2516 870 2566 quelle
891 2517 960 2554 der
980 2515 1212 2553 verderbnis
1232 2515 1275 2552 in
1297 2515 1400 2552 647:
1423 2515 1510 2553 eine
1531 2515 1644 2552 rand·

116 2573 249 2623 glosse
269 2574 458 2622 enyonasi
475 2574 721 2622 inqeniculus
740 2573 795 2611 ist
815 2573 856 2610 in
877 2572 954 2610 den
975 2573 1061 2609 text
1080 2571 1329 2620 gekommen.
1362 2583 1441 2608 was
1465 2571 1526 2608 die
1548 2571 1640 2608 letz-

115 2633 186 2667 ten
213 2631 338 2667 worte
365 2628 535 2676 betrifft,
564 2641 607 2667 so
635 2629 743 2667 steht
771 2630 841 2667 der
868 2628 1028 2677 mythus
1050 2623 1194 2678 (oriyo)
1217 2626 1284 2665 des
1305 2628 1425 2665 nixus
1443 2639 1515 2676 gar
1533 2626 1644 2664 nicht

116 2684 209 2724 fest.
255 2685 354 2724 nioea
379 2686 483 2723 venit
501 2687 642 2733 species
657 2686 823 2734 yenibus
842 2685 918 2723 sibi
938 2685 1091 2723 conscia
1111 2695 1251 2722 causae
1271 2686 1361 2731 sagt
1381 2683 1484 2720 Man.
1506 2682 1526 2720 I
1548 2682 1644 2730 315,

116 2741 197 2790 vgl.
219 2740 405 2790 Hyginus
433 2744 579 2780 astron.
606 2741 627 2778 I
649 2742 692 2789 6,
718 2742 769 2779 15
802 2736 981 2793 (Bunte).
1031 2740 1104 2778 wie
1134 2739 1196 2777 die
1226 2741 1347 2776 worte
1376 2739 1416 2775 in
1440 2737 1508 2775 der
1527 2738 1648 2775 rand—

116 2797 248 2847 glosse
268 2796 447 2846 gelantet
465 2797 595 2835 haben
616 2810 662 2835 zu
682 2800 887 2837 vermuten
908 2801 1012 2834 ware
1032 2796 1196 2843 mfiszig.

230 2853 262 2888 V
286 2853 367 2891 652
390 2855 434 2892 in
447 2856 668 2902 praerupta
689 2854 797 2892 dabit
815 2853 987 2892 studium
1008 2851 1213 2898 vendetque
1228 2850 1370 2897 periclo

389 2910 605 2958 incenium,
627 2922 675 2948 ac
693 2911 819 2948 tenuis
840 2920 962 2947 ausus
981 2908 1066 2946 sine
1086 2907 1204 2944 limite
1220 2916 1380 2954 qressus
