1910 3250
950 202 1198 244 ...6.-

324 336 453 373 torem
480 329 682 381 dixerunt,
723 327 971 383 Scaliger
1011 333 1050 368 et
1088 325 1381 368 Bentleius
1419 331 1460 368 et
1497 325 1815 381 Pingreus1)

325 398 515 452 Augusto
555 395 737 452 principe
775 401 904 436 totum
940 408 1114 446 carmen,
1158 393 1266 449 quod
1309 399 1452 444 exstat,
1499 393 1691 449 scriptum
1729 407 1816 435 esse

325 470 578 507 censuerunt.
647 462 878 505 Bentleium
907 468 1041 503 autem
1080 461 1120 502 in
1159 461 1227 513 eis,
1270 475 1373 516 quae
1403 461 1453 501 de
1475 461 1815 502 substantivorum

326 532 366 573 in
406 535 472 573 ius
510 537 550 573 et
586 534 672 572 ium
715 529 995 581 desinentium,
1051 528 1196 584 quibus
1229 528 1355 569 utitur
1394 527 1595 581 Manilius,
1636 528 1815 584 genet-ivi

327 600 457 641 forma
496 598 702 650 iudicavit,
747 597 798 638 ab
840 610 975 638 errore
1012 595 1177 637 minime
1207 595 1405 636 munitum
1447 595 1568 637 fuisse
1607 610 1738 652 neque
1767 595 1818 637 de

327 673 459 709 aetate
487 672 630 722 poetae
661 665 773 706 illinc
803 664 1024 720 quidquam
1061 662 1243 705 concludi
1271 677 1399 719 posse,
1439 662 1479 703 id
1506 664 1685 704 omnium
1711 677 1819 704 nunc

331 749 412 776 uno
443 747 638 776 consensu
659 738 835 788 putatur.
847 733 881 786 2)
928 733 966 773 Is
989 745 1163 787 quoque,
1190 730 1325 787 quide
1351 730 1526 772 Bentleii
1548 730 1629 771 vita
1650 729 1818 787 scripsit,

326 803 376 846 R.
409 801 456 845 C.
488 799 518 842 J
531 800 671 854 ebb3)
712 799 852 842 deesse
891 799 995 840 dixit
1023 813 1174 851 causas,
1216 813 1287 839 cur
1316 813 1388 840 suo
1417 797 1506 854 quis
1535 797 1622 840 iure
1650 803 1820 853 negaret

329 883 469 912 omnes
508 867 805 910 astronomicon
850 867 972 909 libros
1021 866 1126 908 inter
1170 880 1321 907 annum
1361 880 1511 907 nonum
1551 871 1592 907 et
1630 871 1818 921 quartum

329 937 532 979 decimum
574 935 639 977 vel
678 934 921 991 compositos
959 934 1025 975 vel
1069 933 1252 975 redactos
1293 947 1379 975 esse
1424 932 1463 974 in
1503 947 1592 975 eam
1634 934 1818 986 sormam,

331 1019 451 1061 quam
474 1018 546 1045 nos
567 1003 773 1044 habemus.
804 1001 886 1045 Sed
909 1001 939 1044 J
950 1001 1148 1043 acobus
1181 1006 1372 1056 quattuor
1401 1001 1554 1056 priores
1582 1000 1706 1042 libros
1733 1000 1820 1041 Au-

328 1072 437 1128 gusti
466 1071 586 1112 aetati
608 1070 775 1123 addixit,
808 1070 993 1126 quintum
1014 1069 1088 1109 sub
1110 1068 1273 1110 Tiberio
1294 1068 1559 1124 compositum
1589 1081 1721 1123 neque
1750 1067 1817 1108 ab·

327 1139 503 1182 solutum
535 1152 622 1180 esse
642 1144 752 1179 ratus
773 1144 845 1181 est.
857 1138 887 1191 ⁴)
928 1136 1041 1178 Idem
1073 1136 1221 1192 placuit
1251 1135 1294 1176 M
1306 1135 1524 1179 erkelio.
1557 1135 1622 1177 Ac
1637 1133 1822 1176 similiter
1885 1176 1891 1178 .

328 1222 433 1248 anno
467 1206 571 1249 1881
607 1205 884 1261 Woltjer5)
922 1203 1134 1245 Manilium
1167 1203 1343 1258 Augusti
1382 1217 1510 1258 regno
1541 1208 1716 1244 exeunte
1759 1202 1819 1257 (et

329 1273 483 1316 Tiberii
505 1274 669 1315 ineunte
691 1273 875 1325 fortasse)
895 1271 1078 1314 floruisse
1094 1272 1243 1314 statuit.
1266 1293 1308 1299 -
1333 1270 1419 1311 Has
1436 1270 1643 1326 opiniones
1666 1269 1820 1326 primus

329 1342 593 1383 Lachman
608 1356 633 1382 n
647 1341 746 1395 usss)
763 1341 804 1381 in
821 1340 990 1382 dubium
1011 1339 1170 1381 vocavit
1186 1346 1308 1394 atque
1333 1352 1472 1380 omnes
1500 1337 1622 1379 libros
1643 1345 1822 1379 astrono-

334 1410 467 1452 micon
498 1415 589 1466 post
618 1408 831 1452 Octaviani
854 1415 1025 1450 mortem
1049 1407 1249 1449 confectos
1271 1420 1357 1448 esse
1387 1404 1609 1463 proposuit,
1641 1404 1704 1446 cui
1732 1418 1820 1446 sen-

330 1477 500 1531 tentiae,
551 1492 673 1534 quam
717 1476 839 1518 etiam
879 1475 1126 1531 Bernhardy
1162 1475 1203 1515 in
1243 1473 1337 1518 hist.
1377 1474 1452 1518 litt.
1495 1473 1613 1515 Rom.
1653 1471 1818 1528 quintae

330 1545 519 1587 editionis
559 1546 617 1595 (a.
652 1544 778 1598 1872)
817 1559 855 1600 p.
895 1543 980 1585 552
1017 1542 1211 1599 sequitur,
1256 1542 1371 1584 novis
1410 1539 1658 1597 argumentis
1697 1538 1820 1580 fidem

332 1615 465 1656 facere
486 1613 765 1655 dissertatione
784 1627 907 1668 supra
927 1611 1048 1652 citata
1071 1616 1234 1653 conatus
1255 1616 1316 1652 est
1335 1609 1582 1652 Bertholdus
1609 1607 1730 1649 Frei
1743 1622 1820 1650 er,

331 1696 411 1738 qua
441 1687 481 1723 et
504 1680 579 1722 sibi
607 1687 647 1722 et
676 1681 724 1732 ei,
756 1679 886 1735 quiin
918 1678 1106 1720 Bursiani
1133 1678 1338 1719 annalium
1369 1676 1466 1719 tomi
1496 1677 1564 1718 22.
1597 1691 1632 1732 p.
1659 1675 1740 1716 172
1759 1690 1820 1731 sq.

329 1764 418 1792 eam
448 1747 650 1800 indicavit,
685 1747 724 1788 in
754 1746 1045 1803 probabilitatis
1082 1746 1257 1802 speciem
1295 1744 1500 1799 redegisse
1527 1744 1688 1786 videtur
1713 1757 1820 1785 com·

330 1817 505 1874 positum
536 1830 622 1858 esse
651 1815 799 1857 librum
827 1815 849 1856 Ι
877 1814 964 1856 sive
994 1814 1148 1856 Romae
1177 1813 1262 1854 sive
1290 1814 1328 1854 in
1358 1812 1500 1868 Illyria
1529 1827 1565 1856 a.
1594 1810 1646 1855 U.
1669 1810 1718 1854 C.
1739 1811 1821 1853 770

330 1887 498 1928 fortasse
529 1890 718 1937 exeunte,
738 1883 791 1924 211
813 1883 964 1925 maiore
985 1897 1038 1925 ex
1066 1888 1182 1938 parte
1207 1888 1246 1924 et
1267 1881 1333 1922 ΙΙΙ
1362 1895 1436 1937 per
1463 1895 1499 1923 a.
1523 1881 1602 1922 771
1634 1879 1676 1921 in
1705 1878 1820 1936 Asia,

467 2011 492 2052 ¹)
517 2011 538 2042 1.
563 2011 586 2042 l.
609 2008 844 2042 introduction
868 2020 901 2050 p.
928 2008 1013 2042 VII:
1063 2007 1225 2040 Manilius
1259 2006 1402 2040 ecrivait
1431 2016 1509 2040 sous
1534 2006 1706 2049 Auguste3
1740 2004 1823 2038 o’est

329 2079 398 2102 une
422 2067 530 2101 verite
554 2066 615 2109 qui
640 2066 728 2098 n‘est
752 2066 829 2107 plus
852 2065 1022 2107 revoquee
1047 2075 1090 2097 en
1116 2065 1228 2096 doute.

465 2125 494 2163 2)
520 2124 662 2155 Praeter
685 2123 815 2155 Nouii
840 2122 1066 2154 clarissimum
1092 2121 1216 2153 librum
1242 2120 1284 2152 ef.
1309 2120 1351 2152 de
1375 2120 1439 2151 hae
1462 2129 1519 2153 re:

465 2182 529 2213 Fr.
555 2181 694 2213 Jacob
720 2179 763 2212 de
787 2179 832 2211 Μ.
857 2179 1002 2211 Manilio
1027 2182 1138 2220 poeta.
1162 2187 1273 2220 progr.
1299 2177 1425 2211 Labeo.
1451 2177 1550 2208 1832.
1573 2185 1607 2217 p.
1633 2176 1686 2207 10.

467 2238 506 2269 Β.
531 2236 689 2269 Freier
713 2236 755 2267 de
776 2235 821 2267 M.
847 2235 980 2266 Manilii
1006 2244 1098 2276 quae
1123 2235 1275 2266 feruntur
1297 2233 1547 2266 astronomioon
1571 2234 1694 2264 aetate.
1738 2229 1821 2264 Got-

329 2294 446 2336 tingae
473 2293 570 2328 1880.
597 2304 629 2335 p.
655 2293 698 2324 44
723 2295 756 2324 et
779 2292 835 2324 45.

465 2349 538 2382 Λᾶ.
563 2349 744 2382 Cramer
775 2348 818 2380 de
843 2348 978 2380 Manilii
1010 2347 1069 2389 qui
1093 2346 1221 2379 dicitur
1244 2345 1446 2378 elocutione.
1478 2343 1696 2386 Argentorati
1724 2343 1821 2375 1882.

331 2418 365 2449 p.
389 2408 421 2439 5.
445 2410 514 2439 not.
542 2407 571 2438 1.

467 2463 503 2497 J.
527 2461 720 2502 Woltjer
745 2460 787 2493 de
811 2460 956 2494 Manilio
980 2463 1090 2503 poeta.
1114 2469 1225 2502 progr.
1250 2457 1413 2500 Groning.
1439 2458 1539 2490 1881.
1563 2467 1596 2499 p.
1619 2458 1674 2491 25.

466 2519 492 2558 3)
517 2518 558 2550 R.
583 2518 621 2550 G.
645 2518 668 2550 J
677 2518 756 2550 ebb
782 2516 932 2549 Richard
957 2516 1117 2558 Bentley,
1142 2515 1220 2547 eine
1247 2513 1465 2557 Biographie‚
1496 2513 1667 2546 iibersetzt
1689 2523 1755 2546 von
1780 2512 1820 2546 E.

331 2575 531 2616 wemer,
556 2574 671 2606 Berlin
699 2574 797 2614 1885,
823 2573 858 2607 S.
885 2574 959 2605 139.

465 2630 493 2673 ⁴>
517 2631 554 2663 in
579 2639 660 2662 suae
682 2629 765 2662 edit.
782 2629 907 2671 praef.;
925 2628 1016 2661 idem
1035 2638 1149 2670 progr.
1167 2628 1298 2662 Lubeo.
1317 2627 1402 2660 1835
1428 2636 1462 2668 p.
1481 2627 1525 2659 29
1541 2626 1664 2660 librum
1681 2626 1730 2658 lv
1746 2627 1823 2668 post

329 2688 479 2732 Augusti
502 2690 643 2720 mortem
668 2687 828 2728 seriptum
853 2695 926 2719 esse
950 2687 1139 2728 putaverat.

467 2745 493 2784 ⁵)
518 2743 542 2777 l.
565 2743 589 2776 l.
613 2753 670 2786 pp.
693 2743 838 2775 20-25.

465 2801 492 2841 θ)
518 2810 573 2842 op.
597 2799 680 2832 min.
703 2799 720 2831 1
745 2797 891 2833 42-44.
