1936 3392
395 335 448 376 36

395 464 520 505 quam
557 450 711 505 (Nunq)
745 451 870 492 frixei
915 475 966 480 —
1013 451 1107 491 306.
1138 450 1214 505 ibi]
1247 451 1328 492 sibi
1372 477 1425 481 —
1471 453 1565 494 309.
1595 452 1664 494 Illi
1693 467 1744 494 ea:
1771 452 1851 494 Illa

392 534 494 562 corr.
520 534 588 575 pr.
618 534 673 561 m.
714 545 766 550 —
805 519 1054 574 iunguntur]
1089 521 1317 574 iungantur
1352 547 1401 552 —
1435 523 1529 562 310.
1559 522 1738 576 foedere]
1768 522 1850 564 fae-

393 591 489 631 dere
521 615 574 619 —
608 591 702 631 313.
734 594 962 631 autumnus
992 604 1042 630 ex
1071 591 1284 632 autumnis
1313 604 1414 631 corr.
1440 605 1508 645 pr.
1538 605 1613 644 m,
1644 595 1849 646 eoepmwto

392 661 407 700 1
444 663 482 701 et
510 674 713 714 superscr.
747 674 775 700 u
814 685 866 689 -—
907 661 1001 700 314.
1033 659 1216 713 Phoebo]
1247 660 1381 714 phebo
1420 685 1474 690 ——
1514 662 1608 702 315.
1639 661 1848 715 Phoebus]

391 730 551 784 phebus
583 755 636 759 -—
671 730 765 770 316.
791 728 1072 783 Litoreumne]
1098 728 1378 770 Littoreumve
1411 755 1464 759 —
1499 731 1592 771 317.
1617 730 1847 785 Sideribus]

391 799 621 851 Syderibus
653 824 706 829 ——
740 798 933 853 quatuor]
967 802 1163 852 quattuor
1199 824 1252 828 ——
1291 800 1384 840 318.
1418 799 1686 854 quamquam]
1719 812 1850 854 quan-

393 882 518 922 quam
550 894 603 898 -—
635 870 710 910 tris
740 869 851 910 inest
883 893 937 899 —
971 870 1064 909 319.
1098 868 1321 922 Obliquus]
1355 868 1558 923 Obliquos
1589 894 1643 899 ——-
1677 870 1771 911 324.
1797 870 1849 911 ad

391 938 612 992 extremos]
657 938 708 979 ab
749 941 965 993 (superscr.
997 952 1065 992 pr.
1103 952 1157 979 m.
1195 938 1262 979 vel
1299 939 1364 992 ad)
1408 942 1593 980 extremo
1630 941 1846 994 (superscr.

383 1022 452 1062 pr.
483 1022 538 1049 m.
577 1008 643 1049 vel
680 1009 738 1061 os)
776 1009 1047 1062 praeverteris
1083 1007 1197 1062 axes]
1231 1009 1503 1062 praeveoteris
1533 1021 1611 1050 axe
1653 1034 1707 1039 —
1752 1010 1846 1051 325.

389 1077 550 1132 regens]
581 1078 735 1132 gradus
773 1102 827 1107 —
865 1079 958 1118 326.
992 1077 1148 1132 orbem]
1181 1078 1278 1119 orbe
1310 1103 1362 1107 —
1397 1079 1491 1120 327.
1522 1079 1568 1119 in
1597 1078 1771 1134 mundo]
1801 1079 1847 1120 in

389 1162 467 1189 om.
500 1173 554 1177 —
586 1148 639 1188 ad
669 1147 804 1202 omne]
837 1147 887 1188 ab
919 1148 1034 1188 omni
1065 1172 1119 1176 —
1153 1149 1247 1189 328.
1274 1147 1538 1203 conscendes]
1570 1149 1766 1190 consedes
1791 1173 1845 1179 —

391 1219 485 1258 329.
516 1217 766 1272 Degrediere
796 1218 908 1259 inest
938 1243 992 1247 —
1027 1219 1120 1258 331.
1153 1217 1384 1272 inclinabit]
1416 1218 1634 1259 inclinavit
1664 1243 1718 1248 -—
1751 1219 1846 1260 332.

389 1287 521 1328 limite
550 1287 678 1341 recto]
710 1288 857 1328 limitis
889 1291 978 1328 octo
1011 1312 1065 1316 -—
1105 1289 1199 1328 333.
1231 1287 1388 1342 Sidera]
1421 1287 1577 1340 Sydera
1607 1313 1661 1318 —-
1693 1288 1848 1330 ducen-

389 1356 472 1411 tur]
505 1357 719 1398 ducuntur
750 1383 803 1387 —
838 1359 931 1399 335.
964 1359 1086 1398 statio
1113 1357 1294 1412 quando]
1320 1359 1452 1412 spatio
1478 1358 1645 1412 quando
1677 1383 1731 1388 —-
1762 1371 1848 1399 una

387 1426 462 1481 est]
491 1441 618 1468 unam
643 1429 756 1480 (una)
783 1431 845 1468 est
874 1453 928 1456 —
963 1429 1056 1468 337.
1082 1427 1181 1481 iam]
1207 1440 1284 1468 neo
1316 1452 1369 1458 —-
1403 1429 1497 1468 338.
1523 1427 1673 1482 sidera]
1699 1427 1846 1480 sydera

389 1498 483 1538 342.
515 1498 561 1538 in
592 1497 703 1538 orbis
732 1498 843 1538 inest
874 1522 927 1527 —
962 1499 1055 1538 343.
1089 1510 1195 1551 quae
1227 1497 1437 1552 effulgent]
1470 1510 1576 1552 quae
1605 1498 1766 1552 fulgent
1789 1523 1844 1528 —

386 1567 433 1607 in
463 1567 646 1621 umbras]
678 1568 724 1608 in
753 1567 916 1608 umbris
953 1592 1006 1597 —
1045 1569 1139 1608 344.
1173 1567 1354 1621 quando]
1388 1571 1542 1621 quanto
1575 1591 1626 1597 —-
1661 1569 1756 1609 345.
1787 1568 1846 1610 of-

385 1636 549 1690 ficiunt]
576 1632 976 1678 efficiunt-3346.
1004 1636 1119 1690 ortis]
1147 1641 1263 1678 ortus
1289 1662 1343 1666 —
1372 1638 1466 1678 347.
1491 1637 1705 1692 membris]
1730 1650 1845 1679 men-

385 1706 473 1748 bris
511 1731 563 1736 --
605 1709 699 1748 348.
731 1706 909 1760 trahent]
942 1707 1077 1747 trahet
1115 1731 1167 1735 —
1205 1706 1410 1761 connexo]
1442 1719 1627 1748 convexo
1657 1721 1718 1748 an
1747 1720 1844 1748 eon-

388 1777 524 1817 nexo?
551 1802 605 1806 —
633 1778 727 1818 352.
754 1777 881 1831 partis
904 1777 1015 1818 inest
1040 1801 1094 1805 —
1122 1778 1216 1817 353.
1244 1775 1521 1829 Quaerentur,
1545 1776 1683 1818 medio
1709 1780 1844 1818 terrae

385 1846 516 1887 celata
545 1846 721 1901 tumore]
755 1845 1024 1895 Quaeruntur
1052 1846 1190 1887 medio
1222 1850 1403 1900 tempore
1433 1846 1587 1887 caelata
1614 1847 1763 1888 timore
1787 1871 1842 1876 ——

386 1917 481 1957 354.
518 1915 840 1970 Abduoentque]
873 1916 1179 1970 Adduoentque
1216 1941 1270 1945 -
1309 1915 1541 1970 Phoebum]
1572 1916 1757 1970 phebum
1789 1941 1842 1947 —

387 1987 480 2026 355.
513 1985 680 2040 ereptis]
710 1987 869 2040 eruptis
900 2011 954 2015 —
988 1987 1082 2027 359.
1109 1985 1259 2040 Prona]
1286 1986 1443 2038 Prima,
1473 1994 1676 2041 superscr'.
1696 1999 1765 2041 pr.
1786 1999 1842 2027 m.

383 2056 449 2097 vel
474 2056 612 2097 Prona
637 2055 760 2108 (‹Pna)
793 2081 846 2085 —-
877 2055 1125 2109 Lycaoniae]
1157 2056 1382 2097 licaonioae
1414 2081 1468 2085 —
1500 2055 1698 2111 membra]
1726 2069 1843 2098 men-

384 2125 458 2166 bra
489 2150 542 2156 —ss-
577 2126 671 2167 361.
697 2125 851 2179 curret]
878 2126 1010 2167 currit
1036 2150 1089 2154 ——
1118 2126 1211 2166 362.
1238 2125 1453 2180 patebunt]
1480 2125 1640 2180 patebit
1665 2150 1718 2156 —
1746 2126 1840 2167 364.

383 2195 546 2250 inclini]
584 2196 733 2236 acelini
773 2220 826 2224 —-
866 2196 959 2236 367.
998 2195 1205 2249 Phoebus]
1243 2196 1404 2249 phebus
1441 2221 1495 2225 -—
1535 2196 1629 2237 369.
1666 2195 1841 2250 visetur]

383 2270 571 2307 versatur
607 2290 660 2294 —
701 2266 794 2306 371.
833 2264 981 2318 sidera]
1019 2265 1168 2317 sydera
1205 2290 1258 2294 -—
1300 2266 1394 2306 373.
1425 2265 1629 2320 tenebras]
1661 2265 1842 2326 tenebris

383 2361 438 2365 —-
471 2336 565 2376 375.
606 2347 628 2375 e
658 2334 759 2388 toto]
791 2339 832 2376 et
862 2338 947 2375 toto
986 2359 1039 2364 ——-
1077 2335 1247 2376 rotundi
1277 2335 1388 2376 inest
1424 2360 1478 2364 ——
1518 2336 1612 2376 378.
1635 2321 1840 2389 ποῖ-156]

382 2405 433 2446 ab
465 2418 535 2446 ore
572 2429 626 2434 —
666 2405 760 2446 379.
792 2404 999 2458 Phoebus]
1032 2405 1192 2458 phebus
1230 2430 1283 2434 —
1324 2406 1418 2446 381.
1451 2404 1681 2459 Sideribus]
1713 2403 1841 2458 Syde—

381 2475 498 2516 ribus
541 2500 594 2504 —
641 2476 735 2516 382.
773 2474 871 2515 inde
906 2473 1027 2527 redit]
1064 2475 1176 2515 unde
1205 2475 1312 2529 regit
1354 2499 1408 2504 —
1451 2474 1552 2516 Post
1580 2488 1617 2515 v.
1645 2475 1735 2516 384
1762 2487 1839 2515 ser.

375 2559 444 2599 pr.
474 2559 553 2585 m„-
587 2557 770 2592 QVOMODO
800 2557 842 2584 m
873 2557 967 2584 omn
997 2557 1271 2585 INCLINATIONE
1300 2557 1428 2585 MVNDI
1459 2557 1558 2585 opvs
1585 2557 1838 2585 mvmuvn.

383 2639 437 2643 —
476 2615 570 2655 385.
603 2613 775 2668 quanto]
809 2615 955 2667 quinto
999 2639 1052 2643 —
1099 2613 1289 2738 ψ
1309 2614 1463 2668 quibus
1491 2614 1603 2655 inest
1645 2637 1699 2644 -—
1744 2614 1839 2655 387.

382 2683 506 2738 Quot]
545 2683 666 2732 Quod
704 2682 797 2737 (Qd)
836 2708 889 2712 —
928 2684 1158 2738 cedantque
1178 2695 1182 2699 ·
1205 2684 1461 2738 caedantque
1501 2709 1555 2713 —
1595 2685 1688 2725 389.
1719 2684 1840 2724 horo-

381 2767 526 2808 soopos
550 2754 662 2796 inest
686 2778 741 2783 —-
767 2753 888 2807 erret]
914 2753 1052 2794 herret
1077 2778 1130 2783 —
1164 2755 1258 2795 395.
1284 2754 1363 2795 hoo
1385 2754 1492 2808 parti
1516 2752 1736 2808 terrarum]
1761 2753 1840 2794 hoc

378 2827 495 2878 parte
532 2828 735 2865 terrarum
773 2848 826 2853 —
867 2825 961 2864 398.
999 2823 1139 2878 fuerit]
1170 2824 1328 2865 fuerint
1365 2848 1418 2852 ——
1457 2823 1558 2864 Post
1586 2837 1621 2864 v.
1650 2824 1743 2864 399
1769 2837 1834 2864 se-

379 2897 576 2948 quuntur
609 2893 676 2934 lib.
702 2893 779 2935 IV
801 2907 864 2934 vv.
889 2895 1125 2944 10-313‚-
1163 2894 1263 2935 dein
1293 2894 1316 2935 l.
1342 2893 1436 2946 III,
1467 2906 1530 2934 vv.
1554 2894 1649 2934 400
1664 2906 1750 2948 sqq.
1782 2916 1833 2922 —
