1930 3320
898 267 1174 310 ...ὃὸ-.-

295 394 475 439 Romani
499 387 760 450 temporibus
782 393 1067 435 videturesse
1090 387 1369 447 compositum
1395 382 1450 444 1>);
1482 382 1602 433 cuius
1624 379 1772 434 versus

297 466 421 521 primi
452 464 614 506 exitum

437 531 573 579 Luna,
602 529 720 569 decus
747 527 902 578 mundi,
932 527 1104 581 mayni
1128 539 1257 579 pars
1286 528 1500 568 maoeima
1530 528 1658 569 caeli

299 612 430 653 multo
459 609 598 665 aptius
622 622 746 662 quam
766 608 810 648 in
829 608 974 648 lunam
999 607 1223 648 convenire
1245 607 1286 647 in
1308 607 1458 662 ingens
1479 607 1583 654 illud
1606 606 1773 649 Orionis

301 679 429 729 sidus,
473 677 527 718 ad
571 675 683 730 quod
726 675 856 716 verba
890 675 1091 716 Manilius
1138 675 1314 726 rettulit,
1353 679 1549 730 apparet;
1592 675 1773 729 legimus

303 747 415 788 enim
445 745 486 786 V
520 746 588 784 12:

441 812 553 853 Hinc
581 813 694 852 vocat
726 809 864 860 Orion,
894 810 1074 863 mayni
1095 821 1229 861 pars
1257 810 1488 850 maxima
1517 809 1658 851 caeli.

413 891 701 932 Firmicum
753 889 1047 929 Maternum
1066 920 1076 939 ‚
1136 902 1262 942 quem
1314 886 1581 928 Constantini
1631 887 1778 943 Magni

302 960 563 1015 temporibus
581 958 828 1000 Matheseos
850 957 980 997 libros
1003 955 1112 997 VIII
1135 955 1356 1011 scripsisse
1381 959 1560 1006 constat,
1591 955 1777 996 carmine

310 1028 361 1069 de
394 1041 475 1082 quo
522 1026 686 1081 agimus
735 1025 840 1066 locis
878 1024 1021 1065 multis
1060 1037 1185 1064 usum
1223 1037 1318 1064 esse
1356 1023 1699 1064 demonstrarunt
1737 1026 1779 1064 et

310 1094 588 1150 Scaliger2)
621 1098 664 1135 et
693 1092 989 1142 Bechert³);
1028 1106 1079 1133 ea
1115 1095 1258 1132 autem
1291 1090 1498 1145 Scaligeri
1534 1091 1778 1132 coniectura

307 1163 478 1219 probari
507 1177 591 1203 non
621 1165 777 1218 potest,
809 1160 980 1201 novisse
1010 1159 1239 1200 Firmicum
1270 1163 1440 1214 praeter
1470 1159 1655 1213 quinque
1687 1171 1778 1199 car-

304 1232 429 1273 minis
453 1231 597 1282 libros,
629 1229 700 1284 qui
721 1232 906 1269 aetatem
926 1228 1128 1278 tulerunt,
1158 1227 1314 1267 librum
1346 1230 1512 1268 sextum
1543 1230 1586 1268 et
1615 1229 1780 1281 partem

305 1299 502 1340 carminis
539 1298 739 1344 alteram;
787 1310 888 1337 sane
931 1310 953 1337 e
994 1299 1148 1350 poetae
1180 1295 1313 1350 ipsius
1344 1294 1485 1335 verbis
1502 1294 1548 1348 4),
1580 1293 1654 1334 ubi
1682 1307 1779 1349 pro-

306 1368 436 1408 mittit
467 1381 512 1408 se
544 1366 628 1406 alia
658 1365 701 1405 in
734 1367 854 1419 parte
887 1363 1086 1404 carminis
1118 1361 1304 1403 siderum
1340 1375 1516 1403 occasus
1557 1365 1600 1403 et
1629 1361 1778 1416 plane-

304 1439 442 1476 tarum
472 1434 585 1475 vires
619 1446 714 1474 esse
747 1436 982 1482 cantarum,
1013 1431 1130 1471 nullo
1157 1429 1280 1471 modo
1304 1430 1446 1486 colligi
1475 1430 1577 1472 licet
1605 1433 1778 1486 poetam

306 1517 370 1555 ea,
402 1516 509 1557 quae
532 1500 742 1557 promisit,
774 1499 1034 1555 perfecisse;
1083 1499 1210 1539 immo
1242 1498 1441 1539 facillime
1473 1498 1566 1539 fieri
1595 1501 1778 1553 poterat,

305 1574 352 1611 ut
377 1569 690 1625 prohiberetur,
725 1567 949 1622 quominus
978 1566 1235 1622 promissum
1266 1566 1519 1607 exsolveret.
1581 1565 1781 1607 Ceterum

305 1637 534 1679 Firmicum
565 1636 809 1677 Maternum
851 1648 1007 1675 nomen
1037 1637 1190 1690 poetae
1224 1647 1317 1675 eam
1354 1633 1407 1674 ob
1439 1647 1528 1675 rem
1558 1647 1643 1675 non
1672 1632 1781 1674 indi-

307 1719 426 1746 casse
459 1704 703 1760 suspioeris,
738 1702 849 1757 quod
878 1703 963 1742 iam
993 1706 1081 1742 tum
1111 1702 1305 1756 ignotum
1335 1701 1474 1743 fuerit.

420 1784 616 1839 Denique
649 1784 775 1825 etiam
808 1782 1186 1824 Germanicum
1216 1780 1379 1822 Manilii
1415 1794 1584 1822 carmen
1614 1780 1784 1821 novisse

311 1853 435 1894 docet
479 1852 643 1893 initium
691 1851 958 1892 Arateorum.
1032 1849 1142 1889 Nam
1184 1862 1269 1889 non
1312 1849 1446 1890 solum
1491 1861 1574 1890 vss.
1621 1848 1784 1887 10-12

311 1925 354 1963 ct
383 1935 444 1961 vs.
478 1922 550 1960 16:

363 2003 396 2026 ιο
1012 1983 1160 2036 procul
1187 1996 1328 2023 arma
1356 1981 1598 2024 silerent?

366 2070 395 2094 ιι
425 2055 549 2097 Nunc
578 2057 720 2096 vacat
747 2053 920 2095 audaces
948 2053 994 2093 in
1024 2052 1178 2093 caelum
1208 2051 1344 2093 tollere
1372 2050 1518 2100 vultus,
1660 2046 1663 2048 ’

366 2139 397 2163 12
429 2121 713 2175 Sideraque
742 2124 787 2163 et
814 2120 985 2162 mundi
1012 2120 1150 2160 varios
1179 2131 1459 2172 coynoscere
1487 2120 1660 2167 motus,

366 2207 397 2230 ιε,
427 2191 540 2233 Pax
569 2194 656 2231 tua
687 2192 808 2242 tuque
837 2189 948 2229 adsis
977 2190 1085 2237 nato,
1114 2199 1342 2238 veumenque
1371 2185 1583 2227 secundos!

316 2272 559 2327 conspirant
590 2283 685 2311 cum
714 2269 909 2310 versibus
940 2267 1103 2308 Manilii
1132 2266 1154 2306 I
1188 2267 1374 2306 13—15:

427 2350 516 2390 Hoc
545 2349 632 2390 sub
654 2362 777 2401 pace
806 2349 969 2396 vemat,-
999 2347 1158 2386 tantum
1186 2345 1321 2385 iuvat:
1349 2343 1411 2384 ire
1436 2355 1510 2394 per
1538 2341 1673 2393 ipsum

426 2418 542 2459 Aera
570 2419 608 2458 et
635 2417 827 2458 immenso
855 2415 1099 2467 spatiantem
1129 2412 1259 2454 vivere
1288 2411 1395 2452 caelo

430 2485 681 2539 Siynaque
710 2487 756 2525 et
784 2483 974 2524 adversos
1003 2481 1265 2522 stellarum
1293 2490 1491 2520 noscere
1521 2489 1715 2526 cursus,

320 2564 395 2607 sed
441 2564 569 2606 etiam
609 2564 652 2604 in
682 2562 929 2604 Germanici
969 2575 1052 2603 vss.
1089 2562 1194 2599 1-4
1239 2559 1372 2599 multa
1414 2571 1507 2598 cum
1544 2556 1668 2612 primi
1696 2555 1793 2596 libri

319 2633 536 2674 Maniliani
566 2632 685 2672 initio
718 2633 976 2685 congruunt3
1010 2627 1288 2669 Germanicus
1321 2626 1432 2667 enim
1463 2624 1569 2666 haec
1601 2623 1792 2665 exhibet:

414 2791 439 2834 ¹)
463 2790 626 2834 Haupt,
664 2799 783 2833 opusc.
818 2787 833 2821 I
868 2799 902 2831 p.
935 2786 999 2820 301
1026 2797 1078 2828 sq.
1100 2786 1114 2828 11
1144 2786 1170 2827 2)
1206 2782 1423 2827 Scaliger,
1459 2781 1545 2815 edit.
1585 2791 1652 2815 sec.
1690 2777 1794 2824 proli.

322 2860 356 2894 p.
381 2849 401 2882 3
426 2859 477 2890 sq.
495 2849 508 2889 11
529 2848 553 2888 ³)
578 2845 792 2883 Bechert,
819 2843 841 2878 l.
867 2844 889 2877 l.
913 2855 948 2886 p.
975 2843 1017 2875 18
1042 2853 1117 2884 sqq.
1143 2842 1216 2874 not.
1234 2842 1248 2883 ΙΙ
1268 2842 1292 2881 ⁴)
1320 2839 1444 2873 [19⁶5.
1469 2838 1520 2871 ΙΙΙ
1540 2837 1603 2871 156
1618 2848 1695 2879 sqq.
1719 2835 1796 2868 586.
