<?xml version="1.0" encoding="UTF-8"?>
<!DOCTYPE html PUBLIC "-//W3C//DTD XHTML 1.0 Transitional//EN"
    "http://www.w3.org/TR/xhtml1/DTD/xhtml1-transitional.dtd">
<html xmlns="http://www.w3.org/1999/xhtml" xml:lang="en" lang="en">
 <head>
  <title>
</title>
<meta http-equiv="Content-Type" content="text/html;charset=utf-8" />
  <meta name='ocr-system' content='tesseract 3.04.00' />
  <meta name='ocr-capabilities' content='ocr_page ocr_carea ocr_par ocr_line ocrx_word'/>
</head>
<body>
  <div class='ocr_page' id='page_1' title='image "./lucubrationesman00thomuoft_0289.png"; bbox 0 0 1930 3320; ppageno 0'>
   <div class='ocr_carea' id='block_1_1' title="bbox 788 263 1070 301">
    <p class='ocr_par' dir='ltr' id='par_1_1' title="bbox 788 263 1070 301">
     <span class='ocr_line' id='line_1_1' title="bbox 788 263 1070 301; baseline 0 -10"><span class='ocrx_word' id='word_1_1' title='bbox 788 287 842 291; x_wconf 80' lang='lat'><em>-</em></span> <span class='ocrx_word' id='word_1_2' title='bbox 905 263 951 301; x_wconf 78' lang='lat'>11</span> <span class='ocrx_word' id='word_1_3' title='bbox 1017 285 1070 291; x_wconf 78' lang='grc'>-</span> 
     </span>
    </p>
   </div>
   <div class='ocr_carea' id='block_1_2' title="bbox 181 385 1696 582">
    <p class='ocr_par' dir='ltr' id='par_1_2' title="bbox 181 385 1696 582">
     <span class='ocr_line' id='line_1_2' title="bbox 295 385 1696 443; baseline -0.001 -15"><span class='ocrx_word' id='word_1_4' title='bbox 295 385 431 443; x_wconf 86' lang='lat' dir='ltr'><strong>Digni</strong></span> <span class='ocrx_word' id='word_1_5' title='bbox 462 386 650 442; x_wconf 91' lang='lat' dir='ltr'>denique</span> <span class='ocrx_word' id='word_1_6' title='bbox 685 390 785 428; x_wconf 90' lang='lat' dir='ltr'>sunt</span> <span class='ocrx_word' id='word_1_7' title='bbox 814 387 1026 429; x_wconf 87' lang='lat' dir='ltr'>memoria</span> <span class='ocrx_word' id='word_1_8' title='bbox 1055 386 1253 428; x_wconf 91' lang='lat' dir='ltr'>nonnulli</span> <span class='ocrx_word' id='word_1_9' title='bbox 1274 399 1441 440; x_wconf 85' lang='lat' dir='ltr'>versus,</span> <span class='ocrx_word' id='word_1_10' title='bbox 1472 386 1517 427; x_wconf 93' lang='lat' dir='ltr'>in</span> <span class='ocrx_word' id='word_1_11' title='bbox 1539 385 1696 442; x_wconf 91' lang='lat' dir='ltr'>quibus</span> 
     </span>
     <span class='ocr_line' id='line_1_3' title="bbox 183 454 1696 507; baseline 0 -11"><span class='ocrx_word' id='word_1_12' title='bbox 183 468 366 497; x_wconf 85' lang='lat' dir='ltr'>caesura</span> <span class='ocrx_word' id='word_1_13' title='bbox 396 459 470 497; x_wconf 85' lang='lat' dir='ltr'>aut</span> <span class='ocrx_word' id='word_1_14' title='bbox 501 458 568 497; x_wconf 90' lang='lat' dir='ltr'>est</span> <span class='ocrx_word' id='word_1_15' title='bbox 598 455 729 497; x_wconf 89' lang='lat' dir='ltr'>tertia</span> <span class='ocrx_word' id='word_1_16' title='bbox 751 455 972 498; x_wconf 90' lang='lat' dir='ltr'>trochaica</span> <span class='ocrx_word' id='word_1_17' title='bbox 998 469 1095 497; x_wconf 93' lang='lat' dir='ltr'>cum</span> <span class='ocrx_word' id='word_1_18' title='bbox 1115 455 1428 497; x_wconf 89' lang='lat' dir='ltr'>trithemimere</span> <span class='ocrx_word' id='word_1_19' title='bbox 1452 454 1696 507; x_wconf 84' lang='lat' dir='ltr'>coniuncta,</span> 
     </span>
     <span class='ocr_line' id='line_1_4' title="bbox 181 524 1696 582; baseline 0.001 -18"><span class='ocrx_word' id='word_1_20' title='bbox 181 527 257 565; x_wconf 84' lang='lat' dir='ltr'>aut</span> <span class='ocrx_word' id='word_1_21' title='bbox 293 538 475 567; x_wconf 87' lang='lat' dir='ltr'>caesura</span> <span class='ocrx_word' id='word_1_22' title='bbox 511 524 627 566; x_wconf 86' lang='lat' dir='ltr'>inest</span> <span class='ocrx_word' id='word_1_23' title='bbox 660 524 767 574; x_wconf 83' lang='lat' dir='ltr'>alia3</span> <span class='ocrx_word' id='word_1_24' title='bbox 806 525 963 582; x_wconf 86' lang='lat' dir='ltr'>prioris</span> <span class='ocrx_word' id='word_1_25' title='bbox 996 525 1171 581; x_wconf 86' lang='lat' dir='ltr'>generis</span> <span class='ocrx_word' id='word_1_26' title='bbox 1203 539 1356 567; x_wconf 90' lang='lat' dir='ltr'>versus</span> <span class='ocrx_word' id='word_1_27' title='bbox 1389 525 1563 568; x_wconf 85' lang='lat' dir='ltr'>enotavi</span> <span class='ocrx_word' id='word_1_28' title='bbox 1593 524 1696 566; x_wconf 89' lang='lat' dir='ltr'>hos:</span> 
     </span>
    </p>
   </div>
   <div class='ocr_carea' id='block_1_3' title="bbox 176 603 1700 1008">
    <p class='ocr_par' dir='ltr' id='par_1_3' title="bbox 228 603 1541 662">
     <span class='ocr_line' id='line_1_5' title="bbox 228 603 1541 662; baseline 0.003 -16"><span class='ocrx_word' id='word_1_29' title='bbox 228 603 251 646; x_wconf 93' lang='lat' dir='ltr'>I</span> <span class='ocrx_word' id='word_1_30' title='bbox 281 607 364 647; x_wconf 87' lang='grc'>417</span> <span class='ocrx_word' id='word_1_31' title='bbox 407 605 468 647; x_wconf 82' lang='lat' dir='ltr'>Et</span> <span class='ocrx_word' id='word_1_32' title='bbox 496 604 657 648; x_wconf 76' lang='lat' dir='ltr'>Phoebo</span> <span class='ocrx_word' id='word_1_33' title='bbox 685 608 690 660; x_wconf 85' lang='grc' dir='ltr'>Ι</span> <span class='ocrx_word' id='word_1_34' title='bbox 716 620 832 649; x_wconf 82' lang='lat' dir='ltr'>sacer</span> <span class='ocrx_word' id='word_1_35' title='bbox 862 607 971 658; x_wconf 79' lang='lat' dir='ltr'>alcs‚·</span> <span class='ocrx_word' id='word_1_36' title='bbox 994 607 1008 660; x_wconf 80' lang='grc' dir='ltr'>ΙΙ</span> <span class='ocrx_word' id='word_1_37' title='bbox 1031 609 1070 649; x_wconf 76' lang='lat' dir='ltr'>et</span> <span class='ocrx_word' id='word_1_38' title='bbox 1097 620 1186 649; x_wconf 73' lang='lat' dir='ltr'>una</span> <span class='ocrx_word' id='word_1_39' title='bbox 1213 610 1362 662; x_wconf 72' lang='lat' dir='ltr'>yratus</span> <span class='ocrx_word' id='word_1_40' title='bbox 1391 606 1541 650; x_wconf 76' lang='lat' dir='ltr'>Iaccho</span> 
     </span>
    </p>

    <p class='ocr_par' dir='ltr' id='par_1_4' title="bbox 176 662 1604 800">
     <span class='ocr_line' id='line_1_6' title="bbox 225 662 1604 731; baseline 0.001 -16"><span class='ocrx_word' id='word_1_41' title='bbox 225 672 248 715; x_wconf 94' lang='lat' dir='ltr'>I</span> <span class='ocrx_word' id='word_1_42' title='bbox 279 675 361 716; x_wconf 85' lang='lat'>493</span> <span class='ocrx_word' id='word_1_43' title='bbox 406 674 479 716; x_wconf 74' lang='lat' dir='ltr'>Ex</span> <span class='ocrx_word' id='word_1_44' title='bbox 499 675 688 716; x_wconf 75' lang='lat' dir='ltr'>minimis</span> <span class='ocrx_word' id='word_1_45' title='bbox 714 675 719 731; x_wconf 62' lang='lat' dir='ltr'>l</span> <span class='ocrx_word' id='word_1_46' title='bbox 747 689 940 729; x_wconf 75' lang='lat' dir='ltr'>caecoque</span> <span class='ocrx_word' id='word_1_47' title='bbox 962 676 975 729; x_wconf 84' lang='grc' dir='ltr'>Η</span> <span class='ocrx_word' id='word_1_48' title='bbox 1000 662 1181 718; x_wconf 70' lang='lat' dir='ltr'>creatum</span> <span class='ocrx_word' id='word_1_49' title='bbox 1205 675 1375 731; x_wconf 77' lang='lat' dir='ltr'>foedere</span> <span class='ocrx_word' id='word_1_50' title='bbox 1401 675 1604 718; x_wconf 77' lang='lat' dir='ltr'><em>mundum</em></span> 
     </span>
     <span class='ocr_line' id='line_1_7' title="bbox 176 742 1573 800; baseline 0.001 -16"><span class='ocrx_word' id='word_1_51' title='bbox 176 759 177 762; x_wconf 43' lang='lat'>¹</span> <span class='ocrx_word' id='word_1_52' title='bbox 204 742 251 784; x_wconf 95' lang='lat' dir='ltr'>II</span> <span class='ocrx_word' id='word_1_53' title='bbox 282 743 364 785; x_wconf 87' lang='lat'>213</span> <span class='ocrx_word' id='word_1_54' title='bbox 413 743 528 787; x_wconf 80' lang='lat' dir='ltr'>Tunc</span> <span class='ocrx_word' id='word_1_55' title='bbox 558 743 699 786; x_wconf 76' lang='lat' dir='ltr'>Pisces</span> <span class='ocrx_word' id='word_1_56' title='bbox 727 745 732 800; x_wconf 89' lang='grc' dir='ltr'>Ι</span> <span class='ocrx_word' id='word_1_57' title='bbox 759 748 797 786; x_wconf 74' lang='lat' dir='ltr'>ct</span> <span class='ocrx_word' id='word_1_58' title='bbox 832 744 991 788; x_wconf 74' lang='lat' dir='ltr'>Cancer</span> <span class='ocrx_word' id='word_1_59' title='bbox 1013 746 1027 799; x_wconf 78' lang='grc' dir='ltr'>ΙΙ</span> <span class='ocrx_word' id='word_1_60' title='bbox 1050 748 1088 786; x_wconf 78' lang='lat' dir='ltr'>ct</span> <span class='ocrx_word' id='word_1_61' title='bbox 1131 745 1223 787; x_wconf 80' lang='lat' dir='ltr'>acri</span> <span class='ocrx_word' id='word_1_62' title='bbox 1253 744 1446 797; x_wconf 73' lang='lat' dir='ltr'>Scorpios</span> <span class='ocrx_word' id='word_1_63' title='bbox 1487 744 1573 786; x_wconf 76' lang='lat' dir='ltr'>ictu</span> 
     </span>
    </p>

    <p class='ocr_par' dir='ltr' id='par_1_5' title="bbox 177 810 1700 1008">
     <span class='ocr_line' id='line_1_8' title="bbox 205 810 1700 870; baseline 0.001 -17"><span class='ocrx_word' id='word_1_64' title='bbox 205 810 252 853; x_wconf 94' lang='grc' dir='ltr'>ΙΙ</span> <span class='ocrx_word' id='word_1_65' title='bbox 284 812 471 868; x_wconf 75' lang='lat' dir='ltr'>704¹)Et</span> <span class='ocrx_word' id='word_1_66' title='bbox 498 813 672 869; x_wconf 50' lang='lat' dir='ltr'>similis!</span> <span class='ocrx_word' id='word_1_67' title='bbox 698 813 780 855; x_wconf 74' lang='lat' dir='ltr'>sibi</span> <span class='ocrx_word' id='word_1_68' title='bbox 809 813 1002 867; x_wconf 27' lang='lat' dir='ltr'>mun-dus,</span> <span class='ocrx_word' id='word_1_69' title='bbox 1025 813 1038 870; x_wconf 77' lang='grc' dir='ltr'>Η</span> <span class='ocrx_word' id='word_1_70' title='bbox 1061 817 1099 855; x_wconf 71' lang='lat' dir='ltr'>ct</span> <span class='ocrx_word' id='word_1_71' title='bbox 1121 814 1262 856; x_wconf 72' lang='lat' dir='ltr'>omnia</span> <span class='ocrx_word' id='word_1_72' title='bbox 1284 814 1333 855; x_wconf 76' lang='lat' dir='ltr'>in</span> <span class='ocrx_word' id='word_1_73' title='bbox 1361 813 1550 855; x_wconf 71' lang='lat' dir='ltr'>omnibus</span> <span class='ocrx_word' id='word_1_74' title='bbox 1581 816 1700 855; x_wconf 75' lang='lat' dir='ltr'>astra</span> 
     </span>
     <span class='ocr_line' id='line_1_9' title="bbox 177 880 1506 938; baseline 0.002 -16"><span class='ocrx_word' id='word_1_75' title='bbox 177 880 246 923; x_wconf 94' lang='lat' dir='ltr'>III</span> <span class='ocrx_word' id='word_1_76' title='bbox 277 884 355 923; x_wconf 89' lang='grc'>411</span> <span class='ocrx_word' id='word_1_77' title='bbox 408 880 494 925; x_wconf 76' lang='lat' dir='ltr'>Sed</span> <span class='ocrx_word' id='word_1_78' title='bbox 523 885 633 924; x_wconf 78' lang='lat' dir='ltr'>certa</span> <span class='ocrx_word' id='word_1_79' title='bbox 659 882 664 938; x_wconf 91' lang='grc' dir='ltr'>Ι</span> <span class='ocrx_word' id='word_1_80' title='bbox 692 883 766 925; x_wconf 77' lang='lat' dir='ltr'>sub</span> <span class='ocrx_word' id='word_1_81' title='bbox 798 883 891 938; x_wconf 74' lang='lat' dir='ltr'>leye,</span> <span class='ocrx_word' id='word_1_82' title='bbox 915 883 928 937; x_wconf 80' lang='grc' dir='ltr'>Η</span> <span class='ocrx_word' id='word_1_83' title='bbox 943 883 1108 936; x_wconf 74' lang='lat' dir='ltr'>prioris</span> <span class='ocrx_word' id='word_1_84' title='bbox 1137 896 1295 936; x_wconf 78' lang='lat' dir='ltr'>semper</span> <span class='ocrx_word' id='word_1_85' title='bbox 1323 885 1370 924; x_wconf 76' lang='lat' dir='ltr'>ut</span> <span class='ocrx_word' id='word_1_86' title='bbox 1398 883 1506 925; x_wconf 69' lang='lat' dir='ltr'>astri</span> 
     </span>
     <span class='ocr_line' id='line_1_10' title="bbox 179 948 1698 1008; baseline 0.001 -17"><span class='ocrx_word' id='word_1_87' title='bbox 179 948 245 992; x_wconf 90' lang='lat' dir='ltr'>IV</span> <span class='ocrx_word' id='word_1_88' title='bbox 276 952 359 992; x_wconf 88' lang='lat'>470</span> <span class='ocrx_word' id='word_1_89' title='bbox 404 950 477 992; x_wconf 78' lang='lat' dir='ltr'>Ad</span> <span class='ocrx_word' id='word_1_90' title='bbox 506 950 716 1003; x_wconf 80' lang='lat' dir='ltr'><strong><em>decimam,</em></strong></span> <span class='ocrx_word' id='word_1_91' title='bbox 736 951 740 1007; x_wconf 84' lang='grc' dir='ltr'>Ι</span> <span class='ocrx_word' id='word_1_92' title='bbox 767 965 842 994; x_wconf 78' lang='lat' dir='ltr'>‘nec</span> <span class='ocrx_word' id='word_1_93' title='bbox 870 954 1036 1005; x_wconf 76' lang='lat' dir='ltr'>quarta,</span> <span class='ocrx_word' id='word_1_94' title='bbox 1059 951 1071 1008; x_wconf 74' lang='grc' dir='ltr'>[Ι</span> <span class='ocrx_word' id='word_1_95' title='bbox 1096 965 1170 994; x_wconf 75' lang='lat' dir='ltr'>nec</span> <span class='ocrx_word' id='word_1_96' title='bbox 1194 954 1335 995; x_wconf 76' lang='lat' dir='ltr'>octava</span> <span class='ocrx_word' id='word_1_97' title='bbox 1357 952 1477 994; x_wconf 76' lang='lat' dir='ltr'>utilis</span> <span class='ocrx_word' id='word_1_98' title='bbox 1496 964 1698 1005; x_wconf 77' lang='lat' dir='ltr'>unquam.</span> 
     </span>
    </p>
   </div>
   <div class='ocr_carea' id='block_1_4' title="bbox 178 1030 1697 1298">
    <p class='ocr_par' dir='ltr' id='par_1_6' title="bbox 178 1030 1697 1212">
     <span class='ocr_line' id='line_1_11' title="bbox 295 1030 1697 1088; baseline 0.001 -16"><span class='ocrx_word' id='word_1_99' title='bbox 295 1030 442 1074; x_wconf 85' lang='lat' dir='ltr'>Semel</span> <span class='ocrx_word' id='word_1_100' title='bbox 493 1045 677 1074; x_wconf 85' lang='lat' dir='ltr'>caesura</span> <span class='ocrx_word' id='word_1_101' title='bbox 724 1032 1066 1075; x_wconf 83' lang='lat' dir='ltr'>trithemimeres</span> <span class='ocrx_word' id='word_1_102' title='bbox 1106 1047 1204 1074; x_wconf 92' lang='lat' dir='ltr'>cum</span> <span class='ocrx_word' id='word_1_103' title='bbox 1258 1046 1440 1075; x_wconf 87' lang='lat' dir='ltr'>caesura</span> <span class='ocrx_word' id='word_1_104' title='bbox 1481 1031 1697 1088; x_wconf 89' lang='lat' dir='ltr'>hephthe—</span> 
     </span>
     <span class='ocr_line' id='line_1_12' title="bbox 178 1099 1696 1158; baseline 0 -16"><span class='ocrx_word' id='word_1_105' title='bbox 178 1099 359 1143; x_wconf 87' lang='lat' dir='ltr'>mimere</span> <span class='ocrx_word' id='word_1_106' title='bbox 391 1101 454 1142; x_wconf 90' lang='lat' dir='ltr'>ita</span> <span class='ocrx_word' id='word_1_107' title='bbox 501 1102 752 1158; x_wconf 87' lang='lat' dir='ltr'>consociata</span> <span class='ocrx_word' id='word_1_108' title='bbox 800 1106 890 1155; x_wconf 84' lang='lat' dir='ltr'>est,</span> <span class='ocrx_word' id='word_1_109' title='bbox 940 1106 988 1144; x_wconf 91' lang='lat' dir='ltr'>ut</span> <span class='ocrx_word' id='word_1_110' title='bbox 1032 1102 1142 1144; x_wconf 90' lang='lat' dir='ltr'>haec</span> <span class='ocrx_word' id='word_1_111' title='bbox 1180 1102 1362 1144; x_wconf 90' lang='lat' dir='ltr'>verbum</span> <span class='ocrx_word' id='word_1_112' title='bbox 1407 1101 1696 1157; x_wconf 85' lang='lat' dir='ltr'>compositum</span> 
     </span>
     <span class='ocr_line' id='line_1_13' title="bbox 179 1173 324 1212; baseline 0 0"><span class='ocrx_word' id='word_1_113' title='bbox 179 1173 324 1212; x_wconf 87' lang='lat' dir='ltr'>secet:</span> 
     </span>
    </p>

    <p class='ocr_par' dir='ltr' id='par_1_7' title="bbox 322 1238 1521 1298">
     <span class='ocr_line' id='line_1_14' title="bbox 322 1238 1521 1298; baseline -0.001 -17"><span class='ocrx_word' id='word_1_114' title='bbox 322 1238 345 1281; x_wconf 93' lang='lat' dir='ltr'>I</span> <span class='ocrx_word' id='word_1_115' title='bbox 371 1241 464 1282; x_wconf 84' lang='lat'>194.</span> <span class='ocrx_word' id='word_1_116' title='bbox 515 1239 602 1282; x_wconf 82' lang='lat' dir='ltr'>Nec</span> <span class='ocrx_word' id='word_1_117' title='bbox 632 1253 726 1282; x_wconf 75' lang='lat' dir='ltr'>vero</span> <span class='ocrx_word' id='word_1_118' title='bbox 752 1239 758 1296; x_wconf 85' lang='grc'>1</span> <span class='ocrx_word' id='word_1_119' title='bbox 785 1240 862 1283; x_wconf 68' lang='lat' dir='ltr'>tibi</span> <span class='ocrx_word' id='word_1_120' title='bbox 890 1243 1049 1283; x_wconf 73' lang='lat' dir='ltr'>natura</span> <span class='ocrx_word' id='word_1_121' title='bbox 1079 1239 1346 1298; x_wconf 69' lang='lat' dir='ltr'>adlmiranda</span> <span class='ocrx_word' id='word_1_122' title='bbox 1375 1238 1521 1281; x_wconf 77' lang='lat' dir='ltr'>videri.</span> 
     </span>
    </p>
   </div>
   <div class='ocr_carea' id='block_1_5' title="bbox 177 1318 1740 2140">
    <p class='ocr_par' dir='ltr' id='par_1_8' title="bbox 177 1318 1740 2140">
     <span class='ocr_line' id='line_1_15' title="bbox 258 1318 1696 1379; baseline -0.002 -16"><span class='ocrx_word' id='word_1_123' title='bbox 258 1333 267 1340; x_wconf 83' lang='grc'><em>“</em></span> <span class='ocrx_word' id='word_1_124' title='bbox 295 1320 422 1369; x_wconf 84' lang='lat' dir='ltr'>Quod</span> <span class='ocrx_word' id='word_1_125' title='bbox 452 1321 687 1364; x_wconf 88' lang='lat' dir='ltr'>Bechert</span> <span class='ocrx_word' id='word_1_126' title='bbox 706 1321 743 1375; x_wconf 92' lang='lat'>2)</span> <span class='ocrx_word' id='word_1_127' title='bbox 777 1322 1028 1365; x_wconf 77' lang='lat' dir='ltr'>observavit</span> <span class='ocrx_word' id='word_1_128' title='bbox 1057 1326 1233 1379; x_wconf 91' lang='lat' dir='ltr'>poetam</span> <span class='ocrx_word' id='word_1_129' title='bbox 1264 1334 1537 1377; x_wconf 90' lang='lat' dir='ltr'>nunquam</span> <span class='ocrx_word' id='word_1_130' title='bbox 1570 1318 1696 1360; x_wconf 89' lang='lat' dir='ltr'>sub-</span> 
     </span>
     <span class='ocr_line' id='line_1_16' title="bbox 181 1389 1699 1447; baseline -0.001 -16"><span class='ocrx_word' id='word_1_131' title='bbox 181 1390 467 1432; x_wconf 86' lang='lat' dir='ltr'>stantivum</span> <span class='ocrx_word' id='word_1_132' title='bbox 498 1391 922 1447; x_wconf 80' lang='lat' dir='ltr'>monosyllabum</span> <span class='ocrx_word' id='word_1_133' title='bbox 954 1395 1073 1434; x_wconf 85' lang='lat' dir='ltr'>ante</span> <span class='ocrx_word' id='word_1_134' title='bbox 1108 1405 1374 1434; x_wconf 89' lang='lat' dir='ltr'>caesuram</span> <span class='ocrx_word' id='word_1_135' title='bbox 1405 1389 1699 1446; x_wconf 82' lang='lat' dir='ltr'>legitimam</span> 
     </span>
     <span class='ocr_line' id='line_1_17' title="bbox 181 1457 1698 1518; baseline -0.001 -17"><span class='ocrx_word' id='word_1_136' title='bbox 181 1458 459 1514; x_wconf 86' lang='lat' dir='ltr'>collocare,</span> <span class='ocrx_word' id='word_1_137' title='bbox 507 1461 609 1503; x_wconf 88' lang='lat' dir='ltr'>nisi</span> <span class='ocrx_word' id='word_1_138' title='bbox 655 1461 1016 1518; x_wconf 79' lang='lat' dir='ltr'>praecedente</span> <span class='ocrx_word' id='word_1_139' title='bbox 1048 1461 1136 1503; x_wconf 87' lang='lat' dir='ltr'>vel</span> <span class='ocrx_word' id='word_1_140' title='bbox 1167 1461 1299 1504; x_wconf 91' lang='lat' dir='ltr'>item</span> <span class='ocrx_word' id='word_1_141' title='bbox 1329 1457 1698 1515; x_wconf 86' lang='lat' dir='ltr'>monosyllabo</span> 
     </span>
     <span class='ocr_line' id='line_1_18' title="bbox 179 1527 1698 1586; baseline -0.002 -15"><span class='ocrx_word' id='word_1_142' title='bbox 179 1529 266 1571; x_wconf 91' lang='lat' dir='ltr'>vel</span> <span class='ocrx_word' id='word_1_143' title='bbox 294 1528 596 1586; x_wconf 81' lang='lat' dir='ltr'>bisyllabo‚</span> <span class='ocrx_word' id='word_1_144' title='bbox 648 1545 700 1573; x_wconf 90' lang='lat' dir='ltr'>ea</span> <span class='ocrx_word' id='word_1_145' title='bbox 729 1530 805 1573; x_wconf 83' lang='lat' dir='ltr'>lex</span> <span class='ocrx_word' id='word_1_146' title='bbox 836 1530 1035 1572; x_wconf 86' lang='lat' dir='ltr'>omnibus</span> <span class='ocrx_word' id='word_1_147' title='bbox 1067 1530 1121 1572; x_wconf 88' lang='lat' dir='ltr'>iis</span> <span class='ocrx_word' id='word_1_148' title='bbox 1152 1530 1260 1572; x_wconf 91' lang='lat' dir='ltr'>locis</span> <span class='ocrx_word' id='word_1_149' title='bbox 1293 1529 1434 1582; x_wconf 87' lang='lat' dir='ltr'>valet,</span> <span class='ocrx_word' id='word_1_150' title='bbox 1480 1527 1555 1569; x_wconf 92' lang='lat' dir='ltr'>ubi</span> <span class='ocrx_word' id='word_1_151' title='bbox 1597 1530 1698 1569; x_wconf 89' lang='lat' dir='ltr'>ante</span> 
     </span>
     <span class='ocr_line' id='line_1_19' title="bbox 181 1597 1696 1656; baseline -0.003 -15"><span class='ocrx_word' id='word_1_152' title='bbox 181 1611 406 1641; x_wconf 88' lang='lat' dir='ltr'>caesuram</span> <span class='ocrx_word' id='word_1_153' title='bbox 425 1598 667 1654; x_wconf 86' lang='lat' dir='ltr'>legitimam</span> <span class='ocrx_word' id='word_1_154' title='bbox 698 1599 961 1642; x_wconf 88' lang='lat' dir='ltr'>vocabulum</span> <span class='ocrx_word' id='word_1_155' title='bbox 982 1598 1333 1655; x_wconf 82' lang='lat' dir='ltr'>monosyllabum</span> <span class='ocrx_word' id='word_1_156' title='bbox 1354 1601 1487 1656; x_wconf 89' lang='lat' dir='ltr'>poeta</span> <span class='ocrx_word' id='word_1_157' title='bbox 1509 1597 1696 1639; x_wconf 87' lang='lat' dir='ltr'>collocat</span> 
     </span>
     <span class='ocr_line' id='line_1_20' title="bbox 179 1666 1695 1726; baseline -0.001 -17"><span class='ocrx_word' id='word_1_158' title='bbox 179 1666 396 1726; x_wconf 83' lang='lat' dir='ltr'>(exceptis</span> <span class='ocrx_word' id='word_1_159' title='bbox 444 1667 612 1710; x_wconf 87' lang='lat' dir='ltr'>scilicet</span> <span class='ocrx_word' id='word_1_160' title='bbox 658 1668 731 1710; x_wconf 83' lang='lat' dir='ltr'>iis&#39;</span> <span class='ocrx_word' id='word_1_161' title='bbox 757 1668 888 1722; x_wconf 90' lang='lat' dir='ltr'>locis,</span> <span class='ocrx_word' id='word_1_162' title='bbox 937 1668 1093 1724; x_wconf 89' lang='lat' dir='ltr'>quibus</span> <span class='ocrx_word' id='word_1_163' title='bbox 1130 1667 1432 1724; x_wconf 90' lang='lat' dir='ltr'>monosyllabo</span> <span class='ocrx_word' id='word_1_164' title='bbox 1470 1670 1695 1723; x_wconf 88' lang='lat' dir='ltr'>postrema</span> 
     </span>
     <span class='ocr_line' id='line_1_21' title="bbox 177 1737 1692 1794; baseline -0.001 -16"><span class='ocrx_word' id='word_1_165' title='bbox 177 1737 380 1779; x_wconf 82' lang='lat' dir='ltr'>vocabuli</span> <span class='ocrx_word' id='word_1_166' title='bbox 409 1737 716 1794; x_wconf 88' lang='lat' dir='ltr'>praecedentis</span> <span class='ocrx_word' id='word_1_167' title='bbox 750 1737 919 1794; x_wconf 86' lang='lat' dir='ltr'>syllaba</span> <span class='ocrx_word' id='word_1_168' title='bbox 950 1737 1158 1794; x_wconf 80' lang='lat' dir='ltr'>eliditur),</span> <span class='ocrx_word' id='word_1_169' title='bbox 1191 1738 1252 1779; x_wconf 90' lang='lat' dir='ltr'>ita</span> <span class='ocrx_word' id='word_1_170' title='bbox 1281 1741 1442 1789; x_wconf 84' lang='lat' dir='ltr'>tamen,</span> <span class='ocrx_word' id='word_1_171' title='bbox 1488 1739 1536 1777; x_wconf 94' lang='lat' dir='ltr'>ut</span> <span class='ocrx_word' id='word_1_172' title='bbox 1566 1749 1692 1792; x_wconf 87' lang='lat' dir='ltr'>prae-</span> 
     </span>
     <span class='ocr_line' id='line_1_22' title="bbox 178 1803 1692 1864; baseline -0.003 -15"><span class='ocrx_word' id='word_1_173' title='bbox 178 1805 338 1850; x_wconf 85' lang='lat' dir='ltr'>cedens</span> <span class='ocrx_word' id='word_1_174' title='bbox 378 1805 645 1863; x_wconf 91' lang='lat' dir='ltr'>bisyllabum</span> <span class='ocrx_word' id='word_1_175' title='bbox 685 1821 859 1864; x_wconf 83' lang='lat' dir='ltr'>semper</span> <span class='ocrx_word' id='word_1_176' title='bbox 889 1807 1186 1864; x_wconf 82' lang='lat' dir='ltr'>pyrrhichium</span> <span class='ocrx_word' id='word_1_177' title='bbox 1218 1806 1392 1849; x_wconf 86' lang='lat' dir='ltr'>efficiat.</span> <span class='ocrx_word' id='word_1_178' title='bbox 1465 1805 1569 1847; x_wconf 85' lang='lat' dir='ltr'>Tria</span> <span class='ocrx_word' id='word_1_179' title='bbox 1616 1803 1692 1846; x_wconf 93' lang='lat' dir='ltr'>ob-</span> 
     </span>
     <span class='ocr_line' id='line_1_23' title="bbox 184 1866 1740 1933; baseline -0.002 -15"><span class='ocrx_word' id='word_1_180' title='bbox 184 1879 300 1918; x_wconf 87' lang='lat' dir='ltr'>stant</span> <span class='ocrx_word' id='word_1_181' title='bbox 332 1876 549 1933; x_wconf 84' lang='lat' dir='ltr'>exempla,</span> <span class='ocrx_word' id='word_1_182' title='bbox 580 1876 656 1918; x_wconf 87' lang='lat' dir='ltr'>ubi</span> <span class='ocrx_word' id='word_1_183' title='bbox 687 1881 788 1919; x_wconf 90' lang='lat' dir='ltr'>ante</span> <span class='ocrx_word' id='word_1_184' title='bbox 819 1889 861 1919; x_wconf 81' lang='lat' dir='ltr'>se</span> <span class='ocrx_word' id='word_1_185' title='bbox 892 1871 1242 1933; x_wconf 80' lang='lat' dir='ltr'>monosyllabum</span> <span class='ocrx_word' id='word_1_186' title='bbox 1277 1876 1440 1932; x_wconf 92' lang='lat' dir='ltr'>ubique</span> <span class='ocrx_word' id='word_1_187' title='bbox 1472 1873 1694 1917; x_wconf 89' lang='lat' dir='ltr'>antecedit</span> <span class='ocrx_word' id='word_1_188' title='bbox 1737 1866 1740 1870; x_wconf 67' lang='grc'>’</span> 
     </span>
     <span class='ocr_line' id='line_1_24' title="bbox 180 1943 1692 2003; baseline -0.001 -16"><span class='ocrx_word' id='word_1_189' title='bbox 180 1945 292 1988; x_wconf 72' lang='lat' dir='ltr'>inter</span> <span class='ocrx_word' id='word_1_190' title='bbox 311 1945 577 2003; x_wconf 86' lang='lat' dir='ltr'>praepositio</span> <span class='ocrx_word' id='word_1_191' title='bbox 598 1946 835 2003; x_wconf 86' lang='lat' dir='ltr'>bisyllaba;</span> <span class='ocrx_word' id='word_1_192' title='bbox 868 1946 983 2003; x_wconf 91' lang='lat' dir='ltr'>quod</span> <span class='ocrx_word' id='word_1_193' title='bbox 1012 1946 1111 1989; x_wconf 91' lang='lat' dir='ltr'>ideo</span> <span class='ocrx_word' id='word_1_194' title='bbox 1142 1946 1238 1989; x_wconf 87' lang='lat' dir='ltr'>fieri</span> <span class='ocrx_word' id='word_1_195' title='bbox 1268 1950 1453 2003; x_wconf 84' lang='lat' dir='ltr'>poterat,</span> <span class='ocrx_word' id='word_1_196' title='bbox 1486 1944 1587 2002; x_wconf 88' lang='lat' dir='ltr'>quia</span> <span class='ocrx_word' id='word_1_197' title='bbox 1609 1943 1692 1986; x_wconf 92' lang='lat' dir='ltr'>duo</span> 
     </span>
     <span class='ocr_line' id='line_1_25' title="bbox 183 2013 1694 2072; baseline -0.001 -16"><span class='ocrx_word' id='word_1_198' title='bbox 183 2013 260 2056; x_wconf 92' lang='lat' dir='ltr'>illa</span> <span class='ocrx_word' id='word_1_199' title='bbox 289 2014 423 2056; x_wconf 90' lang='lat' dir='ltr'>verba</span> <span class='ocrx_word' id='word_1_200' title='bbox 443 2014 574 2068; x_wconf 75' lang='lat' dir='ltr'>(inter</span> <span class='ocrx_word' id='word_1_201' title='bbox 603 2016 664 2070; x_wconf 82' lang='lat' dir='ltr'>se)</span> <span class='ocrx_word' id='word_1_202' title='bbox 694 2018 915 2071; x_wconf 85' lang='lat' dir='ltr'>tamquam</span> <span class='ocrx_word' id='word_1_203' title='bbox 944 2015 989 2056; x_wconf 93' lang='lat' dir='ltr'>in</span> <span class='ocrx_word' id='word_1_204' title='bbox 1019 2015 1147 2057; x_wconf 88' lang='lat' dir='ltr'>unius</span> <span class='ocrx_word' id='word_1_205' title='bbox 1178 2015 1301 2057; x_wconf 86' lang='lat' dir='ltr'>verbi</span> <span class='ocrx_word' id='word_1_206' title='bbox 1333 2029 1488 2072; x_wconf 85' lang='lat' dir='ltr'>corpus</span> <span class='ocrx_word' id='word_1_207' title='bbox 1522 2017 1694 2056; x_wconf 88' lang='lat' dir='ltr'>coeunt.</span> 
     </span>
     <span class='ocr_line' id='line_1_26' title="bbox 180 2081 1258 2140; baseline 0.002 -16"><span class='ocrx_word' id='word_1_208' title='bbox 180 2081 308 2130; x_wconf 53' lang='lat' dir='ltr'>*Quod</span> <span class='ocrx_word' id='word_1_209' title='bbox 339 2086 542 2140; x_wconf 84' lang='lat' dir='ltr'>praetera</span> <span class='ocrx_word' id='word_1_210' title='bbox 572 2083 617 2124; x_wconf 91' lang='lat' dir='ltr'>in</span> <span class='ocrx_word' id='word_1_211' title='bbox 647 2083 797 2126; x_wconf 90' lang='lat' dir='ltr'>Iacobi</span> <span class='ocrx_word' id='word_1_212' title='bbox 829 2083 1020 2126; x_wconf 87' lang='lat' dir='ltr'>editione</span> <span class='ocrx_word' id='word_1_213' title='bbox 1052 2084 1258 2140; x_wconf 87' lang='lat' dir='ltr'>legimus:</span> 
     </span>
    </p>
   </div>
   <div class='ocr_carea' id='block_1_6' title="bbox 296 2162 1273 2216">
    <p class='ocr_par' dir='ltr' id='par_1_9' title="bbox 296 2162 1273 2216">
     <span class='ocr_line' id='line_1_27' title="bbox 296 2162 1273 2216; baseline 0.003 -12"><span class='ocrx_word' id='word_1_214' title='bbox 296 2162 367 2205; x_wconf 94' lang='lat' dir='ltr'>III</span> <span class='ocrx_word' id='word_1_215' title='bbox 399 2165 478 2204; x_wconf 84' lang='lat'>271</span> <span class='ocrx_word' id='word_1_216' title='bbox 511 2163 650 2216; x_wconf 78' lang='lat' dir='ltr'>Atque</span> <span class='ocrx_word' id='word_1_217' title='bbox 679 2163 778 2206; x_wconf 74' lang='lat' dir='ltr'>haec</span> <span class='ocrx_word' id='word_1_218' title='bbox 806 2164 908 2206; x_wconf 75' lang='lat' dir='ltr'>illas</span> <span class='ocrx_word' id='word_1_219' title='bbox 939 2166 1000 2206; x_wconf 78' lang='lat' dir='ltr'>est</span> <span class='ocrx_word' id='word_1_220' title='bbox 1027 2164 1188 2207; x_wconf 78' lang='lat' dir='ltr'>demum</span> <span class='ocrx_word' id='word_1_221' title='bbox 1218 2190 1273 2195; x_wconf 79' lang='lat'>—-</span> 
     </span>
    </p>
   </div>
   <div class='ocr_carea' id='block_1_7' title="bbox 179 2244 1692 2799">
    <p class='ocr_par' dir='ltr' id='par_1_10' title="bbox 179 2244 1691 2370">
     <span class='ocr_line' id='line_1_28' title="bbox 180 2244 1691 2303; baseline 0 -16"><span class='ocrx_word' id='word_1_222' title='bbox 180 2244 224 2288; x_wconf 89' lang='lat' dir='ltr'>id</span> <span class='ocrx_word' id='word_1_223' title='bbox 254 2244 402 2287; x_wconf 87' lang='lat' dir='ltr'>invitis</span> <span class='ocrx_word' id='word_1_224' title='bbox 433 2244 596 2287; x_wconf 87' lang='lat' dir='ltr'>factum</span> <span class='ocrx_word' id='word_1_225' title='bbox 627 2250 695 2288; x_wconf 89' lang='lat' dir='ltr'>est</span> <span class='ocrx_word' id='word_1_226' title='bbox 726 2246 973 2300; x_wconf 81' lang='lat' dir='ltr'>codicibus,</span> <span class='ocrx_word' id='word_1_227' title='bbox 1016 2247 1061 2289; x_wconf 90' lang='lat' dir='ltr'>in</span> <span class='ocrx_word' id='word_1_228' title='bbox 1092 2248 1249 2303; x_wconf 87' lang='lat' dir='ltr'>quibus</span> <span class='ocrx_word' id='word_1_229' title='bbox 1283 2261 1380 2290; x_wconf 89' lang='lat' dir='ltr'>cum</span> <span class='ocrx_word' id='word_1_230' title='bbox 1410 2259 1564 2289; x_wconf 86' lang='lat' dir='ltr'>versus</span> <span class='ocrx_word' id='word_1_231' title='bbox 1596 2259 1691 2288; x_wconf 84' lang='lat' dir='ltr'>cor-</span> 
     </span>
     <span class='ocr_line' id='line_1_29' title="bbox 179 2313 530 2370; baseline 0 -15"><span class='ocrx_word' id='word_1_232' title='bbox 179 2316 331 2370; x_wconf 85' lang='lat' dir='ltr'>ruptus</span> <span class='ocrx_word' id='word_1_233' title='bbox 364 2313 419 2355; x_wconf 91' lang='lat' dir='ltr'>sit</span> <span class='ocrx_word' id='word_1_234' title='bbox 450 2313 530 2355; x_wconf 90' lang='lat' dir='ltr'>sic:</span> 
     </span>
    </p>

    <p class='ocr_par' dir='ltr' id='par_1_11' title="bbox 180 2393 1692 2646">
     <span class='ocr_line' id='line_1_30' title="bbox 292 2393 1692 2453; baseline 0.001 -18"><span class='ocrx_word' id='word_1_235' title='bbox 292 2393 431 2447; x_wconf 77' lang='lat' dir='ltr'>Atque</span> <span class='ocrx_word' id='word_1_236' title='bbox 460 2393 558 2436; x_wconf 79' lang='lat' dir='ltr'>haec</span> <span class='ocrx_word' id='word_1_237' title='bbox 586 2394 665 2436; x_wconf 64' lang='lat' dir='ltr'>illa</span> <span class='ocrx_word' id='word_1_238' title='bbox 699 2394 860 2436; x_wconf 75' lang='lat' dir='ltr'>dcnmm</span> <span class='ocrx_word' id='word_1_239' title='bbox 890 2397 951 2438; x_wconf 73' lang='lat' dir='ltr'>est</span> <span class='ocrx_word' id='word_1_240' title='bbox 973 2422 1040 2446; x_wconf 87' lang='lat'>—,</span> <span class='ocrx_word' id='word_1_241' title='bbox 1071 2396 1157 2438; x_wconf 86' lang='lat' dir='ltr'>iam</span> <span class='ocrx_word' id='word_1_242' title='bbox 1184 2395 1426 2452; x_wconf 84' lang='lat' dir='ltr'>Scaliger</span> <span class='ocrx_word' id='word_1_243' title='bbox 1462 2396 1692 2453; x_wconf 86' lang='lat' dir='ltr'>perspexit</span> 
     </span>
     <span class='ocr_line' id='line_1_31' title="bbox 181 2461 1690 2521; baseline 0.001 -16"><span class='ocrx_word' id='word_1_244' title='bbox 181 2461 498 2505; x_wconf 87' lang='lat' dir='ltr'>emendandum</span> <span class='ocrx_word' id='word_1_245' title='bbox 529 2477 650 2505; x_wconf 84' lang='lat' dir='ltr'>esse:</span> <span class='ocrx_word' id='word_1_246' title='bbox 684 2463 822 2517; x_wconf 76' lang='lat' dir='ltr'>Atque</span> <span class='ocrx_word' id='word_1_247' title='bbox 851 2464 950 2506; x_wconf 79' lang='lat' dir='ltr'>haec</span> <span class='ocrx_word' id='word_1_248' title='bbox 979 2466 1039 2506; x_wconf 75' lang='lat' dir='ltr'>cst</span> <span class='ocrx_word' id='word_1_249' title='bbox 1059 2464 1160 2507; x_wconf 76' lang='lat' dir='ltr'>illas</span> <span class='ocrx_word' id='word_1_250' title='bbox 1181 2481 1256 2514; x_wconf 88' lang='lat'>—;</span> <span class='ocrx_word' id='word_1_251' title='bbox 1289 2478 1550 2521; x_wconf 88' lang='lat' dir='ltr'>quamquam</span> <span class='ocrx_word' id='word_1_252' title='bbox 1573 2465 1690 2507; x_wconf 89' lang='lat' dir='ltr'>aliud</span> 
     </span>
     <span class='ocr_line' id='line_1_32' title="bbox 180 2531 1690 2591; baseline 0.003 -19"><span class='ocrx_word' id='word_1_253' title='bbox 180 2531 283 2587; x_wconf 90' lang='lat' dir='ltr'>quid</span> <span class='ocrx_word' id='word_1_254' title='bbox 311 2531 448 2574; x_wconf 88' lang='lat' dir='ltr'>latere</span> <span class='ocrx_word' id='word_1_255' title='bbox 479 2546 567 2573; x_wconf 91' lang='lat' dir='ltr'>non</span> <span class='ocrx_word' id='word_1_256' title='bbox 597 2531 782 2579; x_wconf 86' lang='lat' dir='ltr'>deerunt</span> <span class='ocrx_word' id='word_1_257' title='bbox 810 2534 883 2589; x_wconf 92' lang='lat' dir='ltr'>qui</span> <span class='ocrx_word' id='word_1_258' title='bbox 916 2534 1144 2588; x_wconf 81' lang='lat' dir='ltr'>coniciant,</span> <span class='ocrx_word' id='word_1_259' title='bbox 1178 2535 1380 2591; x_wconf 84' lang='lat' dir='ltr'>quoniam</span> <span class='ocrx_word' id='word_1_260' title='bbox 1401 2537 1461 2576; x_wconf 74' lang='lat' dir='ltr'>est</span> <span class='ocrx_word' id='word_1_261' title='bbox 1482 2535 1690 2577; x_wconf 90' lang='lat' dir='ltr'>omissum</span> 
     </span>
     <span class='ocr_line' id='line_1_33' title="bbox 181 2599 606 2646; baseline 0.005 -4"><span class='ocrx_word' id='word_1_262' title='bbox 181 2604 248 2642; x_wconf 89' lang='lat' dir='ltr'>est</span> <span class='ocrx_word' id='word_1_263' title='bbox 278 2600 322 2641; x_wconf 93' lang='lat' dir='ltr'>in</span> <span class='ocrx_word' id='word_1_264' title='bbox 353 2599 499 2643; x_wconf 88' lang='lat' dir='ltr'>codice</span> <span class='ocrx_word' id='word_1_265' title='bbox 530 2601 606 2646; x_wconf 67' lang='lat' dir='ltr'>Va.</span> 
     </span>
    </p>

    <p class='ocr_par' dir='ltr' id='par_1_12' title="bbox 182 2668 1689 2799">
     <span class='ocr_line' id='line_1_34' title="bbox 294 2668 1689 2726; baseline 0.004 -16"><span class='ocrx_word' id='word_1_266' title='bbox 294 2668 408 2722; x_wconf 87' lang='lat' dir='ltr'>Lex,</span> <span class='ocrx_word' id='word_1_267' title='bbox 460 2669 514 2712; x_wconf 89' lang='lat' dir='ltr'>de</span> <span class='ocrx_word' id='word_1_268' title='bbox 553 2684 636 2726; x_wconf 88' lang='lat' dir='ltr'>qua</span> <span class='ocrx_word' id='word_1_269' title='bbox 671 2671 840 2726; x_wconf 85' lang='lat' dir='ltr'>agitur,</span> <span class='ocrx_word' id='word_1_270' title='bbox 893 2672 1024 2714; x_wconf 88' lang='lat' dir='ltr'>etiam</span> <span class='ocrx_word' id='word_1_271' title='bbox 1063 2676 1154 2715; x_wconf 91' lang='lat' dir='ltr'>tum</span> <span class='ocrx_word' id='word_1_272' title='bbox 1191 2673 1471 2726; x_wconf 86' lang='lat' dir='ltr'>observatur,</span> <span class='ocrx_word' id='word_1_273' title='bbox 1517 2673 1553 2714; x_wconf 91' lang='lat' dir='ltr'>si</span> <span class='ocrx_word' id='word_1_274' title='bbox 1588 2677 1689 2715; x_wconf 87' lang='lat' dir='ltr'>ante</span> 
     </span>
     <span class='ocr_line' id='line_1_35' title="bbox 182 2739 1689 2799; baseline 0.002 -19"><span class='ocrx_word' id='word_1_275' title='bbox 182 2751 407 2785; x_wconf 86' lang='lat' dir='ltr'>caesuram</span> <span class='ocrx_word' id='word_1_276' title='bbox 445 2739 821 2795; x_wconf 88' lang='lat' dir='ltr'>penthemimeren</span> <span class='ocrx_word' id='word_1_277' title='bbox 859 2755 957 2783; x_wconf 90' lang='lat' dir='ltr'>cum</span> <span class='ocrx_word' id='word_1_278' title='bbox 994 2742 1373 2799; x_wconf 88' lang='lat' dir='ltr'>hephthemimere</span> <span class='ocrx_word' id='word_1_279' title='bbox 1414 2742 1689 2783; x_wconf 88' lang='lat' dir='ltr'>coniunctam</span> 
     </span>
    </p>
   </div>
   <div class='ocr_carea' id='block_1_8' title="bbox 198 2832 453 2837">
    <p class='ocr_par' dir='ltr' id='par_1_13' title="bbox 198 2832 453 2837">
     <span class='ocr_line' id='line_1_36' title="bbox 198 2832 453 2837; baseline 0 0"><span class='ocrx_word' id='word_1_280' title='bbox 198 2832 453 2837; x_wconf 95' lang='lat' dir='ltr'> </span> 
     </span>
    </p>
   </div>
   <div class='ocr_carea' id='block_1_9' title="bbox 278 2886 1414 2993">
    <p class='ocr_par' dir='ltr' id='par_1_14' title="bbox 278 2886 1414 2993">
     <span class='ocr_line' id='line_1_37' title="bbox 278 2886 1010 2945; baseline 0.007 -14"><span class='ocrx_word' id='word_1_281' title='bbox 278 2899 303 2941; x_wconf 70' lang='grc'>1)</span> <span class='ocrx_word' id='word_1_282' title='bbox 328 2897 415 2932; x_wconf 86' lang='lat' dir='ltr'>ibid.</span> <span class='ocrx_word' id='word_1_283' title='bbox 443 2910 478 2942; x_wconf 81' lang='lat' dir='ltr'>p.</span> <span class='ocrx_word' id='word_1_284' title='bbox 503 2898 581 2933; x_wconf 83' lang='lat'>218.</span> <span class='ocrx_word' id='word_1_285' title='bbox 622 2886 637 2942; x_wconf 62' lang='lat' dir='ltr'>n</span> <span class='ocrx_word' id='word_1_286' title='bbox 678 2900 706 2942; x_wconf 76' lang='grc'>2&gt;</span> <span class='ocrx_word' id='word_1_287' title='bbox 731 2900 754 2934; x_wconf 86' lang='lat'>1.</span> <span class='ocrx_word' id='word_1_288' title='bbox 780 2900 803 2935; x_wconf 88' lang='lat'>1.</span> <span class='ocrx_word' id='word_1_289' title='bbox 827 2912 863 2945; x_wconf 81' lang='lat' dir='ltr'>p.</span> <span class='ocrx_word' id='word_1_290' title='bbox 888 2901 933 2936; x_wconf 84' lang='lat'>58</span> <span class='ocrx_word' id='word_1_291' title='bbox 958 2913 1010 2945; x_wconf 78' lang='lat' dir='ltr'>sq.</span> 
     </span>
     <span class='ocr_line' id='line_1_38' title="bbox 1368 2960 1414 2993; baseline 0 -15"><span class='ocrx_word' id='word_1_292' title='bbox 1368 2960 1414 2993; x_wconf 55' lang='lat'>2*</span> 
     </span>
    </p>
   </div>
  </div>
 </body>
</html>
