1910 3250
16 77 55 87 ’
74 75 102 92 ,ς

2 112 35 139 ἦ,
53 110 65 145 Ξ

37 142 82 177 Ur,
106 154 120 173 ἢ

2 282 37 327 {22

6 329 35 346 2⁴*

4 364 10 371 ›

4 420 12 435 k

71 1137 75 1156 ³
128 1147 449 1189 Astronomicon
476 1148 535 1198 II,
562 1150 714 1188 53—56
742 1148 910 1198 legeris:

737 267 1017 308 ..7¹7-

238 389 388 430 Petens
414 389 580 440 igitur⁶)
609 390 794 440 insulam,
823 401 924 440 quae
946 389 1114 429 Phoebo
1143 394 1300 430 saerata
1328 395 1427 441 erat,
1455 391 1507 430 ad
1530 391 1608 431 Co-

136 459 318 511 lophona
345 458 541 511 appulsus
571 457 834 498 Germanicus
865 458 992 498 Clarii
1010 458 1223 510 Apollinis
1252 460 1472 509 oraculum,
1499 461 1608 510 quod

87 531 105 561 ἶ
136 529 378 580 consuleret,
405 528 533 568 adiise
562 530 761 566 narratur.
803 527 1027 577 „Sacerdos
1049 528 1195 567 Mileto
1223 529 1376 567 accitus
1404 541 1610 568 numerum

133 597 255 637 modo
283 597 578 637 consulentium
606 600 647 634 et
675 596 839 634 nomina
866 595 998 635 audit:
1027 599 1110 635 tum
1138 597 1180 635 in
1207 609 1368 648 specum
1395 597 1609 648 degressus

132 666 280 707 hausta
312 666 440 705 fontis
467 666 604 705 arcani
633 677 738 714 aqua
766 665 930 715 ignarus
958 666 1195 716 plerumque
1223 667 1430 706 literarum
1457 670 1499 706 ct
1524 680 1607 706 car-

133 736 284 776 minum
316 735 402 774 edit
437 747 634 786 responsa
666 734 847 772 versibus
885 765 892 773 .
924 763 933 772 .
967 737 1007 773 et
1034 734 1239 774 ferebatur
1267 734 1507 775 Germanico
1535 749 1610 788 per

132 804 333 855 ambages,
361 808 407 842 ut
434 816 520 843 mos
549 803 737 853 oraculis,
766 807 963 842 maturum
991 803 1159 842 exitium
1185 804 1416 844 cecinisse“.
1468 805 1609 856 Atque

131 873 254 913 etiam
280 873 330 913 de
357 874 435 913 hoc
455 872 614 912 Phoebi
641 871 763 922 adyto
792 872 999 911 recordari
1027 873 1124 911 mihi
1154 873 1313 922 quidem
1343 874 1502 913 videtur
1520 874 1608 913 Ma-

130 941 276 991 nilius3
310 953 438 992 neque
472 941 578 981 enim
606 941 735 979 facere
765 941 934 990 poteris,
972 942 1067 990 quin
1097 942 1236 981 miram
1263 955 1396 982 rerum
1424 943 1609 982 similitu-

131 1010 266 1051 dinem
293 1011 452 1061 Tacito,
487 1011 556 1060 qui
584 1010 695 1048 illius
724 1010 1048 1049 narratiunculae
1076 1013 1220 1050 auctor
1247 1014 1320 1061 est,
1358 1024 1446 1051 cum
1474 1016 1608 1062 poeta,

130 1079 181 1120 de
217 1091 297 1130 quo
331 1081 499 1130 agimus,
535 1091 622 1118 esse
657 1091 869 1128 agnoscaS‚
904 1079 974 1117 ubi
1003 1079 1176 1129 primum
1203 1080 1245 1118 in
1273 1081 1484 1131 prooemio
1514 1081 1610 1120 libri

332 1297 481 1334 Undam
506 1325 516 1334 .
541 1325 550 1334 .
575 1296 729 1333 occultis
754 1296 994 1332 meditantem
1021 1309 1180 1334 murmur
1205 1299 1242 1334 in
1267 1299 1394 1344 antris,

334 1355 453 1400 Quam
477 1367 597 1402 neque
623 1355 752 1390 durato
778 1358 971 1399 gustarunt
996 1366 1058 1391 ore
1083 1356 1250 1393 volucres

332 1413 419 1460 Ipse
443 1423 512 1448 nec
537 1412 709 1448 aethereo
735 1412 908 1448 Phoebus
933 1411 1104 1448 libaverit
1128 1413 1216 1459 igni.

331 1470 475 1507 Nostra
496 1470 643 1516 loquar:
668 1469 754 1505 nulli
779 1472 903 1505 vatum
929 1470 1146 1506 debebimus
1174 1471 1271 1507 ora.“

126 1574 257 1613 neque
299 1563 334 1602 si
374 1563 456 1602 alia
495 1562 657 1601 itineris
696 1562 871 1612 vestigia
906 1562 1162 1612 apparebunt
1197 1563 1409 1612 aliquanto
1445 1564 1606 1603 eviden-

123 1632 246 1683 tiora,
286 1635 498 1682 utrumque
532 1631 771 1682 scriptorem
806 1631 951 1669 mentis
986 1631 1113 1670 oculis
1149 1631 1317 1671 eundem
1351 1632 1483 1671 locum
1517 1645 1606 1683 per-

124 1700 331 1751 lustrasse,
371 1702 418 1740 nt
456 1711 590 1752 spero,
629 1712 781 1739 mecum
821 1699 982 1738 credere
1025 1700 1244 1739 recusabis.
1306 1699 1410 1750 (Cfr.
1450 1713 1490 1750 p.
1525 1701 1606 1751 82.)

126 1769 236 1820 Quin
270 1774 311 1809 te
346 1780 508 1820 quoque
541 1769 759 1820 praevideo
794 1781 842 1808 eo
876 1781 1198 1820 progressurum,
1238 1774 1284 1808 ut
1315 1771 1464 1809 librum
1491 1771 1606 1810 illum

122 1842 220 1890 post
258 1838 561 1878 exscensionem
601 1839 644 1876 in
679 1838 820 1877 Asiam
861 1838 1007 1877 factam
1050 1839 1245 1890 seriptum
1285 1851 1372 1878 esse
1413 1840 1604 1879 conicias.

123 1907 212 1948 Iam
252 1908 358 1948 enim
401 1907 443 1946 in
483 1907 716 1946 Annalibus
758 1907 833 1958 (ΙΙ,
873 1907 940 1957 54)
983 1907 1152 1955 legimus
1190 1907 1473 1947 Germanicum
1512 1921 1606 1948 vere

124 1977 221 2019 anni
237 1977 291 2016 U.
319 1979 392 2017 771
422 1976 613 2027 cupidine
641 1980 798 2014 veteres
826 1975 939 2014 locos
968 1978 1009 2015 et
1036 1977 1141 2016 fama
1163 1977 1390 2016 celebratos
1410 1978 1605 2016 noscendi

125 2045 351 2096 incitatum,
378 2057 466 2084 cum
494 2045 545 2084 ad
571 2045 694 2084 Ilium
721 2045 966 2094 navigasset,
994 2045 1036 2083 in
1065 2045 1184 2084 huius
1211 2046 1323 2085 urbis
1351 2046 1517 2096 regione
1545 2059 1605 2096 ea,

125 2125 228 2165 quae
261 2114 460 2154 varietate
494 2114 683 2154 fortunae
718 2118 760 2154 et
791 2113 937 2165 populi
969 2114 1143 2153 Romani
1180 2115 1338 2166 origine
1375 2115 1605 2155 veneranda

124 2186 271 2234 essent,
307 2183 623 2234 contemplatum
660 2195 759 2223 esse.
812 2184 899 2223 Vix
926 2183 1053 2234 igitur
1079 2182 1246 2222 dubium
1274 2187 1348 2233 est,
1385 2186 1482 2234 quin
1510 2185 1605 2224 huic

124 2252 220 2292 duci
245 2252 490 2292 mentionem
516 2253 674 2303 patriae
699 2253 853 2292 Priami
882 2252 1153 2304 gratissimam
1172 2252 1369 2291 Manilius
1396 2254 1605 2303 putaverit

122 2324 258 2373 atque,
293 2321 329 2360 si
365 2322 529 2362 omnino
566 2334 705 2361 versus
741 2323 898 2372 edebat,
935 2323 986 2361 ad
1014 2334 1100 2361 eam
1127 2322 1462 2372 frequentandam
1489 2323 1604 2362 incli-

75 2416 78 2417 ν
122 2391 294 2442 navarit,
328 2403 472 2442 nempe
508 2392 542 2430 si
570 2392 870 2443 peregrinantis
901 2392 1053 2430 socium
1081 2403 1170 2430 enm
1197 2391 1322 2430 fuisse
1350 2396 1457 2430 recte
1485 2392 1602 2442 poni-

122 2470 221 2506 mus,
273 2459 446 2499 Mutatis
476 2464 610 2499 autem
637 2461 840 2500 mutandis
870 2461 927 2499 sie
954 2459 1191 2499 ratiocinari
1219 2459 1279 2498 fas
1309 2463 1387 2500 est:
1416 2465 1540 2511 poeta
1569 2461 1603 2499 si

123 2529 167 2569 in
201 2528 452 2569 celebrandis
482 2529 630 2568 Troiae
664 2531 785 2569 rebus
820 2531 918 2569 mire
952 2529 1102 2569 multus
1137 2533 1211 2578 est,
1247 2542 1329 2568 non
1368 2529 1454 2568 sine
1482 2541 1603 2568 causa

124 2609 206 2637 una
233 2609 321 2636 cum
349 2595 589 2637 Germanico
617 2598 720 2638 hanc
746 2599 885 2639 urbem
913 2598 1062 2638 adiisse
1090 2598 1286 2648 arguitur.
1333 2598 1464 2648 Atqui
1491 2599 1600 2637 vide-

123 2678 210 2708 mus
245 2677 335 2706 eum
367 2665 465 2704 libri
492 2666 536 2705 II
568 2666 730 2707 initium
758 2681 912 2708 sumere
940 2668 991 2707 ab
1020 2666 1200 2706 Homero
1230 2670 1345 2717 patre
1374 2667 1506 2717 iisque
1534 2680 1600 2707 va-

213 2804 245 2853 ὅ)
270 2807 362 2846 Tac.
386 2808 486 2846 Ann.
508 2808 558 2854 11,
580 2811 636 2846 54.

1663 1171 1669 1176 .
1830 1158 1835 1174 Ι

1525 1187 1599 1276 Ἀῒν]
1620 1187 1689 1258 *¹2:3¹
1699 1209 1777 1256 ‘vv
1795 1189 1829 1267 d

952 1239 1206 1284 „Quaeramus
1760 1259 1762 1261 ·
