1942 3308
782 235 1068 280 -65-

160 364 263 408 mihi
294 363 579 422 persuadetur,
611 363 721 421 quod
750 363 874 421 plane
913 363 1034 406 aliter
1062 369 1188 421 atque
1219 370 1448 421 exspectes,
1489 363 1690 406 finiuntur

160 441 285 492 atque
316 433 531 476 exordium
559 433 728 475 carmini
761 432 978 475 dumtaxat
1014 432 1215 475 didactieo
1251 439 1392 490 aptum
1421 433 1588 475 omnino
1620 432 1689 475 de-

161 511 235 557 est,
267 503 378 560 quod
422 519 504 545 non
543 503 684 560 inique
724 519 747 544 a
786 509 926 545 nostro
968 502 1278 559 postulabimuS,
1324 503 1392 560 qui
1434 510 1516 544 tam
1549 502 1690 558 largus

161 579 227 614 est
257 572 297 614 in
331 571 551 629 prooemiis
583 571 818 616 condendis..
879 571 1029 628 Neque
1058 572 1280 614 convincor
1304 572 1589 614 infirmissimis
1624 571 1689 614 vel

161 641 300 699 potius
339 641 463 683 nullis
505 641 591 682 istis
632 641 776 694 causis,
820 641 968 697 quibus
1011 641 1068 682 uti
1111 641 1258 695 solent,
1301 642 1370 698 qui
1403 657 1451 684 eo
1489 648 1688 698 spectant,

163 717 209 752 ut
249 717 499 768 postremam
539 710 840 753 astronomicon
883 717 1042 768 partem
1084 718 1226 767 postea
1256 711 1446 752 amissam
1479 725 1567 753 esse
1598 726 1691 768 pro-

161 780 299 822 babile
330 779 518 823 reddant.
582 779 758 822 Sextum
789 781 896 822 enim
926 795 1092 838 quoque
1119 781 1270 823 librum
1294 796 1318 822 a
1339 787 1459 838 poeta
1481 781 1691 823 conditum

165 864 298 906 usque
334 849 385 891 ad
426 849 651 891 Firmicum
685 849 921 892 Maternum
964 856 1140 892 aetatem
1180 851 1337 904 tulisse,
1380 850 1450 907 qui
1490 851 1530 892 in
1570 866 1691 892 suum

161 934 265 976 opus
295 918 493 961 nonnulla
522 918 618 960 inde
649 920 863 975 receperit.
927 919 1095 976 Quippe
1126 920 1196 976 qui
1237 920 1277 961 in
1311 920 1387 961 hac
1418 934 1462 962 re
1494 919 1690 961 iudicium

162 988 297 1031 faeere
321 987 444 1041 volet,
468 988 519 1029 ab
536 1003 584 1030 eo
604 987 774 1044 dignum
794 989 870 1030 erit
886 989 994 1045 quod
1014 990 1254 1046 respiciatur
1271 989 1542 1046 inaequaliter
1563 989 1693 1032 fluere

165 1056 324 1100 Manilii
356 1057 584 1099 orationem
626 1057 860 1114 multosque
900 1058 1008 1100 locos
1041 1074 1120 1100 non
1153 1059 1285 1101 solum
1318 1059 1579 1112 obscuritate,
1618 1058 1693 1101 sed

162 1126 286 1170 etiam
317 1126 538 1183 asperitate
564 1127 742 1184 quadam
775 1127 964 1169 laborare
986 1142 1033 1168 ac
1066 1143 1117 1170 ne
1148 1127 1291 1171 deesse
1313 1128 1494 1184 quidem,
1527 1128 1567 1169 in
1591 1143 1693 1185 quos

163 1195 482 1253 discrepantiam
513 1196 700 1238 videmus
729 1196 933 1240 collatam.
996 1196 1079 1240 Sed
1104 1203 1369 1240 retractatum
1391 1197 1694 1254 collectumque

163 1279 267 1322 opus
309 1265 342 1305 si
375 1271 516 1307 noster
546 1265 754 1319 edidisset,
799 1265 938 1306 multis
979 1281 1076 1308 sane
1116 1266 1286 1308 salebris
1326 1268 1495 1308 remotis
1528 1267 1694 1324 politius

163 1349 212 1377 ac
241 1334 424 1376 limatius
465 1334 515 1375 ad
559 1349 633 1377 nos
664 1342 961 1392 perventurum
1005 1336 1129 1378 fuisse
1160 1336 1292 1378 habeo
1324 1337 1691 1394 persuasissimum.

162 1404 328 1448 Etenim
372 1404 666 1461 repugnantias
701 1404 846 1447 tollere
888 1413 929 1447 et
969 1405 1193 1448 emendare
1223 1406 1366 1463 eisque
1403 1406 1514 1460 locis,
1544 1406 1693 1463 quibus

163 1489 275 1517 nunc
318 1473 420 1516 nihil
467 1473 544 1514 nisi
586 1474 884 1516 sententiarum
930 1475 1079 1517 seriem
1126 1482 1358 1518 enarratam
1399 1475 1585 1518 videmus
1627 1477 1693 1530 (cf.

163 1543 331 1586 Lanson
358 1559 400 1600 p.
433 1543 487 1586 39
519 1558 580 1599 sq.
614 1558 647 1586 c.
682 1542 722 1585 11
757 1543 813 1598 3),
833 1543 863 1598 ¹)
895 1543 1049 1587 addere
1079 1545 1114 1586 ci
1152 1544 1343 1598 licuisset,
1374 1561 1475 1602 quas
1507 1546 1594 1602 ipse
1625 1545 1694 1588 eli-

162 1612 335 1670 gendas,
378 1628 480 1669 quas
521 1612 747 1655 reiciendas
777 1620 954 1670 putaret.
1017 1614 1212 1671 Denique
1249 1614 1362 1656 illam
1399 1629 1563 1671 semper
1593 1615 1694 1656 mihi

163 1682 350 1726 arrisisse
395 1682 632 1740 opinionem
674 1684 1045 1737 commemorarim,
1095 1691 1271 1741 poetam,
1318 1685 1538 1741 quominus
1584 1685 1695 1742 quod

167 1758 362 1811 coeperat
391 1751 443 1794 ad
475 1751 600 1794 finem
641 1752 896 1810 perduceret,
940 1753 1054 1795 nulla
1092 1768 1137 1796 re
1180 1754 1256 1795 nisi
1287 1761 1420 1797 morte
1450 1754 1694 1812 impeditum

310 1869 335 1910 ¹)
361 1868 528 1902 Ceterum
563 1869 657 1912 quod
691 1870 813 1913 negari
848 1881 948 1913 posse
982 1874 1176 1913 negaverat
1215 1871 1384 1903 Martinus
1418 1871 1557 1912 Opitius
1583 1871 1695 1914 (Buch

165 1937 233 1962 von
259 1927 320 1959 der
345 1926 533 1959 deutschen
561 1928 718 1960 Poeterei
744 1939 772 1967 ρ.
798 1929 851 1960 111
876 1929 928 1960 ed.
955 1929 1094 1960 Braune
1120 1929 1226 1961 Halle
1256 1928 1355 1971 1878)
1384 1930 1515 1962 bonum
1542 1933 1696 1963 astrono-

165 1995 259 2018 mum
283 1984 390 2017 fuisse
415 1985 612 2026 Manilium,
647 1985 683 2017 id
717 1996 809 2018 nunc
844 1986 1022 2028 plerisque
1049 1987 1190 2019 videtur
1215 1986 1424 2029 negandum.
1467 1986 1563 2027 Quin
1589 1987 1693 2021 immo

166 2053 301 2076 merum
337 2046 373 2075 et
398 2042 568 2075 sincerum
605 2047 774 2076 oratorem
810 2054 887 2076 eum
921 2054 995 2077 esse
1030 2045 1178 2087 probare
1204 2050 1350 2077 conatur
1376 2045 1528 2084 Lamon,
1565 2055 1633 2087 qua
1658 2046 1695 2078 in

164 2110 204 2134 re
228 2101 318 2133 iusto
344 2101 488 2133 fortasse
514 2101 651 2144 longius
684 2102 870 2143 processit3
904 2112 1021 2144 neque
1056 2102 1148 2144 quod
1174 2103 1288 2144 poesis
1322 2102 1396 2134 eius
1422 2101 1595 2134 rhetorica
1620 2107 1696 2136 arte

165 2157 301 2198 nititur,
328 2157 452 2190 mirum
479 2167 553 2190 esse
577 2162 702 2201 potest,
730 2159 894 2200 quoniam
920 2170 989 2192 non
1016 2170 1136 2202 unum,
1164 2163 1350 2202 antequam
1371 2159 1491 2202 poesin
1518 2160 1695 2202 profitere-

166 2219 233 2258 tur,
273 2219 440 2248 oratorem
482 2216 629 2258 gessisse
672 2221 888 2258 compertum
929 2217 1111 2250 habemus.
1169 2218 1268 2258 Quod
1314 2217 1406 2250 idem
1449 2217 1695 2260 philosophiae

166 2273 248 2318 plus
273 2283 379 2316 quam
407 2273 615 2317 astrologica
646 2278 681 2308 et
712 2276 850 2318 poetica
883 2285 937 2308 ars
971 2275 1164 2318 requireret
1197 2275 1376 2309 studuisse
1402 2275 1590 2307 Manilium
1618 2276 1695 2308 infi-

167 2331 283 2374 tiatur,
316 2330 409 2364 haud
433 2330 506 2365 scio
537 2342 582 2364 an
608 2343 629 2365 a
663 2336 757 2366 recta
781 2333 919 2366 ratione
956 2333 1150 2366 deflexerit.
1199 2334 1287 2366 Nam
1321 2332 1484 2377 permulti
1518 2343 1603 2366 sane
1629 2334 1696 2366 loci

168 2387 256 2422 adeo
280 2389 388 2423 stoice
405 2393 543 2433 sonant,
569 2394 608 2423 ut
632 2389 738 2423 huius
757 2390 965 2432 disciplinae
989 2391 1122 2434 placita.
1146 2391 1341 2424 accuratius
1366 2390 1505 2423 novisse
1526 2391 1694 2432 videatur,

168 2450 272 2490 utque
296 2446 353 2479 vel
378 2446 568 2479 maximam
593 2458 671 2481 cum
691 2448 818 2482 Stoicis
843 2448 1051 2481 affinitatem
1077 2448 1292 2481 intercedere
1317 2449 1433 2482 studet
1459 2449 1696 2482 demonstrare

170 2504 321 2545 WoltJer
344 2516 378 2548 p.
407 2506 448 2537 70
473 2515 523 2547 sq.
572 2505 641 2540 Sed
668 2506 842 2549 quomodo
856 2507 928 2539 fata
946 2506 1144 2540 libertatem
1162 2507 1331 2549 sapientis
1356 2517 1425 2540 non
1445 2507 1695 2550 opprimerent,

170 2562 261 2604 quod
286 2562 351 2595 hoc
375 2573 444 2596 non
472 2565 643 2606 exposuit,
669 2564 707 2596 id
732 2575 799 2596 non
827 2565 902 2597 eius
927 2565 1099 2608 propriae,
1135 2564 1194 2597 sed
1223 2565 1399 2597 communi
1428 2565 1580 2596 omnium
1606 2564 1696 2598 Stoi·

170 2629 291 2654 corum
317 2620 444 2663 culpae
469 2620 576 2654 tribui
603 2625 728 2663 potest.
776 2622 827 2655 Ut
852 2623 997 2654 omnino
1030 2622 1065 2654 in
1101 2622 1240 2654 illorum
1277 2622 1320 2654 de
1355 2622 1425 2654 fato
1458 2621 1615 2654 doctrina
1641 2621 1697 2664 (cf.

171 2677 255 2712 Otto
280 2678 397 2711 Heine
421 2678 618 2712 Stoicorum
644 2679 688 2712 de
719 2680 791 2713 fato
826 2679 995 2713 doctrina.
1033 2680 1230 2723 Numburgi
1259 2679 1360 2723 1859)
1388 2683 1421 2712 et
1444 2679 1483 2710 in
1510 2679 1570 2720 eis,
1606 2690 1696 2722 quae

171 2735 215 2768 de
237 2734 350 2770 libero
375 2736 555 2769 hominum
580 2737 775 2770 animorum
802 2741 898 2770 motu
924 2738 1166 2780 disputabant,
1198 2747 1345 2780 magnae
1371 2737 1590 2768 difficultates
1615 2736 1697 2769 hae—

170 2794 303 2835 rebant,
331 2803 420 2836 quas
445 2804 584 2836 prorsus
610 2804 774 2836 superare
799 2795 858 2826 vix
884 2798 1035 2837 possent,
1063 2795 1113 2827 ita
1138 2804 1183 2827 ne
1201 2794 1371 2827 Manilius
1398 2794 1536 2837 quidem
1563 2794 1699 2836 discep-

171 2853 247 2884 tare
270 2852 464 2896 temptavit,
492 2852 575 2896 quid
602 2855 693 2887 esset
717 2852 908 2899 fortuitum,
940 2852 1024 2898 quid
1048 2861 1092 2886 ex
1117 2852 1229 2895 astris,
1258 2852 1339 2897 quid
1366 2862 1384 2886 e
1408 2852 1588 2886 voluntate
1613 2861 1696 2895 pen-

172 2908 281 2947 deret·

1608 2979 1628 3016 ὅ
