1936 3392
1013 284 1066 324 80

338 426 501 478 quidem
537 426 681 466 divisio
714 441 734 466 e
758 426 893 467 formis
919 427 1274 469 constellationum
1297 428 1466 468 derivari
1491 443 1570 468 non
1592 433 1736 483 potest.

399 503 622 557 Aliquanto
666 503 831 544 meliora
872 518 944 543 nos
984 504 1099 544 docet
1132 503 1277 545 Sextus
1312 504 1558 559 Empiricus:
1585 504 1609 558 ¹)
1653 508 1738 544 τῶν

337 579 381 620 δὲ
418 578 578 628 ζωδίων
613 582 666 620 τὰ
700 579 776 634 μέν
812 596 912 621 τινα
945 580 1144 634 ἀρρενικὰ
1179 579 1349 622 καλοῦσι
1385 584 1437 621 τὰ
1472 579 1518 620 δὲ
1542 579 1736 634 θηλυκά,

336 658 405 697 καὶ
441 660 493 697 τὰ
527 659 605 709 μὲν
639 656 798 710 δι’σωμα
831 659 884 697 τὰ
918 656 961 697 δὲ
996 662 1071 709 οὐ,
1107 659 1176 698 καὶ
1211 660 1308 699 τινὰ
1332 660 1409 708 μὲν
1434 660 1613 712 τροπικὰ
1638 663 1734 698 τινὰ

335 733 379 775 δὲ
414 738 557 788 στερεά
591 767 600 777 .
635 735 837 789 ἀρρενικὰ
870 737 945 787 μὲν
981 731 1056 775 οὖν
1091 738 1158 775 καὶ
1195 734 1365 789 θηλυκὰ
1397 738 1503 788 ἅπερ
1535 737 1736 788 συνεργὸν

335 811 418 867 ἔχει
454 813 578 864 φύσιν
613 813 714 866 πρὸς
752 812 1058 866 ἀρρενογονίαν
1092 818 1117 865 ή
1154 811 1422 866 θηλυγονίαν
1465 828 1473 837 ·
1512 813 1623 866 κριὸς
1657 814 1735 865 γὰρ

334 889 553 943 ἀρρενικὸν
615 892 701 931 ἐστι
765 889 944 941 ζώδιον,
1003 897 1151 944 ταῦρος
1205 889 1278 939 δέ,
1335 891 1461 941 φασί,
1517 888 1735 943 θηλυκόν,

334 964 501 1020 δίδυμοι
551 967 801 1021 ἀρρενικὸν,
864 968 934 1008 καὶ
983 965 1170 1015 ἐναλλὰξ
1221 969 1273 1007 τὰ
1321 965 1452 1007 λοιπὰ
1501 968 1608 1008 κατὰ
1659 969 1734 1018 τὴν

332 1045 483 1096 ὁμοίαν
532 1043 796 1095 ἀναλογίαν,
833 1049 884 1085 τὰ
917 1047 993 1098 μὲν
1029 1045 1231 1099 ἀρρενικὰ
1265 1047 1318 1086 τὰ
1354 1043 1399 1086 δὲ
1433 1042 1627 1097 θηλυκά,
1662 1042 1735 1095 ἀφ’

334 1115 423 1173 ὧν,
479 1118 622 1176 οἶμαι,
680 1124 750 1163 καὶ
807 1124 847 1163 οἱ
894 1124 1182 1177 πυθαγορικοὶ
1233 1120 1484 1176 κινηθέντες
1533 1122 1608 1174 τὴν
1657 1122 1733 1173 μὲν

331 1199 498 1253 μονάδα
539 1205 667 1254 ἄρρεν
702 1202 1082 1255 προσαγορεύουσι,
1123 1204 1201 1253 τὴν
1236 1199 1281 1242 δὲ
1317 1197 1456 1240 δυάδα
1487 1197 1622 1253 θῆλυ,
1658 1201 1733 1251 τὴν

332 1277 376 1319 δὲ
412 1277 566 1332 τριάδα
599 1276 731 1320 πάλιν
763 1281 914 1333 ἄρρεν,
949 1280 1018 1319 καὶ
1053 1276 1277 1329 ἀναλόγως
1313 1277 1407 1325 τούς
1441 1275 1614 1324 λοιπούς
1647 1279 1734 1316 τῶν

332 1371 374 1397 τε
409 1356 567 1411 ἀρτίων
602 1357 673 1397 καὶ
707 1358 919 1411 περιττῶν
951 1356 1163 1410 ἀριθμῶν.
1228 1356 1289 1396 Ex
1322 1356 1430 1397 hisce
1458 1354 1586 1396 verbis
1607 1354 1736 1409 igitur

330 1439 495 1490 apparet
543 1435 645 1476 hanc
696 1435 932 1477 divisionem
980 1434 1103 1475 altius
1136 1433 1391 1489 repetendam
1428 1433 1573 1483 fuisse,
1613 1445 1732 1486 quam

331 1510 527 1553 Manilius
559 1516 630 1553 aut
661 1513 803 1563 sciret,
838 1516 910 1553 aut
941 1511 1084 1553 saltem
1117 1511 1358 1567 exposuerit.

390 1589 478 1631 Iam
512 1589 637 1631 alium
669 1589 802 1631 locum
835 1590 995 1630 afferam
1029 1588 1136 1630 unde
1164 1592 1354 1644 appareat
1375 1587 1591 1629 Manilium
1613 1601 1728 1628 suum

331 1682 431 1723 opus
464 1682 544 1709 non
579 1668 817 1719 confecisse,
852 1671 922 1708 aut
944 1667 1089 1708 mirum
1112 1667 1154 1707 in
1177 1666 1339 1707 modum
1362 1681 1403 1706 se
1425 1666 1556 1721 ipsum
1573 1665 1730 1720 impug-

329 1731 456 1787 nasse.
522 1744 639 1796 „Nec
671 1748 712 1786 te
743 1748 996 1800 praetereant
1025 1747 1222 1786 nocturna
1245 1743 1467 1797 diurnaque
1488 1743 1606 1797 signa
1627 1757 1730 1796 quae

329 1823 410 1864 sint
443 1823 668 1878 perspicere
700 1826 740 1864 et
770 1822 933 1878 propria
965 1821 1160 1863 deducere
1192 1821 1304 1876 lege;
1339 1835 1419 1862 non
1450 1820 1626 1862 tenebris
1657 1823 1727 1861 aut

329 1900 418 1942 luce
466 1914 578 1942 suam
626 1900 863 1955 peragentia
894 1903 1066 1949 sortem,
1100 1901 1207 1954 (nam
1240 1912 1451 1939 commune
1481 1898 1582 1939 foret
1613 1897 1728 1938 nullo

329 1977 558 2020 discrimine
589 1992 761 2028 nomen,
805 1978 940 2019 omnia
972 1977 1080 2031 quod
1113 1976 1232 2018 certis
1264 1976 1418 2018 vicibus
1447 1991 1518 2031 per
1546 1979 1728 2031 tempora

328 2055 509 2111 fulgent,
559 2059 599 2096 et
646 2070 753 2097 nunc
801 2055 872 2096 illa
905 2054 1012 2106 dies,
1058 2069 1166 2096 nunc
1197 2058 1334 2096 noctes
1366 2053 1436 2095 illa
1467 2055 1727 2108 sequuntur3)

328 2134 398 2174 sed
446 2132 592 2187 quibus
639 2132 710 2174 illa
757 2147 899 2188 parens
946 2132 1086 2173 mundi
1135 2135 1281 2173 natura
1327 2134 1496 2172 sacratas
1537 2131 1728 2186 temporis

329 2210 516 2253 attribuit
546 2214 679 2266 partes
711 2210 884 2252 statione
916 2210 1095 2265 perenni.
1144 2209 1331 2264 Namque
1353 2208 1544 2263 Sagittari
1564 2207 1725 2262 signum

329 2288 539 2343 rabidique
585 2288 730 2330 Leonis
779 2291 819 2329 et
868 2302 940 2328 sua
986 2286 1202 2342 respiciens
1242 2289 1383 2328 aurato
1415 2285 1561 2327 vellere
1592 2289 1724 2340 terga,

327 2372 425 2408 tunc
471 2365 605 2408 Pisces
653 2370 693 2407 et
741 2365 894 2407 Cancer
939 2369 979 2406 et
1028 2365 1107 2406 acri
1155 2364 1345 2419 Scorpion
1378 2363 1461 2404 ictu
1494 2366 1564 2404 aut
1595 2363 1726 2404 vicina

327 2445 438 2495 loco,
489 2443 615 2486 divisa
662 2447 735 2485 aut
782 2442 963 2497 partibus
1010 2442 1168 2497 aequis,
1218 2442 1351 2483 omnia
1384 2441 1574 2483 dicuntur
1604 2440 1724 2482 simili

327 2522 401 2564 sub
448 2526 554 2564 sorte
602 2521 768 2572 diurna;
819 2524 950 2562 cetera
995 2524 1058 2560 ter
1088 2533 1254 2560 numero
1286 2519 1503 2569 consortia,
1546 2523 1608 2560 ter
1637 2518 1723 2559 vice

327 2600 454 2648 sedis,
502 2599 715 2642 interiecta
760 2598 857 2640 locis
903 2597 1075 2639 totidem
1120 2600 1318 2638 nocturna
1352 2597 1549 2638 feruntur.
1613 2594 1723 2646 Quin

327 2677 447 2720 etiam
479 2692 549 2719 sex
580 2676 784 2718 continuis
817 2676 951 2717 dixere
983 2675 1147 2716 diurnas
1180 2689 1263 2716 esse
1296 2675 1400 2716 vices
1433 2674 1588 2724 castris,
1619 2688 1721 2728 quae

374 2900 396 2942 ¹)
442 2891 556 2945 Πρὸς
590 2886 929 2940 Ἀστρολόγονς,
965 2907 1033 2935 pag.
1062 2898 1121 2927 729
1147 2897 1278 2926 Bekker.
