1910 3250
145 405 427 445 fortitudinem
475 404 540 442 vel
590 403 810 442 sacerdotii
850 402 1048 440 honorem
1088 399 1282 438 invenias.
1319 397 1443 437 .Non
1485 399 1620 436 autem

143 459 350 515 sufficiunt
377 486 445 512 eae
474 484 537 511 res
561 473 612 510 ad
634 470 935 521 insigniendum
955 470 1068 508 illum
1086 468 1326 520 principem,
1354 471 1476 516 atque
1497 466 1620 505 etiam

141 545 272 584 minus
300 545 532 594 opportune
560 541 610 580 de
639 553 685 579 eo
715 540 920 588 dicuntur,
950 551 1051 588 quae
1082 541 1177 576 sunt
1203 550 1239 576 a.
1260 537 1314 585 V,
1342 537 1418 576 345
1437 535 1487 574 de
1506 534 1618 574 Arae

142 613 360 653 clientibus
369 626 379 650 ε

373 696 491 746 „Quid
515 696 638 742 potius
663 695 803 742 fingent
827 698 928 730 ortus
954 705 1063 740 quam
1087 693 1227 740 templa
1252 692 1406 729 colentis

370 754 497 800 Atque
524 756 735 789 auctoratos
760 753 797 787 in
822 753 934 788 tertia
960 753 997 798 (t)
1022 753 1102 787 iura
1126 752 1311 788 ministros

369 812 616 857 Divorumque
642 821 751 846 sacra
779 811 987 846 venerantis
1011 809 1160 844 numina
1185 819 1287 852 voce,

370 868 496 917 Paene
522 868 613 904 deos
639 871 676 903 et
701 868 762 914 qui
787 871 942 914 possunt
966 870 1119 903 ventura
1143 867 1290 902 videre“

143 956 178 995 si
214 956 375 1006 quidem
410 954 703 994 Suetonianum
737 953 857 992 illud:
900 953 1046 1002 „Circa
1080 953 1179 991 deos
1217 957 1258 991 et
1292 953 1513 1002 religiones
1553 964 1620 991 ne-

141 1025 398 1076 glegentior&
425 1024 475 1062 de
503 1023 642 1062 eodem
671 1023 791 1061 valet.
835 1022 892 1060 Et
919 1035 967 1060 ne
987 1022 1139 1072 insigni
1161 1022 1323 1071 quidem
1345 1021 1464 1060 modo
1487 1033 1616 1071 neque

142 1093 307 1144 Scorpii
347 1105 476 1142 neque
511 1093 623 1130 Arae
667 1092 879 1142 geniturae
921 1095 1192 1130 memorantur
1235 1103 1364 1140 neque
1404 1103 1452 1130 ea
1491 1091 1534 1128 in
1575 1102 1619 1129 re

143 1162 362 1212 quidquam
407 1161 544 1200 differt
588 1161 751 1200 dicendi
794 1173 942 1211 genere
983 1173 1007 1199 a
1048 1152 1284 1199 narratione
1329 1172 1430 1210 quae
1473 1162 1536 1199 est
1568 1159 1618 1198 de

141 1231 319 1272 siderum
344 1231 543 1281 partubus
566 1231 733 1279 reliqna,
762 1231 839 1268 nisi
862 1232 964 1269 forte
986 1231 1180 1280 opinione
1199 1230 1482 1280 praeiudicata
1501 1229 1616 1268 audi—

142 1306 220 1340 tur.
273 1301 502 1340 Disseritur
542 1301 663 1339 etiam
699 1302 787 1350 pari
824 1301 1038 1338 verborum
1072 1300 1194 1350 copia
1229 1300 1278 1338 de
1314 1300 1454 1350 primis
1494 1299 1619 1337 Tauri

143 1370 357 1420 sideribus,
391 1370 440 1408 de
476 1370 609 1420 capite
643 1369 811 1418 Leonis,
847 1370 896 1408 de
932 1369 1063 1419 prima
1099 1372 1210 1408 veste
1238 1369 1532 1418 Arcitenentis,
1570 1369 1620 1407 de

145 1439 327 1477 acumine
362 1439 512 1477 caudae
541 1436 796 1488 Capricorni.
853 1438 962 1486 Quid
991 1439 1119 1488 igitur
1148 1438 1339 1487 „maioris
1369 1438 1530 1475 laudis“
1559 1442 1623 1476 est

128 1509 186 1546 ·in
213 1520 275 1557 eo,
305 1508 413 1556 quod
440 1512 565 1557 poeta
591 1507 640 1546 de
670 1510 848 1546 extrema
868 1506 1029 1557 Scor-pii
1059 1507 1187 1546 cauda
1208 1507 1405 1556 quaedam
1424 1506 1621 1556 exponit?

146 1577 227 1626 Qui
268 1577 430 1636 tandem
472 1577 565 1614 inde
602 1577 759 1615 Tiberii
802 1577 1029 1615 recordatio
1076 1575 1282 1615 nascitur?
1337 1575 1487 1614 Nonne
1516 1576 1621 1615 alius

145 1657 305 1696 quoque
341 1645 549 1684 cuiusdam
584 1645 699 1683 ducis
735 1658 865 1684 mores
901 1645 951 1683 ad
980 1645 1138 1694 Nepam
1173 1645 1315 1683 referri
1344 1644 1543 1695 potuere?
1572 1667 1622 1673 —-

143 1715 234 1754 Ara
259 1715 406 1764 autem,
434 1727 458 1752 a
487 1725 565 1763 qua
594 1714 826 1764 pontificem
854 1715 1082 1763 maximum,
1113 1726 1228 1763 quem
1257 1714 1380 1752 fuisse
1411 1713 1621 1752 Tiberium

143 1786 326 1852 constat,
347 1783 547 1833 originem
575 1783 720 1821 ducere
739 1783 936 1821 Manilius
966 1783 1079 1822 nullo
1099 1784 1224 1821 verbo
1245 1783 1378 1831 docet,
1406 1783 1621 1831 aliquanto

143 1852 350 1892 difficilius
393 1853 718 1891 accommodatur
760 1852 821 1890 illi
864 1852 1042 1902 principi
1086 1864 1203 1901 quam
1243 1851 1458 1900 Arcturus,
1508 1850 1622 1889 cuius

144 1921 289 1960 sideris
321 1932 410 1959 cum
438 1920 663 1970 Sagittario
700 1921 817 1958 simul
852 1921 1074 1959 coorientis
1110 1921 1219 1959 dona
1259 1921 1302 1958 in
1330 1920 1383 1969 V,
1414 1920 1620 1959 359-364

148 1990 212 2028 sic
237 1989 513 2040 explicantur:

935 2099 1029 2134 „quo
1053 2090 1221 2134 tempore
1246 2088 1344 2124 natis

395 2145 560 2181 Fortuna
583 2146 665 2192 ipsa
691 2157 776 2182 suos
801 2146 914 2181 audet
938 2147 1169 2182 committere
1195 2155 1338 2190 censue,

395 2203 547 2249 Regalis
571 2206 612 2238 ut
636 2214 726 2249 opes
752 2206 790 2238 et
813 2214 923 2239 sacra
949 2204 1095 2239 aeraria
1119 2205 1264 2239 servent

394 2261 599 2306 Regnantis
624 2262 692 2296 sub
717 2272 803 2307 rege
831 2259 897 2298 sud
921 2273 1117 2308 rerumque
1142 2261 1299 2296 ministri

394 2317 638 2363 Tutelamque
665 2322 796 2364 gerant
819 2319 947 2366 populi
974 2320 1188 2355 domibusve
1212 2318 1383 2365 regendis

394 2373 605 2421 Praepositi
630 2386 736 2411 curas
762 2377 882 2412 alieno
908 2377 1030 2412 limine
1055 2377 1263 2413 claudant.“

147 2473 260 2522 Quae
274 2473 398 2512 verba
411 2473 640 2523 legentibus
657 2475 795 2513 statim
810 2475 946 2513 venire
962 2478 1137 2525 possunt
1151 2475 1193 2513 in
1209 2478 1382 2514 mentem
1403 2478 1621 2524 quaestura

146 2545 188 2580 et
218 2547 410 2590 praetura
437 2543 639 2591 ceterique
667 2544 812 2582 urbani
841 2543 1118 2594 magistratus,
1156 2555 1256 2593 quos
1285 2548 1390 2583 teste
1420 2543 1619 2583 Suetonio

147 2609 256 2660 (Tib.
284 2622 318 2648 c.
345 2610 386 2659 9)
408 2610 559 2649 Liviae
587 2612 693 2650 filius
723 2619 763 2651 et
790 2613 986 2652 maturius
1015 2612 1226 2652 incohavit
1245 2617 1286 2652 et
1305 2625 1432 2664 paene
1451 2611 1621 2650 iunctim

146 2678 417 2728 percucurrit3
458 2691 593 2718 verum
634 2685 765 2720 tamen
802 2682 879 2721 hoc
906 2683 998 2732 ipso
1026 2683 1132 2732 loeo,
1173 2687 1219 2721 ut
1247 2681 1498 2721 consuetudo
1527 2681 1620 2720 fati-
1658 2666 1663 2672 ’

150 2746 332 2786 dicorum
359 2747 450 2795 fert,
480 2749 614 2788 omnia
642 2750 682 2788 in
710 2762 757 2788 ea
784 2751 1032 2789 obscuritate
1062 2754 1104 2790 et
1121 2751 1380 2790 dubitatione
1400 2750 1547 2798 iacent,
1576 2750 1622 2787 ut

150 2814 359 2855 Tiberium
386 2821 638 2865 praesentem
665 2830 747 2856 non
775 2831 1054 2870 agnoscamus.
1095 2821 1240 2869 Itaque
1259 2820 1435 2859 Iacobus
1457 2818 1620 2868 quidem

1370 2894 1412 2928 3}
