1936 3392
1054 258 1106 296 88

440 397 542 438 Ecce
575 401 728 452 patrem
761 399 846 440 nati
878 399 1111 453 perimunt,
1145 403 1341 454 natosque
1372 406 1582 457 parentes,

439 478 659 528 mutuaque
691 476 834 517 armati
866 480 1012 517 coeunt
1043 476 1086 517 in
1119 477 1285 519 vulnera
1317 478 1501 520 fratres.’'
1534 479 1558 534 ¹)

379 550 430 592 Et
466 551 620 603 virtus,
654 553 889 604 consilium,
923 553 1161 608 prudentia,
1197 555 1295 608 quid
1328 555 1470 597 iuvant
1503 557 1716 599 mortales?

439 629 553 682 Quin
585 630 706 671 etiam
739 630 879 671 infelix
911 631 1039 672 virtus
1072 635 1113 672 et
1143 632 1263 673 noxia
1294 631 1414 683 felix,

438 711 479 748 et
511 707 615 748 male
648 707 839 749 consultis
872 709 1048 763 pretium
1082 713 1164 760 est,
1198 709 1414 765 prudentia
1446 709 1573 762 fallit,

438 800 512 826 nec
543 786 704 826 fortuna
726 785 880 847 “probat
911 800 1073 837 causas,
1108 787 1370 843 sequiturque
1402 789 1613 839 merentis,

440 862 507 903 sed
540 877 641 918 vaga
673 878 744 918 per
775 867 940 904 cunctos
972 863 1087 905 nullo
1121 864 1348 906 discrimine
1380 865 1518 907 fertur.
1542 865 1574 920 ²)

439 938 489 980 In
537 943 651 980 tanta
682 955 813 981 rerum
848 940 1045 981 discordia
1078 940 1242 982 ubinam
1275 941 1447 982 inveniri
1480 945 1612 997 potest
1643 941 1779 983 vincu-

377 1015 484 1067 lum,
519 1016 624 1070 quod
659 1017 793 1058 omnia
826 1017 1037 1058 conectat?
1101 1019 1293 1072 Antiquis
1326 1018 1403 1059 diis
1435 1018 1564 1060 omnis
1595 1019 1778 1074 potentia

376 1097 436 1134 est
468 1098 626 1149 erepta,
660 1097 755 1135 sunt
788 1095 902 1148 quasi
934 1109 1043 1149 reges
1075 1096 1206 1151 patria
1238 1095 1408 1150 expulsi.
1434 1095 1463 1151 ³)
1529 1095 1676 1137 Rerum
1709 1110 1778 1137 na·

376 1174 506 1212 turam
539 1170 830 1222 scrutabimur,
864 1176 911 1213 ut
935 1187 1076 1214 arcana
1099 1177 1333 1226 secretaque
1355 1187 1428 1214 sua
1450 1172 1565 1220 nobis
1588 1172 1779 1227 detegat?

376 1250 432 1290 At
466 1249 685 1298 „conditur
715 1252 827 1290 vasto
860 1253 1006 1291 natura
1037 1264 1217 1300 recessu,
1252 1250 1514 1305 mortalisque
1542 1250 1647 1306 fugit
1669 1251 1778 1292 visus

377 1330 416 1367 et
465 1330 626 1382 pectora
672 1326 850 1368 nostra.’'
887 1326 918 1382 ⁴¹)
983 1328 1045 1368 An
1097 1327 1259 1368 divitias
1307 1326 1558 1383 parabimus,
1611 1327 1780 1369 honores

377 1401 637 1459 appetentius,
687 1404 919 1459 voluptates
966 1419 1203 1458 sequemur,
1252 1409 1299 1446 ut
1345 1404 1628 1447 obliviscamur
1672 1405 1780 1459 quod

379 1496 450 1522 nos
483 1481 664 1522 cruciat?
726 1481 805 1522 Sed
837 1485 925 1523 tum
956 1481 1235 1536 torquebimur
1266 1486 1379 1524 metu
1410 1486 1451 1523 et
1483 1482 1707 1538 cupiditate
1740 1476 1795 1524 et*

379 1557 552 1599 aeternis
585 1563 837 1600 senescentes
869 1559 998 1610 curis,
1034 1559 1131 1600 dum
1164 1559 1392 1613 quaerimus
1425 1559 1548 1600 vitam
1581 1559 1779 1614 tranquil-

379 1635 479 1686 lam,
524 1635 736 1691 perdemus
747 1653 758 1687 3
808 1651 888 1690 quo
922 1636 1039 1692 plura
1071 1636 1162 1690 quis
1193 1636 1364 1690 requirit
1397 1651 1440 1677 eo
1475 1636 1688 1692 pauperior
1722 1641 1782 1678 est

379 1711 573 1754 bonorum
594 1745 607 1764 ,
643 1729 716 1755 nec
738 1718 924 1755 numerat
946 1713 1054 1768 quod
1075 1713 1217 1765 habet,
1242 1713 1311 1754 sed
1334 1717 1447 1769 optat
1469 1716 1651 1765 tantum,
1674 1714 1782 1768 quod

380 1805 462 1831 non
495 1790 629 1832 habet.
653 1793 684 1846 ³)
748 1790 946 1843 Quisnam
979 1792 1021 1832 in
1054 1795 1168 1832 tanta
1200 1790 1371 1846 caligine
1404 1789 1541 1831 oculos
1563 1789 1700 1841 dabit,
1734 1794 1782 1832 ut

379 1867 614 1909 videamus?

444 1945 550 1986 Deus
597 1945 706 2001 ipse,
749 1960 905 1986 summa
935 1945 1062 1995 ratio,
1096 1960 1136 1986 se
1171 1959 1261 1986 cum
1295 1944 1526 1986 hominibus
1558 1946 1778 1986 communi-

380 2024 507 2074 cavit,
533 2023 748 2074 „sublimis
765 2023 924 2078 aperuit
948 2023 1044 2073 vias,
1069 2028 1208 2078 gentes
1232 2027 1278 2063 ut
1299 2023 1495 2064 sentirent
1517 2022 1635 2063 deum
1660 2037 1781 2076 quam

379 2101 577 2142 maximus
626 2100 782 2142 esset”:
834 2100 988 2154 „inque
1036 2099 1155 2141 deum
1189 2099 1287 2140 deus
1319 2100 1407 2155 ipse
1438 2099 1537 2141 tulit
1566 2100 1782 2155 patuitque

380 2177 614 2218 ministris.'’
638 2177 668 2232 6)

440 2255 534 2310 Ipse
582 2255 680 2296 deus
726 2255 805 2296 nisi
853 2255 896 2296 id
945 2255 1123 2304 fecisset,
1176 2254 1340 2308 quinam
1390 2269 1555 2309 usquam
1600 2255 1781 2296 'nomines

379 2333 500 2374 deum
533 2337 573 2374 et
605 2347 738 2374 rerum
771 2336 955 2374 naturam
988 2346 1226 2387 cognoscere
1254 2332 1512 2387 potuissent}>
1537 2332 1564 2388 7)
1629 2332 1780 2374 Oculos

426 2512 450 2551 ¹)
498 2514 554 2549 IV,
580 2514 717 2544 72—83.

423 2572 448 2612 ²)
496 2575 536 2603 IV
550 2597 558 2609 ,
584 2574 721 2604 94—97.

423 2633 449 2672 ³)
499 2636 533 2669 Ι,
562 2634 632 2664 104.

426 2693 450 2731 ⁴)
498 2696 538 2724 IV
553 2717 560 2730 ,
586 2695 665 2728 869,
691 2695 763 2723 870.
812 2694 885 2729 „Ins
909 2694 1020 2722 Innere
1045 2692 1099 2721 der
1117 2691 1216 2721 Natur
1233 2692 1342 2728 dringt
1359 2692 1431 2722 kein
1450 2692 1642 2722 erschaffner
1657 2686 1796 2721 Geist.’''

425 2753 450 2792 ⁵)
498 2755 537 2783 IV
551 2777 558 2788 ,
586 2754 700 2783 1—11.

425 2812 450 2849 ⁶)
498 2814 782 2848 1,32,37,50.

425 2871 450 2911 7)
499 2874 690 2910 1,26,11,
718 2874 789 2903 115.
