1930 3320
997 295 1206 336 -58-

364 387 471 430 ante,
489 394 595 420 nunc
610 385 649 419 et
668 381 924 430 ignoramus,
943 383 1077 421 Verba
1095 382 1203 421 enim
1220 387 1327 432 sunt,
1351 396 1433 422 non
1454 397 1532 435 res,
1556 386 1591 424 si
1611 387 1700 438 quis
1720 399 1835 429 sexa-

363 447 477 495 ginta
503 449 637 495 partes
661 444 768 482 inter
794 447 946 483 terram
971 450 1010 484 et
1035 445 1182 484 caelum
1209 452 1410 494 numeret,
1434 460 1507 487 nec
1534 449 1631 500 quid
1658 462 1833 503 quaeque
1872 447 1876 452 ’

362 521 457 559 pars
482 507 631 552 valeat,
661 507 855 547 declaret.
882 509 1010 547 Poeta
1035 521 1147 559 ergo,
1178 510 1247 561 qui
1271 509 1337 549 hic
1364 511 1439 549 sibi
1458 511 1570 551 visus
1589 517 1648 551 est
1675 513 1831 565 aliquid

362 583 497 620 agere,
519 570 616 620 quid
634 570 674 608 in
696 572 924 620 geometria
942 571 1222 623 intelligebat?
1241 575 1432 625 Tantum,
1454 579 1498 613 ut
1516 576 1676 627 opinor,
1697 589 1830 628 quan-

359 637 447 672 tum
470 634 510 671 in
533 634 797 673 astronomia.

412 699 465 736 Ut
503 701 640 736 autem
678 697 760 736 veri
795 697 1047 749 imperitum,
1083 699 1141 738 ita
1178 712 1341 751 quoque
1375 700 1628 741 incuriosum
1662 708 1828 754 poetam

361 760 658 812 deprehendas.
692 761 853 799 Etenim
891 761 988 812 quid
1027 762 1076 801 de
1114 763 1245 802 lacteo
1282 763 1432 802 circulo
1471 765 1586 813 edat,
1621 766 1831 819 paulisper

361 825 539 863 attende.
570 825 768 872 Primum,
803 838 886 875 qua
919 825 961 863 in
993 830 1109 876 parte
1145 825 1234 865 caeli
1267 827 1528 878 extendatur,
1558 832 1599 867 et
1628 842 1702 880 per
1734 843 1829 882 quae

359 889 477 939 signa
503 888 643 927 orbem
671 888 782 926 velut
806 888 943 927 balteo
974 894 1150 940 premat,
1179 893 1371 928 accurata
1397 890 1671 943 descriptione
1695 897 1826 932 notat.

359 952 513 991 Deinde
540 951 591 990 ad
617 951 815 1002 originem
846 952 1006 991 transit.
1028 952 1100 991 Hic
1126 965 1223 992 vero
1249 953 1442 992 brevibus
1464 955 1595 994 verbis
1617 955 1719 994 duas
1744 968 1830 996 sen—

359 1015 508 1054 tentias
541 1015 691 1066 prodit,
718 1027 809 1068 quae
840 1015 1004 1066 quidem
1036 1016 1088 1054 ad
1120 1017 1437 1055 astronomicam
1466 1018 1668 1058 rationem
1698 1019 1828 1071 perti·

359 1083 484 1117 neant
511 1091 519 1117 :
547 1078 685 1116 fictam
715 1091 839 1116 unam
867 1079 918 1116 ab
950 1079 1103 1130 illaque
1133 1080 1326 1130 opinione
1353 1080 1533 1129 ductam,
1563 1094 1655 1133 quae
1682 1082 1828 1122 caelum

359 1141 565 1193 sphaeram
590 1154 674 1180 esse
696 1142 856 1190 cavam,
880 1146 989 1180 terra
1008 1142 1189 1181 medium
1211 1143 1319 1182 intus
1340 1144 1476 1183 locum
1498 1145 1723 1196 obtinente,
1745 1150 1828 1185 tra-

359 1204 430 1250 dit,
461 1206 577 1255 cujus
605 1205 738 1243 solida
769 1205 1004 1256 superficies
1031 1206 1208 1257 undique
1238 1207 1388 1246 circum
1424 1211 1516 1247 acta
1543 1208 1826 1248 flammantem

360 1267 515 1306 aethera
538 1268 687 1306 nostris
708 1268 836 1306 oculis
862 1268 1008 1320 eripiat
1028 1274 1082 1319 et,
1102 1270 1135 1307 si
1161 1282 1242 1320 qua
1264 1275 1380 1322 parte
1405 1271 1616 1310 scindatur
1641 1275 1712 1311 aut
1737 1284 1830 1324 per-

358 1331 529 1380 foretur,
556 1331 783 1381 permittat.

544 1435 598 1469 An
620 1435 724 1469 coeat
744 1434 936 1468 mundus?
957 1433 1187 1480 duplicisque
1209 1437 1378 1470 extrema
1397 1447 1566 1472 cavernae

546 1485 787 1530 Conveniant,
810 1486 962 1531 caelique
981 1497 1064 1521 oras
1083 1489 1118 1521 et
1138 1486 1261 1522 sidera
1277 1487 1466 1534 jungant?

544 1538 686 1582 Perque
707 1537 805 1582 ipsos
827 1537 892 1572 fiat
911 1548 1030 1572 nexus
1051 1538 1252 1573 manifesta
1273 1539 1423 1574 cicatrix

545 1590 725 1624 Fusuram
746 1589 885 1624 faciens
901 1589 1046 1633 mundi,
1069 1590 1227 1635 stipatus
1249 1593 1285 1625 et
1304 1591 1403 1626 orbis

540 1641 694 1676 Aeriam
715 1641 753 1675 in
768 1641 945 1676 nebulam
964 1643 1066 1676 clara
1086 1642 1307 1688 compagine
1328 1654 1455 1678 versus

542 1693 582 1727 In
605 1703 742 1728 cuneos
759 1693 827 1727 alti
849 1695 960 1738 cogat
980 1693 1204 1729 fundamina
1224 1694 1305 1729 coeli
1325 1696 1350 1729 ¹.

356 1802 462 1842 Vera
479 1806 616 1842 autem
635 1803 765 1842 altera
782 1803 987 1855 dignaque
1005 1816 1097 1855 quae
1116 1804 1167 1842 ab
1182 1809 1419 1845 astronomo
1439 1806 1682 1855 celebretur,
1695 1807 1825 1846 tribus

357 1866 541 1905 versibus
561 1867 777 1918 expeditur
799 1879 808 1905 :

542 1971 598 2005 An
619 1971 741 2016 major
762 1971 893 2005 densat
912 1971 1104 2006 stellarum
1126 1972 1236 2006 turba
1255 1983 1394 2007 corona

543 2023 740 2058 Connexas
759 2023 950 2064 flammas,
970 2025 1007 2057 et
1026 2034 1150 2058 crasso
1171 2024 1312 2059 lumine
1332 2025 1480 2061 candet.

542 2075 588 2110 Et
607 2074 754 2121 fulgore
773 2074 868 2109 nitet
886 2075 1016 2110 caelato
1034 2075 1168 2110 clarior
1187 2075 1287 2111 orbis
1302 2075 1337 2110 ²?

356 2187 509 2235 Quibus
523 2192 722 2239 tanquam
743 2188 998 2228 satisfactum
1018 2193 1122 2228 esset
1141 2189 1321 2228 scientiae
1341 2201 1388 2228 ac
1409 2189 1584 2240 veritati,
1600 2189 1643 2228 in
1661 2189 1826 2239 fabulas

356 2264 397 2290 se
424 2251 610 2298 effundit,
645 2252 715 2303 qui
740 2256 880 2291 tamen
910 2252 1061 2291 alicubi
1090 2255 1231 2303 poetas
1258 2252 1389 2304 carpit
1419 2265 1444 2291 a
1474 2253 1621 2304 quibus
1653 2253 1823 2293 deorum

355 2315 608 2366 heroumque
627 2315 736 2354 facta
753 2319 793 2354 et
810 2328 972 2354 amores
993 2316 1035 2354 in
1054 2315 1171 2354 astris
1192 2315 1352 2366 quaesiti
1373 2320 1467 2354 sunt
1489 2329 1498 2355 :

544 2418 711 2459 Quorum
732 2418 963 2453 carminibus
985 2418 1077 2453 nihil
1098 2421 1153 2454 est
1173 2418 1245 2454 nisi
1265 2419 1390 2455 sabula
1410 2419 1541 2454 caelum
1564 2420 1590 2455 ³.

355 2532 428 2571 Hic
453 2533 593 2582 igitur,
618 2536 664 2572 ut
689 2533 862 2583 galaxiae
890 2534 1090 2584 originem
1116 2535 1291 2583 evolvat,
1315 2535 1553 2574 Phaetontis
1582 2548 1738 2584 curruS‚
1760 2537 1828 2576 Ju-

355 2596 554 2648 nonisque
578 2597 642 2635 lac
666 2601 844 2646 revocat,
868 2598 917 2636 de
941 2597 1086 2649 hisque
1113 2599 1232 2650 plura
1252 2599 1377 2638 verba
1396 2600 1494 2639 facit
1520 2612 1645 2652 quam
1668 2600 1718 2639 de
1743 2599 1827 2639 illis

395 2714 426 2746 1.
446 2713 547 2752 Man„
569 2715 716 2753 Astron„
736 2717 763 2757 1,
779 2718 852 2749 723.

393 2760 425 2792 2.
443 2760 542 2797 mid„
565 2761 592 2800 Ι,
612 2763 684 2794 Ἱ55.

394 2808 425 2838 3.
446 2806 547 2852 ibid..
569 2807 612 2847 11,
633 2809 682 2840 37.
