<?xml version="1.0" encoding="UTF-8"?>
<!DOCTYPE html PUBLIC "-//W3C//DTD XHTML 1.0 Transitional//EN"
    "http://www.w3.org/TR/xhtml1/DTD/xhtml1-transitional.dtd">
<html xmlns="http://www.w3.org/1999/xhtml" xml:lang="en" lang="en">
 <head>
  <title>
</title>
<meta http-equiv="Content-Type" content="text/html;charset=utf-8" />
  <meta name='ocr-system' content='tesseract 3.04.00' />
  <meta name='ocr-capabilities' content='ocr_page ocr_carea ocr_par ocr_line ocrx_word'/>
</head>
<body>
  <div class='ocr_page' id='page_1' title='image "./lucubrationesman00thomuoft_0267.png"; bbox 0 0 1930 3320; ppageno 0'>
   <div class='ocr_carea' id='block_1_1' title="bbox 749 301 964 342">
    <p class='ocr_par' dir='ltr' id='par_1_1' title="bbox 749 301 964 342">
     <span class='ocr_line' id='line_1_1' title="bbox 749 301 964 342; baseline -0.005 -10"><span class='ocrx_word' id='word_1_1' title='bbox 749 301 964 342; x_wconf 74' lang='lat'>-89-</span> 
     </span>
    </p>
   </div>
   <div class='ocr_carea' id='block_1_2' title="bbox 102 389 1611 574">
    <p class='ocr_par' dir='ltr' id='par_1_2' title="bbox 102 389 1611 574">
     <span class='ocr_line' id='line_1_2' title="bbox 106 389 1610 443; baseline -0.002 -10"><span class='ocrx_word' id='word_1_2' title='bbox 106 392 275 441; x_wconf 78' lang='lat' dir='ltr'>addere,</span> <span class='ocrx_word' id='word_1_3' title='bbox 291 392 333 431; x_wconf 93' lang='lat' dir='ltr'>in</span> <span class='ocrx_word' id='word_1_4' title='bbox 353 391 583 431; x_wconf 81' lang='lat' dir='ltr'>rusticitate</span> <span class='ocrx_word' id='word_1_5' title='bbox 605 403 716 443; x_wconf 86' lang='lat' dir='ltr'>saepe</span> <span class='ocrx_word' id='word_1_6' title='bbox 738 391 925 431; x_wconf 82' lang='lat' dir='ltr'>consistit</span> <span class='ocrx_word' id='word_1_7' title='bbox 947 389 1115 430; x_wconf 83' lang='lat' dir='ltr'>inficeta</span> <span class='ocrx_word' id='word_1_8' title='bbox 1135 401 1307 443; x_wconf 90' lang='lat' dir='ltr'>prorsus</span> <span class='ocrx_word' id='word_1_9' title='bbox 1321 401 1455 442; x_wconf 90' lang='lat' dir='ltr'>eoque</span> <span class='ocrx_word' id='word_1_10' title='bbox 1471 390 1610 442; x_wconf 83' lang='lat' dir='ltr'>magis</span> 
     </span>
     <span class='ocr_line' id='line_1_3' title="bbox 102 454 1611 510; baseline -0.003 -11"><span class='ocrx_word' id='word_1_11' title='bbox 102 470 330 506; x_wconf 87' lang='lat' dir='ltr'>nauseosa,</span> <span class='ocrx_word' id='word_1_12' title='bbox 359 456 471 510; x_wconf 91' lang='lat' dir='ltr'>quod</span> <span class='ocrx_word' id='word_1_13' title='bbox 505 468 591 496; x_wconf 92' lang='lat' dir='ltr'>non</span> <span class='ocrx_word' id='word_1_14' title='bbox 620 456 714 495; x_wconf 88' lang='lat' dir='ltr'>rudi</span> <span class='ocrx_word' id='word_1_15' title='bbox 743 460 896 496; x_wconf 87' lang='lat' dir='ltr'>natura</span> <span class='ocrx_word' id='word_1_16' title='bbox 929 459 1166 496; x_wconf 89' lang='lat' dir='ltr'>excusatur.</span> <span class='ocrx_word' id='word_1_17' title='bbox 1198 456 1303 494; x_wconf 89' lang='lat' dir='ltr'>Nam</span> <span class='ocrx_word' id='word_1_18' title='bbox 1333 455 1472 495; x_wconf 90' lang='lat' dir='ltr'>dirum</span> <span class='ocrx_word' id='word_1_19' title='bbox 1504 454 1611 495; x_wconf 86' lang='lat' dir='ltr'>illud</span> 
     </span>
     <span class='ocr_line' id='line_1_4' title="bbox 103 520 1392 574; baseline -0.003 -10"><span class='ocrx_word' id='word_1_20' title='bbox 103 523 219 564; x_wconf 88' lang='lat' dir='ltr'>Atrei</span> <span class='ocrx_word' id='word_1_21' title='bbox 238 522 475 564; x_wconf 86' lang='lat' dir='ltr'>convivium</span> <span class='ocrx_word' id='word_1_22' title='bbox 496 521 815 574; x_wconf 89' lang='lat' dir='ltr'>horrendasque</span> <span class='ocrx_word' id='word_1_23' title='bbox 836 521 984 574; x_wconf 83' lang='lat' dir='ltr'>epulas</span> <span class='ocrx_word' id='word_1_24' title='bbox 1005 521 1070 561; x_wconf 91' lang='lat' dir='ltr'>his</span> <span class='ocrx_word' id='word_1_25' title='bbox 1090 520 1229 561; x_wconf 86' lang='lat' dir='ltr'>verbis</span> <span class='ocrx_word' id='word_1_26' title='bbox 1249 524 1392 561; x_wconf 88' lang='lat' dir='ltr'>notat:</span> 
     </span>
    </p>
   </div>
   <div class='ocr_carea' id='block_1_3' title="bbox 293 643 931 688">
    <p class='ocr_par' dir='ltr' id='par_1_3' title="bbox 293 643 931 688">
     <span class='ocr_line' id='line_1_5' title="bbox 293 643 931 688; baseline -0.003 -9"><span class='ocrx_word' id='word_1_27' title='bbox 293 643 582 688; x_wconf 79' lang='lat' dir='ltr'>Ructantemque</span> <span class='ocrx_word' id='word_1_28' title='bbox 600 643 749 688; x_wconf 88' lang='lat' dir='ltr'>patrem</span> <span class='ocrx_word' id='word_1_29' title='bbox 774 643 885 678; x_wconf 88' lang='lat' dir='ltr'>natos</span> <span class='ocrx_word' id='word_1_30' title='bbox 904 643 931 678; x_wconf 84' lang='lat'>¹.</span> 
     </span>
    </p>
   </div>
   <div class='ocr_carea' id='block_1_4' title="bbox 105 750 1621 1783">
    <p class='ocr_par' dir='ltr' id='par_1_4' title="bbox 160 750 1607 808">
     <span class='ocr_line' id='line_1_6' title="bbox 160 750 1607 808; baseline -0.001 -17"><span class='ocrx_word' id='word_1_31' title='bbox 160 753 249 800; x_wconf 89' lang='lat' dir='ltr'>Quo</span> <span class='ocrx_word' id='word_1_32' title='bbox 265 751 372 791; x_wconf 88' lang='lat' dir='ltr'>nihil</span> <span class='ocrx_word' id='word_1_33' title='bbox 387 755 428 792; x_wconf 92' lang='lat' dir='ltr'>et</span> <span class='ocrx_word' id='word_1_34' title='bbox 444 752 532 805; x_wconf 91' lang='lat' dir='ltr'>ipse</span> <span class='ocrx_word' id='word_1_35' title='bbox 550 752 721 800; x_wconf 80' lang='lat' dir='ltr'>Seneca,</span> <span class='ocrx_word' id='word_1_36' title='bbox 739 751 839 790; x_wconf 92' lang='lat' dir='ltr'>dum</span> <span class='ocrx_word' id='word_1_37' title='bbox 856 751 970 804; x_wconf 91' lang='lat' dir='ltr'>cupit</span> <span class='ocrx_word' id='word_1_38' title='bbox 985 751 1198 800; x_wconf 83' lang='lat' dir='ltr'>atrociter,</span> <span class='ocrx_word' id='word_1_39' title='bbox 1218 751 1473 808; x_wconf 83' lang='lat' dir='ltr'>fastidiosius</span> <span class='ocrx_word' id='word_1_40' title='bbox 1487 750 1607 791; x_wconf 86' lang='lat' dir='ltr'>dixit.</span> 
     </span>
    </p>

    <p class='ocr_par' dir='ltr' id='par_1_5' title="bbox 105 817 1621 1783">
     <span class='ocr_line' id='line_1_7' title="bbox 160 817 1613 858; baseline -0.001 -1"><span class='ocrx_word' id='word_1_41' title='bbox 160 818 262 857; x_wconf 91' lang='lat' dir='ltr'>Cum</span> <span class='ocrx_word' id='word_1_42' title='bbox 281 830 380 858; x_wconf 89' lang='lat' dir='ltr'>vero</span> <span class='ocrx_word' id='word_1_43' title='bbox 400 817 594 858; x_wconf 86' lang='lat' dir='ltr'>Manilius</span> <span class='ocrx_word' id='word_1_44' title='bbox 619 817 724 856; x_wconf 88' lang='lat' dir='ltr'>adeo</span> <span class='ocrx_word' id='word_1_45' title='bbox 747 817 958 857; x_wconf 84' lang='lat' dir='ltr'>studiosus</span> <span class='ocrx_word' id='word_1_46' title='bbox 978 821 1018 856; x_wconf 93' lang='lat' dir='ltr'>et</span> <span class='ocrx_word' id='word_1_47' title='bbox 1038 817 1315 856; x_wconf 90' lang='lat' dir='ltr'>indelassatus</span> <span class='ocrx_word' id='word_1_48' title='bbox 1341 829 1547 856; x_wconf 88' lang='lat' dir='ltr'>novarum</span> <span class='ocrx_word' id='word_1_49' title='bbox 1571 819 1613 855; x_wconf 89' lang='lat' dir='ltr'>et</span> 
     </span>
     <span class='ocr_line' id='line_1_8' title="bbox 106 881 1612 934; baseline -0.002 -12"><span class='ocrx_word' id='word_1_50' title='bbox 106 882 409 922; x_wconf 86' lang='lat' dir='ltr'>sententiarum</span> <span class='ocrx_word' id='word_1_51' title='bbox 440 887 481 922; x_wconf 91' lang='lat' dir='ltr'>et</span> <span class='ocrx_word' id='word_1_52' title='bbox 512 882 772 922; x_wconf 87' lang='lat' dir='ltr'>locutionum</span> <span class='ocrx_word' id='word_1_53' title='bbox 804 882 1030 934; x_wconf 84' lang='lat' dir='ltr'>indagator</span> <span class='ocrx_word' id='word_1_54' title='bbox 1059 881 1133 930; x_wconf 91' lang='lat' dir='ltr'>sit,</span> <span class='ocrx_word' id='word_1_55' title='bbox 1165 881 1219 921; x_wconf 94' lang='lat' dir='ltr'>ob</span> <span class='ocrx_word' id='word_1_56' title='bbox 1252 881 1444 921; x_wconf 90' lang='lat' dir='ltr'>eamdem</span> <span class='ocrx_word' id='word_1_57' title='bbox 1477 881 1612 933; x_wconf 87' lang='lat' dir='ltr'>ipsam</span> 
     </span>
     <span class='ocr_line' id='line_1_9' title="bbox 105 946 1618 1001; baseline -0.001 -15"><span class='ocrx_word' id='word_1_58' title='bbox 105 947 217 987; x_wconf 86' lang='lat' dir='ltr'>hanc</span> <span class='ocrx_word' id='word_1_59' title='bbox 237 960 422 996; x_wconf 91' lang='lat' dir='ltr'>causam,</span> <span class='ocrx_word' id='word_1_60' title='bbox 446 948 609 1001; x_wconf 86' lang='lat' dir='ltr'>quoties</span> <span class='ocrx_word' id='word_1_61' title='bbox 628 947 793 987; x_wconf 87' lang='lat' dir='ltr'>fabulas</span> <span class='ocrx_word' id='word_1_62' title='bbox 813 947 877 987; x_wconf 93' lang='lat' dir='ltr'>vel</span> <span class='ocrx_word' id='word_1_63' title='bbox 899 947 1095 987; x_wconf 82' lang='lat' dir='ltr'>historias</span> <span class='ocrx_word' id='word_1_64' title='bbox 1114 947 1308 995; x_wconf 90' lang='lat' dir='ltr'>advocat,</span> <span class='ocrx_word' id='word_1_65' title='bbox 1323 946 1472 986; x_wconf 87' lang='lat' dir='ltr'>maluit</span> <span class='ocrx_word' id='word_1_66' title='bbox 1489 946 1618 985; x_wconf 83' lang='lat' dir='ltr'>rebus</span> 
     </span>
     <span class='ocr_line' id='line_1_10' title="bbox 107 1011 1615 1065; baseline -0.001 -13"><span class='ocrx_word' id='word_1_67' title='bbox 107 1012 244 1052; x_wconf 88' lang='lat' dir='ltr'>obiter</span> <span class='ocrx_word' id='word_1_68' title='bbox 269 1013 456 1053; x_wconf 90' lang='lat' dir='ltr'>alludere</span> <span class='ocrx_word' id='word_1_69' title='bbox 480 1026 608 1064; x_wconf 91' lang='lat' dir='ltr'>quam</span> <span class='ocrx_word' id='word_1_70' title='bbox 638 1025 708 1052; x_wconf 87' lang='lat' dir='ltr'>eas</span> <span class='ocrx_word' id='word_1_71' title='bbox 728 1012 896 1052; x_wconf 87' lang='lat' dir='ltr'>tractim</span> <span class='ocrx_word' id='word_1_72' title='bbox 924 1011 1132 1065; x_wconf 87' lang='lat' dir='ltr'>persequi.</span> <span class='ocrx_word' id='word_1_73' title='bbox 1156 1013 1314 1064; x_wconf 89' lang='lat' dir='ltr'>Nempe</span> <span class='ocrx_word' id='word_1_74' title='bbox 1340 1011 1382 1051; x_wconf 90' lang='lat' dir='ltr'>in</span> <span class='ocrx_word' id='word_1_75' title='bbox 1413 1011 1615 1051; x_wconf 83' lang='lat' dir='ltr'>continua</span> 
     </span>
     <span class='ocr_line' id='line_1_11' title="bbox 105 1075 1613 1130; baseline -0.001 -12"><span class='ocrx_word' id='word_1_76' title='bbox 105 1078 363 1128; x_wconf 83' lang='lat' dir='ltr'>narratione,</span> <span class='ocrx_word' id='word_1_77' title='bbox 384 1078 450 1118; x_wconf 93' lang='lat' dir='ltr'>cui</span> <span class='ocrx_word' id='word_1_78' title='bbox 468 1078 572 1117; x_wconf 91' lang='lat' dir='ltr'>nihil</span> <span class='ocrx_word' id='word_1_79' title='bbox 593 1078 705 1117; x_wconf 87' lang='lat' dir='ltr'>deest</span> <span class='ocrx_word' id='word_1_80' title='bbox 727 1077 840 1129; x_wconf 91' lang='lat' dir='ltr'>quod</span> <span class='ocrx_word' id='word_1_81' title='bbox 861 1078 1018 1116; x_wconf 90' lang='lat' dir='ltr'>factum</span> <span class='ocrx_word' id='word_1_82' title='bbox 1043 1077 1180 1126; x_wconf 84' lang='lat' dir='ltr'>fuerit,</span> <span class='ocrx_word' id='word_1_83' title='bbox 1202 1076 1266 1116; x_wconf 91' lang='lat' dir='ltr'>vel</span> <span class='ocrx_word' id='word_1_84' title='bbox 1286 1077 1398 1130; x_wconf 90' lang='lat' dir='ltr'>quod</span> <span class='ocrx_word' id='word_1_85' title='bbox 1421 1077 1473 1116; x_wconf 90' lang='lat' dir='ltr'>ad</span> <span class='ocrx_word' id='word_1_86' title='bbox 1491 1075 1613 1116; x_wconf 89' lang='lat' dir='ltr'>intel-</span> 
     </span>
     <span class='ocr_line' id='line_1_12' title="bbox 106 1141 1614 1196; baseline -0.001 -14"><span class='ocrx_word' id='word_1_87' title='bbox 106 1142 277 1194; x_wconf 79' lang='lat' dir='ltr'>ligenda</span> <span class='ocrx_word' id='word_1_88' title='bbox 302 1156 352 1183; x_wconf 89' lang='lat' dir='ltr'>ea</span> <span class='ocrx_word' id='word_1_89' title='bbox 378 1156 471 1195; x_wconf 75' lang='lat' dir='ltr'>quae</span> <span class='ocrx_word' id='word_1_90' title='bbox 495 1143 607 1183; x_wconf 89' lang='lat' dir='ltr'>facta</span> <span class='ocrx_word' id='word_1_91' title='bbox 633 1146 730 1182; x_wconf 90' lang='lat' dir='ltr'>sunt</span> <span class='ocrx_word' id='word_1_92' title='bbox 755 1142 909 1195; x_wconf 86' lang='lat' dir='ltr'>prosit,</span> <span class='ocrx_word' id='word_1_93' title='bbox 939 1141 1159 1195; x_wconf 78' lang='lat' dir='ltr'>aequalitas</span> <span class='ocrx_word' id='word_1_94' title='bbox 1185 1142 1398 1196; x_wconf 78' lang='lat' dir='ltr'>praecipue</span> <span class='ocrx_word' id='word_1_95' title='bbox 1430 1146 1471 1182; x_wconf 90' lang='lat' dir='ltr'>et</span> <span class='ocrx_word' id='word_1_96' title='bbox 1502 1141 1614 1182; x_wconf 90' lang='lat' dir='ltr'>idem</span> 
     </span>
     <span class='ocr_line' id='line_1_13' title="bbox 107 1207 1617 1260; baseline 0 -12"><span class='ocrx_word' id='word_1_97' title='bbox 107 1220 273 1260; x_wconf 87' lang='lat' dir='ltr'>semper</span> <span class='ocrx_word' id='word_1_98' title='bbox 298 1212 420 1248; x_wconf 89' lang='lat' dir='ltr'>tenor</span> <span class='ocrx_word' id='word_1_99' title='bbox 445 1208 728 1258; x_wconf 88' lang='lat' dir='ltr'>desideratur,</span> <span class='ocrx_word' id='word_1_100' title='bbox 764 1211 892 1260; x_wconf 85' lang='lat' dir='ltr'>utque</span> <span class='ocrx_word' id='word_1_101' title='bbox 922 1220 1008 1247; x_wconf 90' lang='lat' dir='ltr'>non</span> <span class='ocrx_word' id='word_1_102' title='bbox 1042 1207 1172 1247; x_wconf 90' lang='lat' dir='ltr'>nimio</span> <span class='ocrx_word' id='word_1_103' title='bbox 1204 1208 1417 1247; x_wconf 88' lang='lat' dir='ltr'>interdum</span> <span class='ocrx_word' id='word_1_104' title='bbox 1450 1208 1617 1259; x_wconf 87' lang='lat' dir='ltr'>fulgore</span> 
     </span>
     <span class='ocr_line' id='line_1_14' title="bbox 108 1265 1614 1326; baseline -0.001 -12"><span class='ocrx_word' id='word_1_105' title='bbox 108 1273 241 1314; x_wconf 82' lang='lat' dir='ltr'>aciem</span> <span class='ocrx_word' id='word_1_106' title='bbox 262 1274 479 1314; x_wconf 88' lang='lat' dir='ltr'>oculorum</span> <span class='ocrx_word' id='word_1_107' title='bbox 499 1274 814 1326; x_wconf 79' lang='lat' dir='ltr'>praestringens,</span> <span class='ocrx_word' id='word_1_108' title='bbox 835 1265 894 1312; x_wconf 86' lang='lat' dir='ltr'>ita</span> <span class='ocrx_word' id='word_1_109' title='bbox 913 1286 1130 1325; x_wconf 88' lang='lat' dir='ltr'>nunquam</span> <span class='ocrx_word' id='word_1_110' title='bbox 1159 1273 1356 1312; x_wconf 81' lang='lat' dir='ltr'>deficiens</span> <span class='ocrx_word' id='word_1_111' title='bbox 1382 1273 1614 1326; x_wconf 88' lang='lat' dir='ltr'>subitisque</span> 
     </span>
     <span class='ocr_line' id='line_1_15' title="bbox 109 1338 1621 1392; baseline -0.001 -13"><span class='ocrx_word' id='word_1_112' title='bbox 109 1339 379 1392; x_wconf 87' lang='lat' dir='ltr'>absumptum</span> <span class='ocrx_word' id='word_1_113' title='bbox 394 1339 578 1379; x_wconf 84' lang='lat' dir='ltr'>tenebris</span> <span class='ocrx_word' id='word_1_114' title='bbox 592 1338 750 1378; x_wconf 87' lang='lat' dir='ltr'>lumen.</span> <span class='ocrx_word' id='word_1_115' title='bbox 765 1340 816 1378; x_wconf 79' lang='lat' dir='ltr'>At</span> <span class='ocrx_word' id='word_1_116' title='bbox 835 1351 930 1378; x_wconf 90' lang='lat' dir='ltr'>cum</span> <span class='ocrx_word' id='word_1_117' title='bbox 949 1339 1076 1378; x_wconf 89' lang='lat' dir='ltr'>ceteri</span> <span class='ocrx_word' id='word_1_118' title='bbox 1090 1338 1295 1390; x_wconf 41' lang='lat' dir='ltr'>rhetores</span> <span class='ocrx_word' id='word_1_119' title='bbox 1313 1342 1403 1378; x_wconf 86' lang='lat' dir='ltr'>tum</span> <span class='ocrx_word' id='word_1_120' title='bbox 1422 1338 1621 1378; x_wconf 83' lang='lat' dir='ltr'>Manilius</span> 
     </span>
     <span class='ocr_line' id='line_1_16' title="bbox 110 1403 1617 1458; baseline -0.001 -14"><span class='ocrx_word' id='word_1_121' title='bbox 110 1417 278 1458; x_wconf 90' lang='lat' dir='ltr'>quoque</span> <span class='ocrx_word' id='word_1_122' title='bbox 311 1404 354 1443; x_wconf 91' lang='lat' dir='ltr'>in</span> <span class='ocrx_word' id='word_1_123' title='bbox 385 1403 465 1444; x_wconf 90' lang='lat' dir='ltr'>hac</span> <span class='ocrx_word' id='word_1_124' title='bbox 495 1404 683 1443; x_wconf 87' lang='lat' dir='ltr'>maxima</span> <span class='ocrx_word' id='word_1_125' title='bbox 722 1407 840 1455; x_wconf 89' lang='lat' dir='ltr'>parte</span> <span class='ocrx_word' id='word_1_126' title='bbox 880 1403 1104 1452; x_wconf 88' lang='lat' dir='ltr'>claudicat,</span> <span class='ocrx_word' id='word_1_127' title='bbox 1128 1403 1331 1457; x_wconf 87' lang='lat' dir='ltr'>duxitque</span> <span class='ocrx_word' id='word_1_128' title='bbox 1363 1403 1617 1444; x_wconf 89' lang='lat' dir='ltr'>habiliorem</span> 
     </span>
     <span class='ocr_line' id='line_1_17' title="bbox 110 1469 1617 1525; baseline 0 -16"><span class='ocrx_word' id='word_1_129' title='bbox 110 1482 204 1509; x_wconf 90' lang='lat' dir='ltr'>eam</span> <span class='ocrx_word' id='word_1_130' title='bbox 249 1469 351 1525; x_wconf 21' lang='lat' dir='ltr'>forem</span> <span class='ocrx_word' id='word_1_131' title='bbox 378 1482 504 1522; x_wconf 89' lang='lat' dir='ltr'>quam</span> <span class='ocrx_word' id='word_1_132' title='bbox 545 1469 755 1509; x_wconf 84' lang='lat' dir='ltr'>tractabat</span> <span class='ocrx_word' id='word_1_133' title='bbox 797 1469 1018 1509; x_wconf 91' lang='lat' dir='ltr'>materiam</span> <span class='ocrx_word' id='word_1_134' title='bbox 1039 1500 1048 1518; x_wconf 90' lang='lat'>,</span> <span class='ocrx_word' id='word_1_135' title='bbox 1085 1482 1246 1522; x_wconf 91' lang='lat' dir='ltr'>suoque</span> <span class='ocrx_word' id='word_1_136' title='bbox 1284 1469 1454 1522; x_wconf 86' lang='lat' dir='ltr'>ingenio</span> <span class='ocrx_word' id='word_1_137' title='bbox 1495 1469 1617 1521; x_wconf 90' lang='lat' dir='ltr'>eique</span> 
     </span>
     <span class='ocr_line' id='line_1_18' title="bbox 111 1534 1618 1588; baseline -0.001 -13"><span class='ocrx_word' id='word_1_138' title='bbox 111 1547 238 1588; x_wconf 86' lang='lat' dir='ltr'>quam</span> <span class='ocrx_word' id='word_1_139' title='bbox 270 1534 466 1588; x_wconf 90' lang='lat' dir='ltr'>cupiebat</span> <span class='ocrx_word' id='word_1_140' title='bbox 497 1534 652 1587; x_wconf 84' lang='lat' dir='ltr'>ingenii</span> <span class='ocrx_word' id='word_1_141' title='bbox 688 1534 804 1574; x_wconf 90' lang='lat' dir='ltr'>laudi</span> <span class='ocrx_word' id='word_1_142' title='bbox 836 1534 971 1586; x_wconf 82' lang='lat' dir='ltr'>magis</span> <span class='ocrx_word' id='word_1_143' title='bbox 1002 1535 1382 1581; x_wconf 84' lang='lat' dir='ltr'>accommodatam,</span> <span class='ocrx_word' id='word_1_144' title='bbox 1419 1534 1452 1574; x_wconf 94' lang='lat' dir='ltr'>si</span> <span class='ocrx_word' id='word_1_145' title='bbox 1481 1547 1618 1586; x_wconf 90' lang='lat' dir='ltr'>pauca</span> 
     </span>
     <span class='ocr_line' id='line_1_19' title="bbox 111 1599 1616 1653; baseline 0 -13"><span class='ocrx_word' id='word_1_146' title='bbox 111 1600 161 1640; x_wconf 89' lang='lat' dir='ltr'>de</span> <span class='ocrx_word' id='word_1_147' title='bbox 179 1600 337 1650; x_wconf 91' lang='lat' dir='ltr'>multis,</span> <span class='ocrx_word' id='word_1_148' title='bbox 361 1613 490 1653; x_wconf 89' lang='lat' dir='ltr'>quam</span> <span class='ocrx_word' id='word_1_149' title='bbox 510 1600 544 1639; x_wconf 91' lang='lat' dir='ltr'>si</span> <span class='ocrx_word' id='word_1_150' title='bbox 565 1600 615 1640; x_wconf 89' lang='lat' dir='ltr'>de</span> <span class='ocrx_word' id='word_1_151' title='bbox 637 1612 721 1639; x_wconf 92' lang='lat' dir='ltr'>una</span> <span class='ocrx_word' id='word_1_152' title='bbox 737 1612 780 1639; x_wconf 91' lang='lat' dir='ltr'>re</span> <span class='ocrx_word' id='word_1_153' title='bbox 799 1599 945 1639; x_wconf 89' lang='lat' dir='ltr'>omnia</span> <span class='ocrx_word' id='word_1_154' title='bbox 968 1599 1227 1651; x_wconf 89' lang='lat' dir='ltr'>loqueretur.</span> <span class='ocrx_word' id='word_1_155' title='bbox 1250 1601 1397 1652; x_wconf 90' lang='lat' dir='ltr'>Itaque</span> <span class='ocrx_word' id='word_1_156' title='bbox 1421 1600 1616 1652; x_wconf 89' lang='lat' dir='ltr'>frequen-</span> 
     </span>
     <span class='ocr_line' id='line_1_20' title="bbox 110 1665 1619 1706; baseline -0.001 -1"><span class='ocrx_word' id='word_1_157' title='bbox 110 1669 194 1705; x_wconf 92' lang='lat' dir='ltr'>tem</span> <span class='ocrx_word' id='word_1_158' title='bbox 220 1665 330 1705; x_wconf 91' lang='lat' dir='ltr'>hanc</span> <span class='ocrx_word' id='word_1_159' title='bbox 362 1665 583 1706; x_wconf 89' lang='lat' dir='ltr'>advocavit</span> <span class='ocrx_word' id='word_1_160' title='bbox 613 1669 653 1704; x_wconf 88' lang='lat' dir='ltr'>et</span> <span class='ocrx_word' id='word_1_161' title='bbox 676 1665 897 1704; x_wconf 89' lang='lat' dir='ltr'>Graiorum</span> <span class='ocrx_word' id='word_1_162' title='bbox 923 1668 964 1704; x_wconf 85' lang='lat' dir='ltr'>et</span> <span class='ocrx_word' id='word_1_163' title='bbox 999 1666 1287 1705; x_wconf 90' lang='lat' dir='ltr'>Romanorum</span> <span class='ocrx_word' id='word_1_164' title='bbox 1315 1669 1356 1704; x_wconf 90' lang='lat' dir='ltr'>et</span> <span class='ocrx_word' id='word_1_165' title='bbox 1381 1665 1556 1705; x_wconf 88' lang='lat' dir='ltr'>deorum</span> <span class='ocrx_word' id='word_1_166' title='bbox 1579 1668 1619 1704; x_wconf 89' lang='lat' dir='ltr'>et</span> 
     </span>
     <span class='ocr_line' id='line_1_21' title="bbox 109 1729 1618 1783; baseline -0.001 -13"><span class='ocrx_word' id='word_1_167' title='bbox 109 1730 288 1771; x_wconf 88' lang='lat' dir='ltr'>heroum</span> <span class='ocrx_word' id='word_1_168' title='bbox 310 1730 478 1770; x_wconf 88' lang='lat' dir='ltr'>turbam</span> <span class='ocrx_word' id='word_1_169' title='bbox 501 1745 510 1779; x_wconf 90' lang='lat'>;</span> <span class='ocrx_word' id='word_1_170' title='bbox 538 1734 584 1770; x_wconf 91' lang='lat' dir='ltr'>ut</span> <span class='ocrx_word' id='word_1_171' title='bbox 611 1729 816 1783; x_wconf 90' lang='lat' dir='ltr'>cujusque</span> <span class='ocrx_word' id='word_1_172' title='bbox 844 1742 983 1770; x_wconf 91' lang='lat' dir='ltr'>mores</span> <span class='ocrx_word' id='word_1_173' title='bbox 1010 1734 1083 1770; x_wconf 90' lang='lat' dir='ltr'>aut</span> <span class='ocrx_word' id='word_1_174' title='bbox 1108 1730 1219 1770; x_wconf 85' lang='lat' dir='ltr'>facta</span> <span class='ocrx_word' id='word_1_175' title='bbox 1243 1730 1477 1770; x_wconf 87' lang='lat' dir='ltr'>arctissima</span> <span class='ocrx_word' id='word_1_176' title='bbox 1503 1729 1618 1769; x_wconf 92' lang='lat' dir='ltr'>velut</span> 
     </span>
    </p>
   </div>
   <div class='ocr_carea' id='block_1_5' title="bbox 42 1795 1617 1848">
    <p class='ocr_par' dir='ltr' id='par_1_6' title="bbox 42 1795 1617 1848">
     <span class='ocr_line' id='line_1_22' title="bbox 42 1795 1617 1848; baseline -0.001 -13"><span class='ocrx_word' id='word_1_177' title='bbox 42 1826 44 1830; x_wconf 57' lang='grc'>,</span> <span class='ocrx_word' id='word_1_178' title='bbox 111 1795 295 1836; x_wconf 90' lang='lat' dir='ltr'>formula</span> <span class='ocrx_word' id='word_1_179' title='bbox 315 1795 600 1847; x_wconf 87' lang='lat' dir='ltr'>concluderet,</span> <span class='ocrx_word' id='word_1_180' title='bbox 618 1808 712 1847; x_wconf 83' lang='lat' dir='ltr'>quae</span> <span class='ocrx_word' id='word_1_181' title='bbox 729 1795 890 1835; x_wconf 87' lang='lat' dir='ltr'>curiose</span> <span class='ocrx_word' id='word_1_182' title='bbox 906 1795 1321 1848; x_wconf 82' lang='lat' dir='ltr'>expressainsignem</span> <span class='ocrx_word' id='word_1_183' title='bbox 1338 1795 1458 1848; x_wconf 89' lang='lat' dir='ltr'>quasi</span> <span class='ocrx_word' id='word_1_184' title='bbox 1471 1798 1617 1834; x_wconf 89' lang='lat' dir='ltr'>notam</span> 
     </span>
    </p>
   </div>
   <div class='ocr_carea' id='block_1_6' title="bbox 111 1860 1616 1914">
    <p class='ocr_par' dir='ltr' id='par_1_7' title="bbox 111 1860 1616 1914">
     <span class='ocr_line' id='line_1_23' title="bbox 111 1860 1616 1914; baseline 0 -14"><span class='ocrx_word' id='word_1_185' title='bbox 111 1861 261 1914; x_wconf 87' lang='lat' dir='ltr'>cuique</span> <span class='ocrx_word' id='word_1_186' title='bbox 281 1865 528 1914; x_wconf 87' lang='lat' dir='ltr'>apponeret.</span> <span class='ocrx_word' id='word_1_187' title='bbox 550 1861 652 1901; x_wconf 88' lang='lat' dir='ltr'>Inde</span> <span class='ocrx_word' id='word_1_188' title='bbox 674 1861 747 1900; x_wconf 86' lang='lat' dir='ltr'>illa</span> <span class='ocrx_word' id='word_1_189' title='bbox 765 1861 807 1900; x_wconf 94' lang='lat' dir='ltr'>in</span> <span class='ocrx_word' id='word_1_190' title='bbox 829 1860 936 1901; x_wconf 91' lang='lat' dir='ltr'>libro</span> <span class='ocrx_word' id='word_1_191' title='bbox 958 1861 1096 1914; x_wconf 91' lang='lat' dir='ltr'>primo</span> <span class='ocrx_word' id='word_1_192' title='bbox 1125 1861 1387 1901; x_wconf 86' lang='lat' dir='ltr'>enumeratio</span> <span class='ocrx_word' id='word_1_193' title='bbox 1413 1860 1616 1910; x_wconf 87' lang='lat' dir='ltr'>virorum,</span> 
     </span>
    </p>
   </div>
   <div class='ocr_carea' id='block_1_7' title="bbox 113 1925 1620 2044">
    <p class='ocr_par' dir='ltr' id='par_1_8' title="bbox 113 1925 1620 2044">
     <span class='ocr_line' id='line_1_24' title="bbox 113 1925 1620 1980; baseline 0 -14"><span class='ocrx_word' id='word_1_194' title='bbox 113 1939 218 1979; x_wconf 86' lang='lat' dir='ltr'>quos</span> <span class='ocrx_word' id='word_1_195' title='bbox 237 1925 281 1966; x_wconf 90' lang='lat' dir='ltr'>in</span> <span class='ocrx_word' id='word_1_196' title='bbox 299 1926 435 1966; x_wconf 88' lang='lat' dir='ltr'>lacteo</span> <span class='ocrx_word' id='word_1_197' title='bbox 465 1926 621 1966; x_wconf 88' lang='lat' dir='ltr'>circulo</span> <span class='ocrx_word' id='word_1_198' title='bbox 649 1930 744 1979; x_wconf 88' lang='lat' dir='ltr'>post</span> <span class='ocrx_word' id='word_1_199' title='bbox 775 1930 956 1966; x_wconf 89' lang='lat' dir='ltr'>mortem</span> <span class='ocrx_word' id='word_1_200' title='bbox 978 1926 1172 1967; x_wconf 86' lang='lat' dir='ltr'>habitare</span> <span class='ocrx_word' id='word_1_201' title='bbox 1199 1927 1370 1980; x_wconf 89' lang='lat' dir='ltr'>conjicit</span> <span class='ocrx_word' id='word_1_202' title='bbox 1392 1938 1402 1967; x_wconf 89' lang='lat'>:</span> <span class='ocrx_word' id='word_1_203' title='bbox 1425 1939 1446 1967; x_wconf 92' lang='lat' dir='ltr'>e</span> <span class='ocrx_word' id='word_1_204' title='bbox 1468 1926 1620 1980; x_wconf 91' lang='lat' dir='ltr'>quibus</span> 
     </span>
     <span class='ocr_line' id='line_1_25' title="bbox 113 1991 538 2044; baseline -0.002 -13"><span class='ocrx_word' id='word_1_205' title='bbox 113 2003 273 2044; x_wconf 88' lang='lat' dir='ltr'>paucos</span> <span class='ocrx_word' id='word_1_206' title='bbox 294 1991 501 2043; x_wconf 82' lang='lat' dir='ltr'>excipiam</span> <span class='ocrx_word' id='word_1_207' title='bbox 529 2005 538 2029; x_wconf 74' lang='grc' dir='ltr'>ε</span> 
     </span>
    </p>
   </div>
   <div class='ocr_carea' id='block_1_8' title="bbox 304 2061 1388 2482">
    <p class='ocr_par' dir='ltr' id='par_1_9' title="bbox 304 2061 1388 2482">
     <span class='ocr_line' id='line_1_26' title="bbox 848 2061 1150 2109; baseline 0.003 -12"><span class='ocrx_word' id='word_1_208' title='bbox 848 2061 1003 2098; x_wconf 86' lang='lat' dir='ltr'>Horatia</span> <span class='ocrx_word' id='word_1_209' title='bbox 1022 2063 1150 2109; x_wconf 90' lang='lat' dir='ltr'>proles</span> 
     </span>
     <span class='ocr_line' id='line_1_27' title="bbox 304 2115 1273 2162; baseline 0.001 -11"><span class='ocrx_word' id='word_1_210' title='bbox 304 2116 398 2152; x_wconf 89' lang='lat' dir='ltr'>Tota</span> <span class='ocrx_word' id='word_1_211' title='bbox 418 2115 517 2151; x_wconf 88' lang='lat' dir='ltr'>acies</span> <span class='ocrx_word' id='word_1_212' title='bbox 536 2115 681 2162; x_wconf 88' lang='lat' dir='ltr'>partus,</span> <span class='ocrx_word' id='word_1_213' title='bbox 697 2125 767 2150; x_wconf 91' lang='lat' dir='ltr'>nec</span> <span class='ocrx_word' id='word_1_214' title='bbox 787 2125 866 2151; x_wconf 89' lang='lat' dir='ltr'>non</span> <span class='ocrx_word' id='word_1_215' title='bbox 888 2117 926 2151; x_wconf 92' lang='lat' dir='ltr'>et</span> <span class='ocrx_word' id='word_1_216' title='bbox 946 2115 1117 2151; x_wconf 85' lang='lat' dir='ltr'>Scoevola</span> <span class='ocrx_word' id='word_1_217' title='bbox 1138 2118 1273 2152; x_wconf 91' lang='lat' dir='ltr'>trunco</span> 
     </span>
     <span class='ocr_line' id='line_1_28' title="bbox 305 2167 1159 2215; baseline 0 -11"><span class='ocrx_word' id='word_1_218' title='bbox 305 2168 488 2212; x_wconf 83' lang='lat' dir='ltr'>Nobilior,</span> <span class='ocrx_word' id='word_1_219' title='bbox 508 2168 708 2215; x_wconf 88' lang='lat' dir='ltr'>majorque</span> <span class='ocrx_word' id='word_1_220' title='bbox 727 2167 816 2204; x_wconf 81' lang='lat' dir='ltr'>viris</span> <span class='ocrx_word' id='word_1_221' title='bbox 837 2169 874 2203; x_wconf 92' lang='lat' dir='ltr'>et</span> <span class='ocrx_word' id='word_1_222' title='bbox 894 2167 1022 2204; x_wconf 87' lang='lat' dir='ltr'>Cloelia</span> <span class='ocrx_word' id='word_1_223' title='bbox 1041 2168 1159 2215; x_wconf 80' lang='lat' dir='ltr'>virgo,</span> 
     </span>
     <span class='ocr_line' id='line_1_29' title="bbox 306 2220 1268 2268; baseline 0 -10"><span class='ocrx_word' id='word_1_224' title='bbox 306 2223 350 2258; x_wconf 87' lang='lat' dir='ltr'>Et</span> <span class='ocrx_word' id='word_1_225' title='bbox 374 2222 551 2258; x_wconf 86' lang='lat' dir='ltr'>Romana</span> <span class='ocrx_word' id='word_1_226' title='bbox 570 2221 710 2266; x_wconf 88' lang='lat' dir='ltr'>ferens,</span> <span class='ocrx_word' id='word_1_227' title='bbox 731 2232 816 2268; x_wconf 84' lang='lat' dir='ltr'>quae</span> <span class='ocrx_word' id='word_1_228' title='bbox 836 2220 942 2266; x_wconf 86' lang='lat' dir='ltr'>texit,</span> <span class='ocrx_word' id='word_1_229' title='bbox 963 2221 1105 2257; x_wconf 79' lang='lat' dir='ltr'>maenia</span> <span class='ocrx_word' id='word_1_230' title='bbox 1125 2221 1268 2266; x_wconf 90' lang='lat' dir='ltr'>Cocles,</span> 
     </span>
     <span class='ocr_line' id='line_1_30' title="bbox 305 2274 1159 2322; baseline -0.001 -11"><span class='ocrx_word' id='word_1_231' title='bbox 305 2277 350 2312; x_wconf 89' lang='lat' dir='ltr'>Et</span> <span class='ocrx_word' id='word_1_232' title='bbox 370 2275 595 2311; x_wconf 87' lang='lat' dir='ltr'>commilitio</span> <span class='ocrx_word' id='word_1_233' title='bbox 612 2275 774 2310; x_wconf 88' lang='lat' dir='ltr'>volucris</span> <span class='ocrx_word' id='word_1_234' title='bbox 791 2274 974 2311; x_wconf 89' lang='lat' dir='ltr'>Corvinus</span> <span class='ocrx_word' id='word_1_235' title='bbox 996 2274 1159 2322; x_wconf 89' lang='lat' dir='ltr'>adeptus</span> 
     </span>
     <span class='ocr_line' id='line_1_31' title="bbox 307 2327 1388 2375; baseline 0.001 -11"><span class='ocrx_word' id='word_1_236' title='bbox 307 2329 352 2364; x_wconf 88' lang='lat' dir='ltr'>Et</span> <span class='ocrx_word' id='word_1_237' title='bbox 372 2328 495 2375; x_wconf 88' lang='lat' dir='ltr'>spolia</span> <span class='ocrx_word' id='word_1_238' title='bbox 515 2331 553 2364; x_wconf 85' lang='lat' dir='ltr'>et</span> <span class='ocrx_word' id='word_1_239' title='bbox 572 2338 728 2373; x_wconf 90' lang='lat' dir='ltr'>nomen,</span> <span class='ocrx_word' id='word_1_240' title='bbox 751 2328 816 2375; x_wconf 90' lang='lat' dir='ltr'>qui</span> <span class='ocrx_word' id='word_1_241' title='bbox 835 2330 965 2375; x_wconf 85' lang='lat' dir='ltr'>gestat</span> <span class='ocrx_word' id='word_1_242' title='bbox 986 2327 1024 2363; x_wconf 93' lang='lat' dir='ltr'>in</span> <span class='ocrx_word' id='word_1_243' title='bbox 1046 2328 1135 2363; x_wconf 89' lang='lat' dir='ltr'>alite</span> <span class='ocrx_word' id='word_1_244' title='bbox 1157 2329 1388 2365; x_wconf 83' lang='lat' dir='ltr'>Phaebum...</span> 
     </span>
     <span class='ocr_line' id='line_1_32' title="bbox 306 2381 1283 2429; baseline 0.001 -12"><span class='ocrx_word' id='word_1_245' title='bbox 306 2381 582 2428; x_wconf 87' lang='lat' dir='ltr'>Certantesque</span> <span class='ocrx_word' id='word_1_246' title='bbox 603 2381 692 2417; x_wconf 89' lang='lat' dir='ltr'>Deci</span> <span class='ocrx_word' id='word_1_247' title='bbox 711 2381 807 2418; x_wconf 83' lang='lat' dir='ltr'>votis</span> <span class='ocrx_word' id='word_1_248' title='bbox 826 2381 1045 2429; x_wconf 89' lang='lat' dir='ltr'>similesque</span> <span class='ocrx_word' id='word_1_249' title='bbox 1067 2381 1283 2429; x_wconf 87' lang='lat' dir='ltr'>triumphis,</span> 
     </span>
     <span class='ocr_line' id='line_1_33' title="bbox 309 2435 1025 2482; baseline -0.001 -11"><span class='ocrx_word' id='word_1_250' title='bbox 309 2435 572 2482; x_wconf 82' lang='lat' dir='ltr'>Invictumque</span> <span class='ocrx_word' id='word_1_251' title='bbox 593 2446 704 2471; x_wconf 91' lang='lat' dir='ltr'>mora</span> <span class='ocrx_word' id='word_1_252' title='bbox 724 2435 962 2471; x_wconf 89' lang='lat' dir='ltr'>Fabium.....</span> <span class='ocrx_word' id='word_1_253' title='bbox 991 2435 1005 2457; x_wconf 71' lang='lat'><strong>2</strong></span> <span class='ocrx_word' id='word_1_254' title='bbox 1017 2448 1025 2478; x_wconf 92' lang='lat'>;</span> 
     </span>
    </p>
   </div>
   <div class='ocr_carea' id='block_1_9' title="bbox 118 2546 1508 2600">
    <p class='ocr_par' dir='ltr' id='par_1_10' title="bbox 118 2546 1508 2600">
     <span class='ocr_line' id='line_1_34' title="bbox 118 2546 1508 2600; baseline -0.001 -12"><span class='ocrx_word' id='word_1_255' title='bbox 118 2548 185 2589; x_wconf 85' lang='lat' dir='ltr'>vel</span> <span class='ocrx_word' id='word_1_256' title='bbox 204 2547 278 2589; x_wconf 88' lang='lat' dir='ltr'>illa</span> <span class='ocrx_word' id='word_1_257' title='bbox 295 2547 339 2588; x_wconf 91' lang='lat' dir='ltr'>in</span> <span class='ocrx_word' id='word_1_258' title='bbox 357 2548 483 2588; x_wconf 88' lang='lat' dir='ltr'>tertio</span> <span class='ocrx_word' id='word_1_259' title='bbox 505 2548 628 2598; x_wconf 89' lang='lat' dir='ltr'>libro,</span> <span class='ocrx_word' id='word_1_260' title='bbox 652 2560 746 2588; x_wconf 91' lang='lat' dir='ltr'>cum</span> <span class='ocrx_word' id='word_1_261' title='bbox 767 2560 860 2600; x_wconf 82' lang='lat' dir='ltr'>quae</span> <span class='ocrx_word' id='word_1_262' title='bbox 884 2559 968 2587; x_wconf 92' lang='lat' dir='ltr'>non</span> <span class='ocrx_word' id='word_1_263' title='bbox 990 2547 1221 2600; x_wconf 85' lang='lat' dir='ltr'>scripturus</span> <span class='ocrx_word' id='word_1_264' title='bbox 1239 2547 1307 2598; x_wconf 90' lang='lat' dir='ltr'>sit,</span> <span class='ocrx_word' id='word_1_265' title='bbox 1330 2546 1476 2588; x_wconf 87' lang='lat' dir='ltr'>indicit</span> <span class='ocrx_word' id='word_1_266' title='bbox 1499 2558 1508 2587; x_wconf 91' lang='lat'>:</span> 
     </span>
    </p>
   </div>
   <div class='ocr_carea' id='block_1_10' title="bbox 310 2663 1326 2766">
    <p class='ocr_par' dir='ltr' id='par_1_11' title="bbox 310 2663 1326 2766">
     <span class='ocr_line' id='line_1_35' title="bbox 310 2663 1197 2712; baseline -0.002 -11"><span class='ocrx_word' id='word_1_267' title='bbox 310 2665 392 2701; x_wconf 92' lang='lat' dir='ltr'>Non</span> <span class='ocrx_word' id='word_1_268' title='bbox 407 2675 478 2712; x_wconf 83' lang='lat' dir='ltr'>ego</span> <span class='ocrx_word' id='word_1_269' title='bbox 499 2665 538 2700; x_wconf 91' lang='lat' dir='ltr'>in</span> <span class='ocrx_word' id='word_1_270' title='bbox 555 2665 747 2701; x_wconf 86' lang='lat' dir='ltr'>excidium</span> <span class='ocrx_word' id='word_1_271' title='bbox 768 2664 848 2700; x_wconf 87' lang='lat' dir='ltr'>caeli</span> <span class='ocrx_word' id='word_1_272' title='bbox 865 2663 1062 2700; x_wconf 83' lang='lat' dir='ltr'>nascentia</span> <span class='ocrx_word' id='word_1_273' title='bbox 1081 2663 1197 2709; x_wconf 89' lang='lat' dir='ltr'>bella,</span> 
     </span>
     <span class='ocr_line' id='line_1_36' title="bbox 312 2717 1326 2766; baseline -0.001 -12"><span class='ocrx_word' id='word_1_274' title='bbox 312 2718 496 2755; x_wconf 91' lang='lat' dir='ltr'>Fulminis</span> <span class='ocrx_word' id='word_1_275' title='bbox 514 2721 551 2754; x_wconf 90' lang='lat' dir='ltr'>et</span> <span class='ocrx_word' id='word_1_276' title='bbox 570 2718 761 2763; x_wconf 85' lang='lat' dir='ltr'>flammas,</span> <span class='ocrx_word' id='word_1_277' title='bbox 784 2720 917 2766; x_wconf 85' lang='lat' dir='ltr'>partus</span> <span class='ocrx_word' id='word_1_278' title='bbox 933 2717 972 2754; x_wconf 91' lang='lat' dir='ltr'>in</span> <span class='ocrx_word' id='word_1_279' title='bbox 993 2719 1114 2754; x_wconf 88' lang='lat' dir='ltr'>matre</span> <span class='ocrx_word' id='word_1_280' title='bbox 1137 2718 1326 2765; x_wconf 89' lang='lat' dir='ltr'>sepultos;</span> 
     </span>
    </p>
   </div>
   <div class='ocr_carea' id='block_1_11' title="bbox 163 2833 780 2922">
    <p class='ocr_par' dir='ltr' id='par_1_12' title="bbox 163 2833 780 2922">
     <span class='ocr_line' id='line_1_37' title="bbox 167 2833 654 2873; baseline 0 -7"><span class='ocrx_word' id='word_1_281' title='bbox 167 2834 196 2866; x_wconf 86' lang='lat'>1.</span> <span class='ocrx_word' id='word_1_282' title='bbox 217 2833 320 2871; x_wconf 71' lang='lat' dir='ltr'>Man„</span> <span class='ocrx_word' id='word_1_283' title='bbox 343 2833 496 2871; x_wconf 65' lang='lat' dir='ltr'>Astron„</span> <span class='ocrx_word' id='word_1_284' title='bbox 518 2834 559 2873; x_wconf 92' lang='lat' dir='ltr'>V,</span> <span class='ocrx_word' id='word_1_285' title='bbox 581 2834 654 2867; x_wconf 74' lang='lat'><strong>463.</strong></span> 
     </span>
     <span class='ocr_line' id='line_1_38' title="bbox 163 2880 780 2922; baseline 0 -10"><span class='ocrx_word' id='word_1_286' title='bbox 163 2881 195 2914; x_wconf 83' lang='lat'>2.</span> <span class='ocrx_word' id='word_1_287' title='bbox 217 2880 285 2922; x_wconf 86' lang='lat' dir='ltr'>Id.,</span> <span class='ocrx_word' id='word_1_288' title='bbox 303 2880 399 2918; x_wconf 75' lang='lat' dir='ltr'>ibid„</span> <span class='ocrx_word' id='word_1_289' title='bbox 422 2881 449 2921; x_wconf 91' lang='lat' dir='ltr'>I,</span> <span class='ocrx_word' id='word_1_290' title='bbox 467 2881 615 2921; x_wconf 73' lang='lat'>‘178‚·183,</span> <span class='ocrx_word' id='word_1_291' title='bbox 633 2881 780 2914; x_wconf 77' lang='lat'><strong>790-791.</strong></span> 
     </span>
    </p>
   </div>
  </div>
 </body>
</html>
