1930 3320
950 287 1157 326 -55-

319 379 424 416 inter
457 388 499 415 se
530 373 865 425 repugnantibus,
898 373 1088 412 omnibus
1119 373 1293 425 denique
1330 375 1462 414 modis
1494 379 1648 426 peccet.
1681 376 1783 414 Nam

320 440 450 479 multa
481 450 571 488 quae
601 435 859 487 Hipparchus
885 440 956 475 aut
981 437 1196 476 addiderat
1224 437 1407 489 priorum
1441 438 1616 477 inventis
1644 442 1716 477 aut
1742 438 1785 478 in

318 502 465 541 melius
495 502 741 546 mutaverat,
764 499 949 550 negligit,
973 512 1019 538 ac
1045 501 1167 552 plane
1193 501 1422 540 incuriosus
1452 501 1627 553 videtur,
1647 501 1785 553 profe-

319 565 470 604 ceritne
496 562 748 601 astronomia
778 575 917 601 necne.
946 564 1103 602 Etenim
1135 576 1227 603 cum
1257 564 1374 614 signa
1405 569 1662 612 annumerat,
1691 577 1783 616 quae

319 631 435 667 extra
454 625 666 666 zodiacum
687 629 795 672 sunt,
818 638 1034 665 numerum
1062 627 1113 666 ab
1133 627 1367 678 Hipparcho
1389 627 1400 650 ¹
1424 627 1681 678 designatum
1701 639 1784 667 non

319 690 470 741 explet,
492 689 562 728 sed
588 692 785 740 quattuor
806 689 923 739 signa
949 690 998 728 de
1026 702 1187 729 summa
1212 690 1421 729 deminuit.
1445 692 1525 730 Nec
1551 690 1682 741 magis
1702 690 1783 730 cla-

318 753 466 793 rissimi
485 752 609 803 hujus
629 752 704 791 viri
730 752 909 802 vestigiis
929 753 1090 802 insistit,
1115 765 1207 792 cuni
1233 753 1531 793 immutabilem
1550 766 1624 806 per
1643 754 1782 793 laben-

319 817 375 856 tia
395 815 532 855 secula
548 815 638 855 caeli
658 815 803 854 faciem
824 816 983 867 magnis
1006 829 1102 855 sane
1129 816 1262 856 verbis
1285 820 1325 855 et
1346 817 1561 855 luculentis
1587 817 1695 856 canit
1717 829 1726 856 ε
1749 817 1784 855 si

319 881 426 919 enim
444 879 622 918 illustres
642 879 763 930 hujus
783 892 900 918 curas
923 892 969 918 ac
994 879 1153 930 vigilias
1177 879 1430 930 attendisset,
1451 892 1534 918 non
1554 892 1647 918 eum
1663 880 1784 931 fugis-

319 947 392 992 set,
412 942 707 994 Hipparchum,
731 954 822 981 cum
845 955 955 983 nova
974 943 1108 982 subito
1130 943 1261 990 stella,
1284 943 1488 993 prioribus
1508 942 1654 990 invisa,
1677 955 1785 982 com-

319 1006 534 1058 paruisset,
556 1018 731 1056 cumque
758 1005 888 1045 altera
910 1006 1126 1058 splendida
1151 1006 1362 1045 defecisset
1387 1010 1511 1057 atque
1537 1006 1782 1054 evanuisset,

320 1069 591 1108 admirantem
621 1069 662 1107 in
690 1069 789 1108 03310
817 1082 979 1121 quoque
1006 1069 1254 1108 mutationes
1274 1081 1409 1108 rerum
1431 1069 1533 1118 fieri,
1553 1073 1593 1108 et
1615 1069 1683 1108 ubi
1704 1070 1786 1108 t'ue-

320 1136 413 1172 rant
442 1132 637 1179 tenebrae,
670 1132 872 1182 fulgorem
906 1145 1003 1171 mox
1034 1133 1136 1180 dari,
1169 1132 1237 1170 ubi
1270 1145 1364 1171 vero
1397 1132 1545 1183 fulgor,
1577 1132 1781 1182 tenebras,

318 1195 491 1247 posteris
510 1195 687 1234 voluisse
707 1196 882 1242 tradere,
907 1195 1040 1246 qualis
1065 1208 1106 1234 se
1126 1195 1284 1234 vivente
1306 1196 1446 1234 fuisset
1471 1195 1615 1234 mundi
1634 1195 1781 1246 figura,

320 1271 410 1310 quae
441 1257 611 1308 singulis
642 1258 756 1296 sedes
786 1259 919 1305 astris,
949 1271 1121 1309 quaeque
1145 1259 1409 1309 magnitudo,
1437 1259 1558 1310 idque
1590 1259 1633 1297 in
1661 1258 1782 1298 here-

320 1321 446 1360 ditate
476 1321 700 1371 reliquisse,
733 1337 751 1355 (t
784 1325 829 1359 ut
855 1321 974 1360 facile
1007 1321 1180 1360 discerni
1212 1326 1346 1372 posset
1378 1334 1427 1360 ex
1455 1334 1517 1372 eo,
1549 1333 1634 1360 non
1661 1321 1783 1360 modo

319 1397 372 1423 an
409 1383 582 1429 abirent,
618 1387 947 1431 nascerenturve,
986 1385 1054 1422 sed
1095 1396 1148 1422 an
1185 1384 1354 1423 omnino
1390 1383 1528 1435 aliqua
1565 1383 1786 1423 transirent

319 1451 646 1497 moverenturve,
676 1446 799 1485 etiam
835 1459 888 1485 an
923 1451 1164 1494 crescerent,
1200 1447 1561 1498 minuerenturque
1593 1447 1622 1485 ².
1654 1462 1672 1483 »
1706 1448 1786 1486 Nec

319 1511 508 1550 eumdem
547 1523 708 1562 semper
746 1511 845 1549 caelo
884 1510 1136 1561 adspectum,
1176 1510 1363 1549 eamdem
1405 1510 1531 1549 stellis
1567 1509 1785 1549 stationem

320 1586 404 1613 esse
439 1574 696 1624 cognovisset
727 1573 934 1621 Manilius,
969 1574 1002 1612 si
1032 1573 1156 1612 modo
1188 1573 1422 1624 Hipparcho
1456 1573 1639 1624 praebere
1667 1585 1786 1612 aures

319 1634 513 1677 voluisset
536 1653 543 1675 ε
565 1649 660 1675 nam
682 1640 958 1688 praeterquam
977 1637 1087 1687 quod
1105 1640 1328 1675 nascuntur
1348 1640 1387 1675 et
1406 1640 1590 1687 pereunt,
1608 1636 1784 1687 Hippar-

320 1700 419 1739 chus
438 1699 539 1738 illud
561 1699 612 1738 ab
632 1701 757 1738 Arato
776 1699 865 1749 jam
889 1700 1145 1738 enuntiatum
1172 1699 1484 1747 demonstravit,
1505 1702 1638 1738 totum
1665 1699 1787 1738 simul

321 1764 464 1803 caelum
498 1775 720 1813 omnesque
750 1762 889 1801 stellas
923 1775 970 1802 ac
1003 1763 1118 1813 signa
1154 1775 1234 1801 uno
1269 1767 1399 1812 motu,
1434 1763 1544 1802 lento
1579 1762 1786 1814 tacitoque

321 1826 457 1878 lapsu,
493 1838 706 1877 nunquam
732 1826 933 1864 cessantia
964 1838 1097 1877 neque
1127 1826 1331 1864 morantia
1362 1825 1471 1872 ferri,
1506 1825 1644 1876 sicque
1676 1837 1785 1865 anno

320 1901 484 1942 quoque
521 1888 732 1928 immutari
760 1889 968 1940 paulisper
997 1901 1044 1927 ac
1080 1889 1189 1927 velut
1223 1888 1452 1939 retrogradi
1483 1888 1787 1939 aequinoctialia

321 1957 359 1992 et
395 1952 625 1992 solstitialia
659 1956 813 2003 puncta
850 1965 857 1990 :
893 1956 958 1999 ut,
993 1952 1150 2002 aliquot
1181 1951 1330 2003 elapsis
1360 1952 1525 1999 seculis,
1555 1951 1606 1990 ab
1643 1950 1787 1990 eadem

321 2020 438 2055 terrae
474 2019 590 2067 parte
621 2015 822 2066 spectanti
852 2027 937 2053 non
970 2015 1113 2053 eadem
1149 2015 1238 2053 caeli
1271 2015 1394 2053 facies
1426 2018 1638 2066 appareat,
1673 2007 1786 2066 quae-

321 2082 546 2130 ranturque
575 2078 703 2117 stellae
733 2090 806 2129 per
834 2078 1050 2125 mundum,
1079 2090 1152 2117 nec
1181 2079 1223 2116 in
1249 2078 1391 2117 eadem
1423 2078 1603 2128 regione,
1632 2077 1675 2116 in
1708 2089 1789 2128 qua

321 2142 467 2194 prioris
502 2141 577 2180 aevi
611 2141 799 2180 homines
834 2153 903 2180 eas
941 2141 1203 2191 signaverant
1241 2153 1286 2180 ac
1322 2140 1637 2191 descripserant,
1673 2140 1788 2178 inve·-

321 2206 500 2245 niantur.
521 2205 624 2251 Quid
645 2204 770 2255 igitur
785 2204 874 2255 jam
896 2204 974 2243 sibi
992 2204 1078 2243 vult
1100 2204 1172 2243 illa
1194 2203 1349 2244 Manilii
1367 2203 1627 2252 declamatio,
1648 2202 1788 2241 omnia

321 2269 363 2307 in
390 2268 519 2315 terris,
543 2268 644 2306 nihil
669 2268 710 2306 in
731 2267 831 2307 caelo
853 2267 1064 2306 immutari
1087 2279 1095 2306 z
1119 2279 1212 2306 cum
1236 2271 1379 2306 contra
1398 2267 1499 2305 etin
1525 2265 1625 2305 caelo
1649 2265 1788 2317 aliqua

322 2334 546 2370 nascantur
573 2335 614 2369 et
645 2334 828 2381 pereant,
857 2330 1224 2381 splendescantque
1255 2333 1294 2368 et
1325 2329 1608 2377 obscurentur,
1642 2340 1788 2380 proce-

322 2393 422 2433 dant
442 2393 730 2444 recedantque,
752 2405 827 2432 nec
847 2393 1026 2432 caelestia
1045 2394 1153 2432 inter
1172 2393 1458 2444 terrestriaque
1480 2392 1590 2431 aliud
1613 2391 1785 2439 intersit,

322 2456 399 2496 nisi
423 2459 614 2496 terrestre
639 2456 834 2496 saeculum
863 2457 1066 2495 caelestem
1091 2456 1197 2496 diem
1225 2469 1324 2503 esse,
1344 2468 1550 2507 quamque
1575 2455 1789 2494 immorta-

323 2519 479 2559 litatem
505 2520 548 2559 in
574 2519 803 2559 caelestibus
830 2519 1105 2571 agnoscimus,
1126 2519 1436 2559 diuturnitatem
1463 2519 1663 2558 duntaxat
1685 2530 1786 2566 esse,

323 2595 413 2635 quae
434 2595 669 2623 mensuram
690 2586 874 2622 nostram
895 2583 1092 2622 excedat?

362 2705 390 2735 1.
408 2703 507 2744 Plin.‚
526 2703 612 2736 Hist.
632 2705 718 2741 nat„
740 2703 780 2742 11,
803 2705 854 2744 24,
880 2705 919 2736 26
940 2714 948 2736 z
977 2704 1102 2745 Ausus,
1125 2713 1197 2737 rem
1225 2705 1327 2736 etiam
1358 2705 1429 2736 Deo
1450 2703 1658 2744 improbam,
1676 2711 1787 2735 annu-

322 2758 454 2783 merare
473 2750 624 2791 posteris
641 2750 771 2783 stellas.

362 2797 392 2828 2.
412 2795 476 2833 Id„
500 2795 584 2828 ibid.
