1936 3392
861 284 914 326 75

167 450 252 478 esse
300 433 416 489 quasi
467 447 613 488 corpus
648 431 838 473 membris
873 435 914 472 et
946 430 1083 472 animo
1116 428 1379 485 praeditum,
1415 428 1603 485 pluribus

168 513 266 555 locis
314 512 433 554 redit.
501 511 567 553 Sic
616 509 710 560 III,
766 512 845 551 50:
899 508 1177 566 „principium
1224 522 1359 550 rerum
1394 512 1436 549 et
1467 511 1604 549 eustos

165 595 312 634 natura
362 591 584 641 latentum,
635 604 727 631 eum
776 592 913 630 tantas
963 591 1141 630 strueret
1174 586 1302 629 moles
1336 603 1408 643 per
1442 587 1605 628 moenia

165 669 310 714 mundi
357 673 398 711 et
446 668 702 712 circumfusis
751 667 888 710 orbem
941 666 1208 710 concluderet
1255 666 1375 708 astris
1423 666 1603 720 undique

165 749 413 806 pendentem
459 748 499 790 in
535 747 712 790 medium
729 781 740 799 ,
783 747 1015 803 divereaque
1046 746 1215 788 membra
1248 745 1453 788 ordinibus
1485 746 1605 787 certis

163 825 332 868 sociaret
379 840 518 880 corpus
566 825 608 866 in
657 813 794 875 unum,
853 838 1021 880 aeraque
1069 827 1108 864 et
1156 826 1285 864 terras
1322 823 1603 878 flammamque

165 905 384 960 undamque
433 908 633 946 natamtem
682 908 818 946 mutua
868 904 911 945 in
958 904 1158 945 alternum
1189 903 1382 956 praebere
1412 902 1602 943 alimenta

163 983 336 1034 iuberet,
373 988 419 1025 ut
452 987 516 1025 tot
548 983 777 1039 pugnantis
809 987 969 1038 regeret
1002 981 1221 1024 eoncordia
1253 996 1419 1032 causas,
1459 985 1599 1023 staret·

164 1077 245 1119 que
277 1062 436 1105 alterno
467 1063 667 1118 religatus
701 1062 860 1104 foedere
896 1062 1100 1113 mundus,
1135 1065 1353 1117 exceptum
1388 1076 1410 1101 a
1443 1075 1602 1103 summa

163 1157 215 1184 ne
263 1142 362 1196 quid
411 1143 569 1184 ratione
619 1146 826 1192 maneret,
877 1146 918 1183 et
968 1141 1079 1196 quod
1120 1145 1207 1182 erat
1242 1141 1410 1191 mundi,
1446 1140 1602 1182 mundo

163 1225 372 1276 regeretur
404 1221 454 1263 ab
488 1222 578 1277 ipso
589 1254 601 1273 ,
637 1223 719 1263 fata
753 1236 918 1276 quoque
952 1227 993 1262 et
1017 1222 1121 1262 vitas
1144 1221 1359 1263 hominum
1384 1221 1601 1277 suspendit

415 1300 426 1318 '
494 1301 598 1343 [tem
651 1300 717 1342 II:
773 1301 853 1342 67:
891 1300 1031 1356 „quod
1070 1301 1147 1342 nisi
1188 1301 1375 1356 cognatis
1411 1300 1600 1343 membris

162 1300 213 1343 ab
265 1301 412 1344 astris!

162 1385 354 1422 contexta
402 1385 585 1422 maneret
635 1381 847 1431 machina,
899 1385 938 1422 et
978 1381 1172 1437 imposito
1205 1385 1366 1437 pareret
1399 1384 1487 1423 tota
1520 1396 1602 1422 ma·

163 1459 316 1515 gistro,
351 1474 396 1501 ac
430 1463 590 1501 tantum
627 1459 771 1501 mundi
805 1464 963 1513 regeret
986 1459 1207 1516 prudentia
1229 1474 1398 1501 censum
1414 1493 1423 1510 ‚
1450 1485 1464 1491 -
1486 1483 1499 1491 -
1523 1475 1599 1501 non

163 1537 302 1580 imbres
343 1539 498 1580 alerent
531 1543 683 1587 terras,
736 1554 813 1580 non
846 1540 1007 1580 aethera
1035 1539 1160 1590 venti,
1195 1554 1264 1581 neo
1288 1543 1439 1593 pontus
1468 1542 1601 1592 yram·-

164 1612 236 1660 dds
283 1619 426 1670 nubes,
478 1633 546 1660 nec
592 1618 762 1669 flumina
788 1622 977 1672 pontum,
1028 1633 1098 1660 nec
1122 1618 1297 1672 pelaqus
1325 1618 1480 1670 fonti-5¹,
1525 1633 1601 1660 nec

161 1701 289 1740 staret
336 1713 494 1740 summa
546 1713 614 1753 per
647 1698 780 1745 omnis
814 1712 886 1753 par
918 1712 1077 1753 semper
1108 1697 1238 1753 partis
1273 1712 1403 1752 aequo
1439 1697 1599 1753 digesta

162 1775 376 1832 parente.”
426 1776 492 1818 Sic
525 1777 649 1818 etiam
683 1781 830 1832 poeta,
865 1781 914 1818 ut
947 1791 1044 1828 nos,
1079 1777 1262 1818 animum
1296 1776 1475 1818 hominis
1508 1791 1601 1818 cum

161 1870 243 1898 non
276 1855 486 1898 videamus
520 1855 589 1897 sed
624 1871 795 1912 corpus,
848 1856 889 1897 id
924 1856 1035 1912 quod
1070 1856 1257 1898 videmus
1291 1857 1499 1898 hominem
1533 1872 1601 1913 ap-

162 1934 384 1991 pellamus,
435 1935 632 1977 mundum
686 1935 809 1977 deum
860 1940 1000 1977 vocat:
1043 1950 1119 1985 „ac
1152 1935 1255 1977 mihi
1289 1941 1375 1977 tam
1409 1951 1600 1992 praesens

161 2015 266 2056 ratio
298 2029 380 2056 non
415 2014 501 2056 ulla
534 2016 710 2066 videtur,
748 2031 830 2071 qua
865 2020 1003 2072 pateat
1039 2015 1240 2057 mundum
1265 2015 1404 2058 divino
1432 2017 1600 2058 numine

161 2093 284 2145 verti,
318 2098 436 2150 atque
469 2094 595 2148 ipsum
622 2110 703 2136 esse
736 2093 872 2136 deum''
899 2094 925 2150 ¹)
959 2099 1000 2136 et
1023 2094 1146 2136 alibi:
1174 2109 1286 2145 „non
1310 2094 1437 2137 alium
1462 2095 1600 2136 videre-

161 2177 296 2229 patres
346 2173 577 2229 (mundum)
628 2173 808 2216 aliumve
859 2180 1029 2229 nepotes
1079 2174 1302 2230 aspicient:
1378 2175 1486 2216 Deus
1518 2178 1597 2225 est,

161 2253 230 2308 qui
260 2267 338 2294 non
369 2257 546 2295 mutatur
578 2256 622 2294 in
654 2253 793 2295 aevo.’⁷
819 2254 850 2309 ²)

222 2330 280 2374 Ut
328 2336 483 2373 veteres
530 2332 788 2389 philosophi,
841 2333 1028 2389 inprimis
1079 2333 1295 2389 Epicurei,
1337 2335 1520 2376 animum
1555 2335 1595 2375 in

160 2415 247 2452 toto
297 2426 486 2467 corpore,
536 2413 580 2454 in
629 2412 821 2454 omnibus
870 2412 1062 2454 membris
1112 2413 1243 2455 inesse
1279 2413 1492 2465 dicebant,
1527 2414 1596 2455 sed

119 2508 121 2511 ·
161 2491 298 2533 tamen
330 2492 574 2548 praecipuae
609 2493 715 2548 parti
749 2493 876 2534 animi
911 2507 1027 2535 suam
1062 2493 1198 2535 sedem
1234 2494 1276 2535 iu
1309 2508 1478 2550 corpore
1512 2494 1597 2534 sive

160 2574 326 2626 pectus,
377 2571 463 2612 sivo
502 2576 650 2627 eaput,
686 2571 864 2622 dabant,
901 2573 957 2614 sic
992 2578 1132 2614 noster
1164 2573 1302 2615 sedem
1336 2573 1487 2624 animi,
1523 2574 1596 2628 qui

160 2648 313 2690 mundo
346 2649 479 2701 inest,
514 2650 694 2693 siderum
729 2651 848 2707 signa
873 2652 998 2694 dicit:
1036 2652 1129 2704 uhic
1153 2653 1284 2709 igitur
1306 2654 1402 2694 deus
1424 2657 1465 2694 et
1488 2653 1594 2694 ratio

208 2902 230 2941 ¹)
279 2906 313 2941 1,
339 2906 412 2935 483.

202 2964 227 3004 ²)
275 2967 310 3002 1,
336 2967 410 2997 522.
