1942 3308
924 219 1201 271 ..ὅρῳ

315 362 419 411 quae
450 368 577 410 prope
607 351 658 395 ad
679 352 860 408 Augusti
891 359 1049 409 tempus
1079 353 1270 396 accedere
1297 354 1435 396 statuit
1454 352 1664 398 Baehrens
1690 372 1729 414 p.
1751 352 1799 401 L.

313 438 367 466 m.
395 424 432 475 1,
462 437 501 477 p.
533 422 612 464 201
645 436 705 476 sq.
767 419 951 470 Quorum
982 421 1022 460 in
1055 421 1172 462 tertio
1203 421 1302 462 haec
1333 422 1384 475 (V.
1420 423 1470 463 15
1501 424 1578 478 sq.)
1609 423 1743 478 legas:

489 491 622 541 Quam
650 489 752 538 bene,
788 488 997 540 Quintilis,
1026 491 1199 530 mutasti
1228 503 1393 530 nomen:
1421 490 1573 532 honori

486 557 688 607 Caesaris,
718 570 739 596 ο
770 556 866 606 Iuli,
898 560 933 596 te
955 557 1037 610 pia
1066 569 1194 596 causa
1224 557 1348 597 dedit.

488 625 549 665 Tic
581 637 749 679 quoqne,
782 622 961 674 Semta-is,
989 624 1234 665 venerabilis
1263 624 1447 666 omnibus
1473 627 1598 666 annis

481 691 680 732 Numinis
709 692 890 746 Anyusti
915 694 1087 733 nomina
1115 706 1269 746 magna
1296 695 1419 746 qeris.

314 758 361 802 C.
403 759 527 799 Iulius
568 759 719 800 Caesar
769 759 919 812 optime
968 758 1018 799 de
1056 759 1150 799 anni
1191 759 1310 800 modo
1360 759 1588 801 definiendo
1635 759 1800 815 eiusque

311 827 448 883 spatiis
479 825 736 881 disponendis
768 826 934 867 meritus
966 828 1124 878 e1·at;¹)
1154 825 1407 881 praedicatur
1439 827 1490 868 ob
1521 827 1596 868 hoc
1626 827 1676 868 ab
1703 827 1800 870 Ovi-

311 895 377 936 dio
405 894 514 936 Fast.
545 894 602 934 III
634 892 713 935 155
744 892 783 932 in
813 893 918 933 hune
946 892 1132 934 modum:

480 961 561 1002 Sed
590 966 726 1002 tamen·
757 960 956 1002 errabant
986 962 1109 1002 etiam
1138 974 1247 1002 nune
1275 966 1474 1016 tempora,
1506 963 1631 1004 donec

487 1029 681 1070 Caesaris
711 1031 754 1070 in
787 1029 927 1069 multis
956 1028 1057 1069 haec
1085 1043 1241 1083 qnoque
1267 1042 1370 1070 Citra
1388 1029 1496 1083 fuit.

480 1096 576 1138 Non
604 1096 703 1137 haee
733 1097 803 1137 ille
826 1097 924 1137 deus
954 1101 1171 1151 tantaeque
1197 1099 1450 1151 propayinis
1480 1102 1629 1139 auctor

482 1164 671 1205 Credidit
695 1164 848 1218 officiis
876 1178 956 1205 esse
986 1166 1152 1205 minora
1181 1166 1293 1205 sicis:

479 1232 765 1273 Promissa
778 1246 815 1272 m
830 1246 905 1287 que
931 1232 1009 1273 sibi
1035 1233 1164 1273 voluit
1185 1246 1554 1286 praenoscere
1581 1233 1762 1274 caelu-m:

477 1300 563 1341 Nee
592 1301 692 1341 deus
719 1302 879 1355 iynotas
908 1300 1050 1354 hospes
1079 1302 1190 1341 inire.
1217 1301 1355 1341 domos
1383 1307 1459 1343 etc.

308 1367 526 1409 Artissima
554 1375 690 1408 autem
720 1382 810 1408 eum
842 1368 892 1408 sit
923 1369 1036 1420 ratio,
1069 1382 1172 1423 quae
1202 1368 1306 1408 inter
1328 1382 1482 1408 menses
1513 1374 1554 1408 et
1581 1367 1712 1408 sidera
1740 1367 1798 1408 in-

308 1435 486 1476 tercedat
517 1436 586 1486 (ef.
616 1435 741 1490 Verg.
771 1434 853 1490 Gg.
887 1435 1018 1487 132),
1050 1435 1160 1475 illam
1181 1435 1425 1490 opinionem,
1461 1449 1540 1490 qua
1565 1436 1797 1489 Augustum

307 1509 459 1543 astrum
491 1517 576 1544 esse
606 1502 829 1554 crederent,
859 1503 985 1544 foveri
1017 1503 1193 1558 potuisse
1220 1503 1308 1557 quis
1337 1508 1397 1543 est
1427 1502 1495 1557 qui
1524 1500 1677 1557 neget?
1717 1501 1798 1543 Eo·

311 1570 402 1612 dem
433 1570 531 1611 mihi
554 1570 820 1626 persuaserim
854 1570 1066 1625 pertinere,
1097 1570 1204 1626 quod
1228 1570 1426 1626 quaedam
1448 1569 1586 1610 Italiae
1615 1569 1798 1611 civitates

310 1639 430 1690 diem,
462 1653 542 1694 quo
583 1638 757 1694 primum
799 1638 867 1679 ille
903 1638 953 1678 ad
995 1653 1037 1679 se
1069 1638 1254 1690 venisset,
1295 1638 1452 1678 initium
1493 1638 1586 1678 anni
1616 1637 1799 1678 fecerunt

310 1705 447 1761 (Suet.
478 1705 576 1748 Oct.
607 1705 697 1752 59).
766 1705 872 1746 Illud
902 1720 1063 1761 quoque
1102 1706 1142 1745 in
1183 1712 1515 1760 argumentorum
1539 1704 1698 1746 ‘seriem
1726 1704 1796 1745 im-

308 1774 456 1822 mittas,
489 1773 595 1828 quod
627 1774 861 1828 Augustum
883 1780 1123 1814 mercatores
1151 1780 1190 1814 et
1211 1781 1357 1814 nautae
1379 1780 1421 1813 ut
1443 1772 1654 1813 tutelarem
1676 1771 1796 1813 deum

308 1835 562 1884 invocabant.
636 1840 852 1896 Templum
892 1841 997 1882 enim
1039 1841 1478 1895 magnificentissimum
1519 1839 1798 1882 Alexandriae

308 1909 568 1950 constitutum
602 1915 700 1961 erat,
741 1909 807 1949 ubi
847 1915 891 1949 ut
928 1915 1036 1950 tutor
1078 1909 1199 1949 maris
1240 1915 1279 1949 et
1318 1915 1567 1948 mercaturae
1605 1914 1796 1963 patronus

307 1976 508 2018 coleretur
523 1976 737 2029 Augustus
760 1976 898 2027 (Philo
921 1976 999 2029 leg.
1031 1976 1081 2017 ad
1103 1975 1250 2018 Gaium
1283 1991 1322 2032 p.
1345 1976 1423 2017 567
1442 1991 1451 2027 3
1482 1975 1642 2016 Preller.
1662 1975 1794 2030 Myth.

306 2044 426 2087 Rom.
458 2044 498 2084 II
530 2059 568 2099 p.
599 2044 680 2085 4:29
722 2051 761 2084 et
796 2044 912 2096 449).
973 2043 1092 2088 Subit
1132 2059 1196 2085 mc
1235 2058 1372 2085 eorum
1411 2057 1667 2084 nummorum
1698 2057 1796 2098 quo-

306 2128 386 2168 que
415 2112 650 2164 recordatio,
685 2113 722 2152 in
755 2113 899 2168 quibus
921 2112 959 2153 in
989 2112 1053 2153 dei
1084 2126 1278 2153 oceanum
1301 2111 1464 2152 tutantis
1491 2109 1793 2151 similitudinem

308 2181 436 2235 pictus
468 2181 602 2231 est:²)
644 2180 718 2221 fuit
748 2181 873 2235 igitur
899 2181 1031 2221 nautis
1061 2180 1210 2221 laetum
1238 2180 1412 2233 signum.
1471 2178 1560 2219 Hac
1586 2184 1719 2219 autem
1750 2192 1796 2219 re

307 2248 522 2302 unicuique
553 2246 730 2288 Castoris
763 2256 802 2289 et
834 2248 1006 2289 Pollucis
1038 2248 1154 2288 facile
1185 2249 1384 2289 excitatur
1413 2245 1618 2298 memoria,
1659 2245 1728 2300 qui
1755 2252 1795 2287 ct

305 2316 382 2371 ipsi
414 2322 627 2356 nautarum
670 2316 709 2356 in
741 2315 928 2356 fluctibus
960 2315 1204 2357 versantium
1237 2315 1482 2370 putabantur
1511 2327 1596 2354 esse
1625 2312 1796 2368 opitula-

305 2390 426 2436 tores,
453 2390 574 2438 atque
605 2383 644 2423 hi
674 2382 836 2438 quidem
869 2383 979 2424 eaelo
1010 2383 1111 2423 illati
1135 2383 1338 2423 habebant
1361 2382 1491 2423 locum
1514 2381 1618 2421 inter
1637 2381 1794 2434 astra.³)

304 2451 475 2493 Horatio
506 2450 685 2492 Castoris
727 2451 922 2492 memoria
961 2451 1138 2491 surrexit
1168 2451 1403 2505 Augustum
1441 2449 1546 2490 inter
1575 2455 1740 2504 penates
1771 2463 1796 2488 a

303 2518 496 2561 Romanis
524 2518 751 2559 enumerari
779 2519 835 2558 sic
863 2518 1010 2558 dicenti
1043 2518 1092 2568 (c.
1125 2517 1187 2557 lV
1217 2518 1255 2568 5,
1289 2517 1341 2558 33
1372 2517 1470 2572 sq.)x

443 2600 465 2639 ¹)
490 2599 627 2630 Annum
652 2597 758 2639 igitur
783 2598 996 2638 temperavit,
1030 2597 1064 2628 id
1090 2597 1181 2638 quod
1206 2598 1295 2629 lovis
1320 2597 1493 2638 proprium
1518 2604 1639 2627 munus
1663 2597 1722 2635 est,
1753 2593 1794 2625 de

303 2665 374 2696 qua
398 2664 443 2695 re,
470 2659 508 2685 ut
531 2654 618 2686 alios
643 2653 809 2694 omittam,
843 2654 884 2685 cf.
917 2653 1000 2685 Hor.
1032 2663 1060 2684 e.
1087 2653 1102 2683 Ι
1130 2655 1180 2694 12,
1215 2655 1274 2684 15:
1313 2653 1384 2694 qui
1409 2661 1526 2683 mare
1557 2661 1608 2683 ae
1640 2653 1792 2683 terras

302 2711 535 2752 variisque
559 2710 763 2741 mundum
787 2713 1007 2751 temperat
1030 2709 1160 2742 horis.

437 2767 464 2809 ²)
488 2766 619 2799 Eekhel
643 2766 691 2798 lv
717 2775 751 2807 p.
775 2766 830 2797 45.

438 2824 463 2867 3)
490 2824 531 2856 ef.
556 2823 638 2858 Hor.
664 2833 692 2856 e.
715 2823 732 2855 Ι
756 2823 789 2867 3,
811 2823 831 2854 2
857 2822 1021 2855 fratres
1045 2822 1269 2863 Helenae,
1294 2820 1450 2853 lucida
1473 2819 1634 2853 sidera.
