1910 3250
0 1025 20 1072 op·
0 854 22 1018 mxu-evenes*
0 831 17 845 5
0 555 21 811 νῃιγψυῑιυηκπιῆ
0 466 13 483 ⁴⁵

0 301 29 427 μῆρ’-,ρῳ
2 177 3 180 ⁴
14 137 18 145 ,,
22 104 27 108 ⁹

38 355 40 359 .
36 291 38 294 v
46 130 60 155 ἢ.
55 90 60 96 ’4
31 63 35 69 ’“

0 1194 25 1627 ἊΨΜΦἏε-,ῃρ-νφῑε-ψ-οκ
2 1143 18 1176 m
2 1079 17 1102 n:

723 339 1010 381 ...89-

330 461 438 506 „Huc
462 460 564 506 ades,
588 472 610 497 o
635 462 896 509 quicunque
919 461 1011 499 meis
1036 462 1232 499 advertere
1257 462 1400 508 coeptis

329 519 468 555 Aurem
494 519 693 566 oculosque
718 522 838 566 potes,
863 531 969 557 veras
994 522 1033 556 et
1055 519 1206 567 percipe
1229 521 1375 566 voces“,

122 603 208 642 tum
235 601 279 640 in
308 603 468 652 quarto,
496 600 566 639 nbi
594 599 644 638 de
673 599 837 652 Scorpii
866 601 1160 652 apotelesmate
1180 612 1312 651 pauca
1329 601 1508 653 disserit,
1536 614 1605 643 eas

123 675 282 711 tantum
313 682 378 710 res
413 669 568 718 laudat,
604 681 705 719 quae
734 683 758 709 a
786 670 954 710 Tiberio
983 670 1118 710 animo
1148 669 1351 719 quondam
1378 671 1520 710 melius
1547 673 1604 711 af-

122 740 230 780 fecto
257 743 398 791 gestae
424 739 556 789 fuere3
584 739 759 789 denique
787 740 829 778 in
855 740 1012 790 quinto,
1039 739 1120 778 nisi
1139 739 1247 779 forte
1265 738 1489 780 Arcturum
1508 741 1605 781 mihi

123 809 244 850 nimis
266 809 466 849 lubricum
494 808 551 860 (p.
571 810 637 860 35)
667 809 888 859 retinuisti,
916 809 1019 848 nihil
1037 820 1206 860 prorsus
1225 809 1382 860 gloriae
1400 814 1472 849 aut
1490 811 1605 861 igno-

122 866 270 919 miniae
298 879 336 918 ei
362 881 543 930 paratur.
583 879 729 928 Itaque
756 878 954 919 Manilius
983 891 1066 918 non
1094 890 1208 918 secus
1235 884 1357 930 atque
1385 880 1457 919 alii
1483 881 1604 920 Tibe-

121 948 261 988 rianae
299 948 448 988 aetatis
490 949 711 1000 scriptores
752 950 903 999 probat
941 948 1261 989 taciturnitatem
1295 953 1381 990 tum
1414 961 1606 990 summam

121 1016 298 1058 hominis
326 1017 491 1058 honesti
518 1019 644 1058 fuisse
671 1019 876 1058 virtutem.

227 1226 386 1277 Quibus
421 1227 557 1267 nescio
593 1240 646 1266 an
680 1229 929 1278 aliquotiens
964 1227 1089 1267 latius
1117 1238 1248 1276 aequo
1278 1228 1481 1278 expositis
1509 1228 1606 1268 licet

122 1306 219 1336 sane
247 1296 364 1336 finem
380 1295 522 1336 'facere
551 1297 789 1348 disputandi
818 1299 888 1348 ita,
916 1300 963 1337 ut
991 1308 1251 1348 quaecunque
1272 1297 1512 1346 quaestione
1533 1310 1604 1337 no-

99 1379 106 1403 ς
122 1366 208 1405 stra
233 1366 411 1405 assecuti
439 1379 588 1418 sumus,
616 1380 662 1406 ea
690 1367 732 1406 in
760 1371 977 1419 angustum
1005 1378 1207 1418 cogamus.

223 1433 405 1476 Primum
437 1437 565 1487 igitur
591 1437 955 1477 demonstravimus
984 1436 1139 1476 nullum
1166 1439 1257 1475 toto
1284 1435 1605 1478 Astronomicon

121 1516 292 1555 corpore
329 1507 488 1545 exstare
522 1518 695 1558 versum,
731 1507 800 1557 qni
834 1507 1069 1557 Augustum
1105 1505 1307 1545 scribente
1340 1511 1465 1558 poeta
1498 1508 1607 1547 inter

125 1574 242 1613 vivos
259 1575 414 1614 versari
433 1575 587 1615 indicio
609 1577 682 1626 sit;
700 1598 751 1605 —
778 1576 924 1615 deinde
943 1576 1206 1633 probavimus
1225 1576 1413 1615 carminis
1432 1577 1606 1628 primum

125 1642 286 1693 quidem
313 1644 462 1684 librum
490 1645 657 1685 Tiberio
686 1645 765 1684 iam
791 1645 971 1696 principi
999 1645 1124 1684 fuisse
1150 1645 1416 1695 destinatum3
1445 1668 1494 1674 --
1522 1650 1607 1686 tum

123 1712 330 1752 arcessitis
357 1713 410 1752 ad
437 1714 634 1754 auxilium
655 1714 806 1754 Ovidio
836 1717 876 1753 et
897 1713 1137 1754 Germanico
1165 1715 1380 1754 statuimus
1399 1716 1606 1766 posterius

125 1792 244 1831 quam
277 1781 393 1822 illum
418 1782 584 1832 Fastos‚
619 1784 736 1823 simul
774 1787 907 1823 autem
941 1796 1029 1823 cum
1054 1784 1132 1823 hoc
1158 1787 1284 1834 poeta
1310 1783 1527 1823 Manilium
1555 1785 1606 1824 si-

123 1850 222 1891 dera
249 1852 463 1901 cecinisse3
491 1874 541 1881 —
568 1853 663 1892 hinc
683 1854 917 1893 coniectura
935 1866 1044 1893 mera
1063 1866 1110 1893 eo
1130 1853 1243 1892 ducti
1263 1865 1411 1904 sumus,
1439 1858 1485 1893 ut
1504 1867 1605 1906 eum,

124 1931 242 1970 quem
278 1920 497 1961 Manilium
536 1935 682 1967 vocare
723 1924 1017 1972 consuevimus,
1057 1923 1164 1963 inter
1201 1922 1336 1962 socios
1375 1922 1606 1963 Germanici

122 1987 247 2029 fuisse
275 1990 591 2041 suspicaremur;
619 2014 669 2020 —
697 1992 872 2042 denique
898 1992 1041 2032 mediis
1062 2003 1223 2043 quoque
1243 1992 1286 2030 in
1304 1992 1606 2033 Astronomicis

122 2059 298 2110 vestigia
324 2062 472 2110 poetae
500 2061 573 2100 illo
601 2061 702 2100 duce
731 2061 940 2101 Orientem
966 2062 1237 2113 peragrantis,
1273 2065 1320 2100 ut
1346 2062 1508 2113 opinor,
1543 2066 1607 2102 sat

122 2130 234 2168 certa
259 2141 470 2181 propeque
498 2130 713 2169 manifesta
741 2131 799 2181 (p.
827 2131 895 2181 81)
924 2131 1277 2182 deprehendimus.

227 2197 340 2248 Quae
368 2203 514 2239 cuncta
544 2200 579 2239 si
607 2200 768 2250 quidem
794 2212 868 2250 per
895 2212 937 2240 se
966 2203 1078 2240 stant
1105 2212 1234 2250 neque
1254 2211 1425 2240 summas
1446 2201 1606 2251 quidem

121 2278 196 2318 per
234 2270 374 2318 partes
414 2269 508 2308 inde
542 2269 736 2308 vacillare
770 2268 973 2319 videntur,
1016 2270 1124 2320 quod
1159 2270 1202 2309 in
1236 2269 1367 2309 Libra
1403 2274 1606 2321 tamquam

53 2341 78 2356 ”
125 2334 357 2377 Germanici
384 2338 590 2389 genetrice
618 2340 846 2389 vertuntur,
883 2339 1106 2379 sufficiente
1133 2339 1320 2391 profecto
1349 2343 1604 2390 argumento-

51 2410 74 2467 ³,
122 2416 211 2446 rum
237 2407 359 2458 copia
384 2407 434 2447 de
452 2406 779 2447 Astronomicon
807 2410 940 2448 aetate
969 2409 1027 2447 sic
1054 2409 1233 2449 iudicare
1259 2421 1332 2461 per
1351 2409 1462 2460 leges
1481 2410 1604 2450 ratio-

87 2466 94 2478 ”
110 2474 186 2514 ‘nis
212 2475 322 2527 licet,
348 2479 396 2516 ut
423 2488 654 2516 censeamus
684 2478 955 2528 compositum
984 2490 1070 2518 esse
1099 2479 1250 2518 librum

327 2545 350 2584 I
377 2546 461 2585 sive
488 2546 644 2587 Romae
673 2546 757 2586 sive
786 2547 829 2586 in
856 2547 1001 2599 Illyria
1028 2561 1063 2588 a.
1087 2548 1143 2590 U.
1171 2561 1203 2588 c.
1233 2551 1309 2590 770
1335 2549 1510 2590 fortasse
1538 2561 1603 2589 ex-

375 2618 508 2665 eunte,

299 2684 346 2724 H
374 2685 527 2725 maiore
555 2698 604 2725 ex
630 2689 749 2737 parte
778 2687 835 2738 (p.
863 2688 930 2737 88)
960 2690 1002 2726 et

274 2753 342 2793 III
368 2765 442 2804 per
468 2766 504 2792 a.
534 2756 607 2794 '771
634 2755 678 2793 in
705 2754 822 2806 Asia,

282 2822 347 2862 IV
375 2823 482 2862 circa
508 2822 670 2863 initium
697 2825 794 2863 anni
822 2827 896 2866 772
924 2825 1088 2876 ibidem,

304 2891 346 2931 V
373 2904 457 2932 non
484 2894 579 2932 ante
606 2905 754 2935 annum
783 2895 858 2936 775
885 2895 970 2935 sive
997 2894 1107 2935 haud
1135 2895 1195 2936 ita.
1221 2896 1348 2936 multo
1376 2899 1484 2948 post.
