1910 3250
993 189 1262 262 ⁶.i{‘3..

379 340 598 399 pleraeque
627 339 878 395 fruebantur,
909 356 991 384 non
1012 350 1093 384 tam
1122 342 1264 398 gravia
1285 350 1411 397 erant,
1444 350 1488 386 ut
1508 343 1670 388 omnino
1691 344 1742 389 de
1769 344 1868 404 pac&

378 410 453 450 sub
474 409 652 464 Augusti
677 409 847 465 imperio
875 409 952 450 diei
983 425 1062 451 non
1095 410 1220 466 possit
1250 411 1317 464 (cf.
1347 411 1448 455 Hor.
1477 428 1510 456 c.
1537 413 1595 454 IV
1621 413 1661 467 5,
1690 414 1743 456 25
1766 417 1863 471 sq.).

377 478 602 533 Praecipue
631 491 729 532 prae
768 476 950 517 civilibus
980 477 1094 518 bellis
1136 477 1194 518 illi
1225 479 1522 534 provinciarum
1551 487 1683 522 motus
1711 482 1868 524 minore

377 550 492 587 erant
521 544 732 599 gravitate,
763 558 810 584 ac
829 543 1070 598 legatorum,
1103 551 1148 585 ut
1177 546 1329 598 monui,
1361 547 1533 587 consiliis
1553 548 1732 603 gerenda.
1760 563 1867 590 com·-

376 612 656 653 mittcbantur:
699 625 793 651 nam
825 617 995 652 externa
1025 612 1132 652 bella
1161 612 1374 667 Augustus
1403 613 1483 655 duo
1514 614 1676 657 omnino
1713 630 1786 671 per
1822 630 1866 657 se

375 681 511 734 gessit,
542 679 816 720 Delmaticum
844 678 1083 721 adulescens
1115 687 1155 721 et
1184 681 1365 722 Antonio
1395 681 1552 723 devicto
1579 681 1865 724 Cantabricum

378 748 508 801 (Suet.
541 747 631 790 Oct.
662 747 746 798 20).
804 745 996 788 Ceterum
1034 762 1085 788 ne
1115 747 1279 789 Tiberio
1307 749 1470 804 quidem
1499 749 1723 805 imperante
1748 750 1866 807 plane

375 822 518 872 pacata
557 814 632 855 fuit
670 813 904 857 Germania.
965 814 1018 856 Et
1047 816 1149 856 mihi
1183 816 1345 871 quidem
1383 817 1417 857 si
1446 817 1521 858 sub
1551 817 1714 860 Tiberio
1743 819 1865 875 serip-

374 885 489 925 sisset
512 882 714 935 Manilius,
756 897 852 924 sane
873 898 992 938 quam
1026 883 1171 924 mirum
1204 890 1319 936 esset,
1361 899 1432 925 cur
1462 900 1660 940 nusquam
1691 884 1862 927 Germa-

374 967 446 993 nos
476 967 500 992 a
529 950 774 992 Germanico
817 950 938 992 victos
979 958 1324 1004 commemoraret,
1367 952 1478 992 cuius
1508 953 1567 994 rei
1600 952 1754 994 occasio
1783 968 1865 995 non

374 1019 503 1060 defuit
542 1024 612 1058 aut
654 1017 694 1057 in
735 1018 792 1058 eis
834 1018 1030 1070 versibus,
1070 1019 1136 1059 ubi
1177 1019 1228 1060 de
1266 1018 1489 1061 Germania
1530 1019 1626 1061 dicit
1659 1021 1736 1073 (ΙΙΙ
1767 1021 1863 1064 633.

373 1086 436 1127 lV
476 1085 569 1127 692.
607 1086 702 1128 719.
745 1085 862 1139 794.)
906 1092 976 1126 aut
1017 1086 1084 1139 ibi,
1130 1086 1198 1126 ubi
1237 1086 1379 1128 Freier
1417 1087 1467 1128 de
1498 1086 1742 1130 Germanico
1771 1102 1864 1130 eum

373 1155 550 1196 locutum
595 1160 710 1209 putat
751 1153 835 1204 (IV
885 1155 1004 1205 776).
1071 1154 1387 1195 Animadvertas
1427 1170 1587 1210 quoque
1625 1155 1690 1198 vel
1726 1156 1863 1197 Armi-

373 1223 485 1263 nium
516 1221 677 1277 procliis
707 1221 955 1275 ambiguum,
991 1237 1073 1263 non
1105 1222 1210 1264 bello
1241 1223 1390 1263 victum
1412 1223 1488 1264 dici
1517 1238 1540 1264 a
1566 1222 1706 1264 Tacito
1737 1225 1792 1275 (a.
1822 1224 1863 1266 II

372 1291 464 1342 88).
524 1289 666 1344 Usque
693 1288 745 1329 ad
784 1304 934 1330 annum
970 1305 1010 1345 p,
1043 1289 1142 1333 Chr.
1174 1305 1212 1333 n.
1246 1291 1308 1343 16,
1350 1305 1429 1346 quo
1460 1290 1671 1332 Arminius
1700 1305 1862 1346 supera-

372 1365 436 1399 tus
463 1364 535 1410 est,
576 1371 665 1398 cum
698 1355 915 1398 Germanis
947 1357 1113 1398 bellavit
1149 1356 1430 1411 Germanicus,
1471 1357 1600 1399 donec
1638 1358 1713 1399 sub
1739 1358 1861 1400 finem

371 1426 552 1467 eiusdem
583 1425 676 1465 anni
705 1431 774 1465 aut
803 1439 908 1466 anno
939 1426 987 1465 17
1029 1440 1102 1480 per
1131 1425 1353 1478 Tiberium,
1395 1426 1464 1481 qui
1503 1425 1659 1481 gloriae
1689 1425 1773 1468 eius
1803 1426 1862 1466 in-

371 1494 511 1535 videre
541 1493 764 1545 videbatur,
797 1508 820 1533 a
843 1493 962 1534 rebus
980 1492 1170 1548 gerendis
1192 1499 1401 1535 revocatus
1425 1499 1465 1534 et
1494 1493 1533 1534 in
1555 1493 1696 1534 Asiam
1718 1493 1861 1535 missus

375 1568 447 1604 est.
465 1563 498 1613 ¹)
542 1561 686 1602 Freier
712 1567 845 1602 autem
874 1561 952 1601 iam
983 1576 1087 1603 anno
1119 1561 1169 1602 16
1201 1562 1375 1617 primum
1401 1561 1558 1602 Manilii
1586 1561 1733 1603 librum
1755 1576 1861 1603 com·

516 1698 540 1738 ¹)
565 1696 767 1728 Halucinari
793 1696 876 1727 mihi
894 1697 1047 1737 persuasi
1067 1696 1254 1737 Freierum,
1282 1707 1355 1728 cum
1373 1696 1558 1728 verisimile
1575 1706 1647 1729 esse
1664 1699 1762 1737 putet
1785 1706 1861 1728 cum

374 1753 580 1786 Germanico
612 1754 649 1784 in
675 1753 864 1785 Germania
888 1753 1068 1784 Manilium
1098 1757 1266 1784 versatum
1292 1763 1375 1792 esse,
1412 1757 1446 1784 et
1469 1763 1529 1794 pro
1555 1756 1644 1784 certo
1667 1752 1794 1785 habeat
1817 1754 1861 1785 ab

373 1820 413 1842 eo
438 1811 555 1841 Asiam
581 1809 725 1841 eundem
749 1809 834 1840 illuc
858 1809 1019 1840 comitato
1044 1811 1150 1841 visam
1183 1819 1255 1841 esse
1280 1808 1332 1852 (p.
1359 1799 1522 1850 72-8'9).
1571 1809 1702 1840 Causae
1726 1818 1861 1851 nempe,

372 1867 495 1907 quibus
519 1867 554 1897 in
579 1866 667 1897 hanc
689 1866 893 1897 sententiam
919 1866 1083 1906 impulsus
1108 1870 1168 1907 est,
1203 1866 1296 1898 nullo
1322 1866 1457 1907 negotio
1489 1865 1527 1896 in
1553 1874 1681 1896 cassum
1706 1864 1862 1906 redigen-

371 1927 435 1962 tur,
470 1921 745 1963 quandoquidem
779 1931 865 1962 quae
897 1922 939 1953 de
965 1922 1150 1954 Germania
1183 1925 1286 1962 poeta
1311 1921 1399 1952 dixit
1423 1920 1527 1963 (errat
1550 1926 1662 1952 autem
1687 1920 1805 1952 Freier
1828 1931 1861 1962 p.

373 1980 414 2010 75
439 1978 553 2010 dicens
579 1979 800 2010 Germaniam
825 1979 947 2010 siccam
973 1979 1143 2021 appellari
1167 1979 1311 2020 111633,
1343 1988 1422 2009 nam
1447 1978 1537 2010 sicca
1563 1987 1640 2008 cum
1660 1977 1784 2009 tellure
1810 1981 1860 2011 est

371 2034 670 2076 coniungendum),
705 2045 746 2067 ea
771 2038 804 2066 et
827 2038 894 2066 tam
920 2045 1029 2077 pauca
1059 2039 1092 2067 et
1115 2040 1183 2067 tam
1210 2035 1365 2066 universe
1390 2033 1483 2065 dieta.
1506 2038 1596 2075 sunt,
1621 2037 1667 2074 ut,
1693 2033 1861 2075 quomodo

370 2091 452 2123 inde
476 2091 658 2122 Manilium
683 2091 719 2121 in
751 2094 868 2122 nostra
892 2094 1004 2133 patria
1033 2092 1138 2124 fuisse
1169 2091 1324 2123 concludi
1349 2090 1465 2131 possit,
1497 2091 1656 2122 nesciam.
1701 2090 1807 2122 Immo
1831 2090 1861 2122 si

370 2147 439 2180 suis
474 2148 581 2179 oculis
617 2148 739 2178 saltum
776 2147 1104 2190 Teutoburgienscm
1141 2148 1357 2189 reliquasque
1394 2150 1507 2179 terrae
1539 2146 1633 2178 illius
1665 2149 1778 2187 partes
1808 2146 1860 2178 in-

370 2204 547 2244 spexisset,
579 2204 720 2235 fortasse
747 2213 804 2235 cur
827 2204 946 2236 oblata
969 2205 1148 2237 occasione
1181 2214 1249 2235 non
1274 2203 1374 2244 plura
1406 2203 1449 2235 de
1473 2213 1514 2235 ea.
1546 2202 1583 2233 in
1610 2201 1761 2234 medium
1783 2212 1860 2244 pro-

368 2261 483 2301 ferret,
513 2260 615 2291 alicui
649 2260 772 2291 mirum
803 2260 911 2292 videri
944 2266 1068 2302 posset.
1115 2260 1235 2300 Neque
1266 2269 1349 2301 opus
1382 2262 1433 2291 est
1461 2258 1628 2300 suspicari
1661 2274 1698 2282 -
1737 2259 1800 2291 etsi
1824 2258 1860 2290 id

368 2317 442 2348 fieri
467 2326 549 2348 sane
574 2317 722 2356 potuisse
746 2326 966 2358 nequaquam
991 2326 1119 2359 negare
1147 2326 1210 2347 nec
1233 2316 1310 2347 volo
1335 2325 1399 2347 nec
1423 2315 1522 2348 valeo
1546 2331 1590 2338 —-
1617 2315 1860 2347 Germanicum

368 2384 398 2404 a.
425 2373 490 2404 770
521 2372 793 2414 triumphantem
826 2376 860 2404 et
891 2374 925 2404 in
958 2383 1085 2414 pompa
1122 2376 1314 2413 spectantes
1343 2372 1486 2414 captivis
1516 2370 1634 2412 spoliis
1665 2370 1859 2403 simulacris

368 2430 536 2461 montium
561 2429 737 2460 fluminum
770 2429 977 2470 proeliorum
1010 2430 1235 2462 delectantem
1259 2429 1369 2460 visum
1399 2437 1472 2460 esse
1497 2429 1540 2460 ab
1565 2437 1618 2469 eo,
1650 2426 1711 2468 qui
1736 2427 1858 2460 conde-

367 2489 419 2518 ret
449 2485 685 2517 astronomica.
731 2484 896 2526 Idemque
927 2486 998 2518 sere
1028 2485 1121 2517 cadit
1144 2485 1181 2516 in
1207 2486 1409 2525 musonem,
1444 2484 1506 2526 qui
1538 2483 1618 2516 inde
1643 2483 1733 2526 quod
1757 2487 1859 2526 poeta

367 2552 437 2574 non
482 2542 556 2573 sine
594 2541 710 2582 aliquo
748 2540 886 2573 horrore
927 2541 1145 2573 Germaniam
1180 2541 1373 2583 ingentium
1410 2541 1646 2582 ssavorumque
1681 2549 1858 2581 corporum

366 2602 542 2640 parentem
578 2597 784 2639 dignamque
816 2597 896 2629 seris
927 2601 1062 2629 tantum
1094 2602 1235 2630 matrem
1268 2598 1418 2630 breviter
1449 2596 1636 2638 praedicet,
1669 2595 1856 2628 Germanos

367 2654 550 2686 crediderit.
592 2654 649 2685 vel
694 2653 881 2685 auxiliares
927 2654 979 2685 vel
1026 2653 1179 2695 captivos
1222 2655 1275 2686 vel
1317 2653 1523 2696 gladiatores
1567 2652 1696 2685 Romae
1733 2651 1858 2684 cotidie

367 2710 568 2752 spectandos
607 2709 739 2740 homini
771 2710 878 2752 nigris
908 2710 1013 2743 Asiae
1049 2709 1228 2742 Africaeve
1268 2710 1426 2752 gentibus
1458 2711 1592 2742 assueto
1629 2707 1721 2748 (sici)
1753 2708 1856 2739 fuisse

365 2766 602 2801 admirationi.
667 2765 935 2809 supervacanea
979 2766 1140 2798 videlicet
1183 2776 1236 2798 res
1280 2766 1346 2798 suit
1393 2765 1480 2798 haec
1524 2763 1759 2798 concludendo
1803 2773 1855 2796 aa·

365 2833 512 2867 sumere,
548 2833 635 2867 quae
675 2832 832 2867 expresse
870 2822 1053 2856 memoriae
1092 2821 1228 2864 prodita
1261 2827 1349 2856 sunt.
1401 2822 1589 2865 Imperator
1619 2819 1754 2863 quidem
1786 2820 1857 2854 Au-
