1936 3392
834 271 1047 312 —13-

181 363 226 403 in
243 364 587 415 argumentorum
608 359 748 400 locum
769 360 940 412 recepit.
962 361 1051 411 Ego
1074 372 1171 400 vero
1200 359 1387 400 Bentleio
1416 360 1689 401 funambulos

181 428 445 481 elephantos,
477 424 635 466 Jacobo
674 424 844 464 incensa
875 425 1066 477 Pompeii
1105 425 1272 465 theatra
1304 425 1557 478 relinquam,
1601 425 1687 466 sive

177 493 287 546 jure,
328 492 413 532 sive
450 490 604 542 injuria
636 493 811 542 uterque
845 493 1071 542 utrumque
1098 503 1268 530 sensum
1299 503 1320 530 e
1360 491 1688 544 corruptissimis

178 557 282 599 locis
301 557 407 597 eruit
430 557 458 596 ².
477 557 583 595 Nam
604 554 668 594 hae
700 554 956 606 conjecturae
983 568 1067 595 non
1089 568 1182 595 eam
1215 555 1264 594 de
1300 568 1384 608 qua
1410 556 1574 608 agimus
1595 556 1689 608 opi—

179 622 349 662 nionem
370 621 622 661 confirmare
642 624 832 673 possunt,
853 620 924 660 sed
946 623 996 660 ee
1016 624 1178 669 contra,
1204 620 1236 659 si
1253 620 1345 672 jam
1368 620 1461 660 aliis
1481 621 1532 661 de
1553 621 1689 661 causis

180 691 356 735 constet,
374 685 517 738 aliquo
538 685 662 725 modo
685 685 1002 725 confirmentur.
1634 676 1637 678 ’

232 751 339 800 Quid
371 755 512 791 autem
545 763 596 791 ea
627 763 754 791 causa
787 750 956 800 valebit,
985 750 1099 804 quod
1131 749 1347 790 Manilium
1379 750 1608 791 identidem
1636 752 1687 791 de

179 818 282 859 luxu
312 817 519 870 queritur,
547 816 591 855 in
620 820 767 856 senatu
796 819 938 855 autem
972 816 1022 856 de
1050 816 1151 855 luxu
1181 818 1516 867 quoque‘aetum
1543 816 1622 855 fuit
1648 821 1689 856 et

179 881 552 936 septingentesimo
576 881 837 933 sexagesimo
858 893 973 921 nono
995 880 1117 921 Urbis
1137 893 1250 920 anno
1272 885 1312 920 et
1339 884 1488 934 postea
1511 894 1596 921 non
1622 895 1686 922 se-

180 947 436 1000 mel²rNum
448 960 496 987 ex
514 947 593 987 hoc
611 947 734 987 fateri
751 958 952 999 cogemur
969 959 1052 986 non
1076 945 1260 998 potuisse
1282 950 1379 985 ante
1400 946 1513 986 hunc
1528 959 1686 986 annum

179 1013 371 1054 eamdem
387 1012 602 1065 querelam
614 1025 639 1051 a
653 1012 819 1051 Manilio
835 1011 928 1051 edi?
941 1011 1039 1050 Mihi
1055 1015 1204 1051 eontra
1218 1011 1382 1051 videtur
1393 1011 1483 1052 veri
1493 1011 1685 1060 similius,

179 1078 269 1131 ejus
287 1078 400 1118 modi
420 1090 507 1117 rem
530 1077 581 1117 de
598 1077 786 1117 moribus
807 1077 850 1116 in
871 1076 1040 1129 publico
1057 1076 1230 1116 consilio
1252 1076 1321 1128 agi
1342 1089 1428 1116 non
1450 1090 1586 1129 posse,
1610 1077 1689 1117 nisi

177 1155 291 1194 cum,
312 1147 354 1183 ct
370 1142 485 1193 vulgi
505 1141 769 1182 sermonibus
790 1141 950 1193 agitata
973 1145 1015 1181 et
1040 1141 1293 1194 scriptorum
1322 1141 1432 1182 curis
1460 1143 1686 1194 explicata,

178 1212 346 1252 matura
365 1208 456 1260 jam
490 1211 532 1248 et
569 1213 717 1260 aperta
746 1207 1072 1260 magistratuum
1107 1211 1148 1247 et
1180 1207 1416 1260 principum
1453 1207 1686 1259 prudentiae

177 1273 356 1313 traditur
381 1273 592 1325 etiamque
620 1273 869 1325 imponitur.
902 1274 1075 1312 Necesse
1109 1276 1220 1312 certe
1250 1276 1314 1312 est
1347 1276 1392 1311 ut
1420 1272 1470 1312 de
1505 1272 1554 1312 iis
1593 1285 1686 1324 quae

178 1342 297 1379 extra
315 1351 402 1378 rem
424 1338 634 1390 publicam
667 1350 754 1377 esse
781 1337 932 1386 solent,
962 1350 1074 1390 saepe
1102 1349 1150 1377 ac
1178 1337 1248 1376 diu
1276 1337 1429 1389 privati
1458 1337 1688 1390 loquantur

179 1407 220 1443 et
242 1403 442 1451 scribant,
468 1403 715 1454 priusquam
744 1415 765 1441 e
789 1402 1006 1454 republica
1034 1415 1122 1441 esse
1149 1402 1434 1441 decernantur
1459 1407 1500 1442 et
1521 1402 1686 1454 publice

180 1468 444 1508 ordinentur.

230 1534 313 1572 Nec
331 1532 483 1572 Tiberii
504 1532 646 1572 thema
663 1545 847 1584 agnosco
868 1533 911 1572 in
929 1537 1080 1586 quarto
1101 1532 1426 1573 Astronomieon
1445 1533 1569 1584 libro,
1588 1546 1683 1572 cum

179 1597 323 1638 scribit
339 1602 466 1650 pocta
488 1610 497 1637 ;

368 1713 546 1760 Scorpius
565 1716 744 1749 extremae
766 1724 854 1749 cum
876 1714 985 1749 tollet
1008 1713 1154 1749 lumina
1173 1713 1319 1757 caudae,

366 1767 405 1804 Si
425 1767 509 1814 quis
530 1767 601 1803 erit
621 1767 739 1802 stellis
761 1769 845 1802 tum
866 1766 1168 1813 suffragantibus
1189 1770 1309 1809 ortus,

367 1820 529 1856 Urbibus
546 1820 702 1867 augebit
721 1823 853 1863 terras,
870 1819 1095 1866 junctisque
1113 1819 1286 1866 juvencis

365 1873 502 1910 Moenia
518 1874 736 1909 subcinctus
757 1885 870 1910 curvo
889 1873 1078 1910 describet
1097 1876 1242 1917 aratro,

366 1930 440 1962 Aut
459 1929 602 1962 sternet
620 1927 764 1974 positas
781 1927 907 1962 urbes.
930 1929 1048 1973 Inque
1070 1938 1161 1962 arva
1182 1927 1340 1962 reducet

367 1980 531 2027 Oppida,
551 1983 588 2016 ct
607 1980 644 2015 iu
666 1980 845 2016 domibus
867 1982 1036 2016 maturas
1055 1979 1191 2016 reddet
1211 1979 1366 2015 aristas.
1647 1992 1681 2030 χ

367 2034 487 2069 Tanta
504 2033 576 2068 erit
595 2036 633 2069 et
652 2033 769 2068 virtus
792 2036 829 2068 et
849 2043 935 2068 cum
952 2033 1090 2069 virtute
1108 2035 1297 2079 potestas.

462 2086 537 2122 Nee
562 2097 635 2122 non
654 2086 875 2121 Arcitenens
895 2085 1021 2132 prima
1037 2097 1124 2121 cum
1145 2089 1247 2121 veste
1267 2086 1457 2133 resurget,

365 2139 527 2175 Pectora
546 2139 650 2175 clara
671 2139 777 2175 dabit
797 2138 910 2182 bello,
932 2138 1161 2186 magnisque
1182 2137 1389 2184 triumphis

365 2191 622 2238 Conspicuum
643 2192 786 2239 patrias
807 2191 990 2227 victorem
1012 2192 1127 2228 ducet
1145 2191 1193 2227 ad
1215 2203 1320 2227 arces
1347 2202 1354 2226 :

365 2245 526 2292 Altaque
544 2256 645 2281 nunc
664 2247 819 2290 statuet,
842 2256 945 2280 nunc
965 2245 1065 2280 idem
1089 2244 1232 2281 moenia
1252 2246 1374 2280 vertet
1395 2243 1422 2278 3.

177 2377 284 2426 Quid
299 2389 397 2417 vero
419 2376 486 2417 hic
501 2377 749 2426 ostenditur,
767 2377 879 2430 quod
897 2377 1066 2429 proprie
1082 2375 1295 2416 Tiberium
1315 2376 1519 2427 designet,
1538 2388 1682 2427 quam-

178 2442 239 2481 vis
263 2442 337 2482 illa
361 2442 454 2495 ipsa
480 2443 600 2493 signa
631 2447 872 2482 nascentem
901 2441 1170 2494 exceperint?
1195 2442 1247 2480 At
1271 2441 1381 2481 enim
1408 2441 1580 2493 propria
1612 2440 1686 2479 illa

179 2519 304 2560 quam
327 2507 576 2560 requirimus
595 2512 695 2548 nota
712 2507 982 2560 sequentibus
1005 2507 1191 2547 versibus
1209 2506 1398 2558 aperitur
1421 2518 1429 2547 z

221 2650 251 2680 1.
266 2650 398 2690 Freier‚
416 2660 468 2691 ορ.
486 2651 523 2688 L,
539 2661 573 2693 p.
593 2653 644 2690 40,
667 2652 768 2689 4243,
783 2650 904 2683 Jacobi
923 2653 960 2683 ct
975 2650 1124 2683 Bentleii
1149 2650 1376 2690 conjecturas
1396 2648 1522 2688 recipit
1544 2648 1588 2679 de
1605 2656 1682 2678 ver-

180 2695 292 2735 sibus,
306 2696 329 2729 l.
344 2698 383 2737 V,
398 2698 551 2737 510—516‚
567 2702 602 2730 et
614 2700 763 2735 706-7οἸ,
784 2700 822 2730 ut
842 2698 925 2730 inde
940 2698 1108 2739 quintum
1131 2697 1263 2729 librum
1278 2706 1350 2728 non
1366 2698 1447 2728 ante
1469 2704 1603 2727 annum
1621 2695 1680 2725 775

181 2744 351 2783 scriptum
372 2744 482 2777 fuisse
501 2746 662 2786 colligat.

222 2791 252 2822 2.
275 2790 406 2831 Freier,
426 2801 458 2832 p.
479 2794 530 2824 41.
554 2811 591 2815 —
611 2794 747 2830 Manil.,
765 2794 916 2831 Astron„
937 2794 991 2833 lv,
1015 2794 1109 2832 1-133
1130 2792 1187 2831 lv,
1206 2793 1281 2824 375.

223 2837 254 2868 3.
275 2838 408 2879 Manil.,
428 2839 579 2877 Astron„
603 2841 659 2873 lv.
681 2842 826 2876 553-564.
