1936 3392
804 318 1018 359 —25-

208 413 266 451 De
285 409 448 450 Tiberio
480 408 608 460 igitur
634 407 852 448 Manilium
884 420 934 447 ea
966 407 1177 460 scripsisse
1211 407 1446 454 credamus,
1475 418 1655 458 eumque

155 476 243 529 jam
268 473 478 527 reliquisse
508 472 774 524 relegationis
800 471 1073 511 dissimulatae
1101 471 1257 521 sedem,
1280 476 1321 512 et
1347 471 1389 511 in
1411 471 1655 511 societatem

157 540 322 594 imperii
351 541 527 579 Romam
555 541 749 578 vocatum
775 549 783 576 :
815 537 927 588 quod
949 541 1044 588 post
1073 537 1300 577 Varianam
1322 537 1484 576 cladem
1507 539 1658 588 quarto

159 617 270 645 anno
297 603 447 644 evenit.
480 604 585 642 Nam
616 602 716 642 satis
746 602 825 641 erit
859 602 913 641 ad
945 601 1281 654 intelligendum,
1305 601 1416 641 unde
1436 613 1546 641 nova
1566 601 1658 641 haec

158 673 303 721 surgat
322 667 475 708 Tiberii
496 667 671 716 mentio,
694 666 728 706 si
749 666 945 707 extremis
967 666 1142 718 Augusti
1160 666 1433 718 temporibus,
1455 678 1550 705 cum
1566 665 1658 717 jam

158 737 310 775 cuncta
328 733 380 774 ad
399 732 588 773 futurum
610 732 843 786 principem
860 735 1096 783 vergerent,
1115 734 1311 783 quartum
1335 729 1490 770 librum
1509 730 1660 770 adscri-

158 798 320 840 bemus.
346 799 595 850 Quanquam
626 797 693 837 hic
719 797 855 837 fateor
878 796 982 836 nihil
1010 796 1192 845 obstare,
1223 794 1324 847 quin
1344 793 1546 833 Tiberius
1568 794 1659 846 jam

159 875 336 915 regnare
358 867 575 917 reputetur
603 876 611 901 :
643 875 741 902 nam
772 875 851 902 vox
882 856 1033 902 recturi
1061 872 1246 913 praesens
1278 858 1659 914 tempus-indicare

160 933 312 981 potest,
339 928 453 980 quod
482 932 572 967 tum
604 927 792 967 futurum
820 931 923 977 erat,
951 938 1044 966 cum
1080 924 1248 964 Rhodos
1281 923 1511 976 hospitium
1546 923 1657 975 prin-

161 994 265 1047 cipis
293 997 384 1034 erat
405 995 433 1035 ¹.
457 992 594 1034 Verba
620 997 759 1032 autem
792 992 865 1031 sub
901 991 1057 1031 Caesare
1086 1002 1181 1029 cum
1215 982 1347 1040 accipi
1379 989 1438 1028 ita
1469 993 1658 1041 possunt,

160 1063 206 1100 ut
226 1059 414 1099 Tiberius
434 1058 576 1098 lumen
600 1057 745 1097 mundi
771 1069 859 1096 esse
885 1063 974 1108 pose
1003 1053 1202 1095 Caesarem
1228 1053 1478 1104 declaretur,
1501 1053 1567 1093 vel
1589 1053 1660 1092 sub

158 1123 327 1176 fulgore
360 1121 547 1171 Caesaris,
573 1134 657 1174 quo
685 1134 769 1161 non
795 1121 910 1160 aliud
940 1120 1078 1172 majus
1104 1123 1165 1158 est
1194 1119 1351 1170 lumen,
1382 1123 1470 1157 tum
1504 1118 1660 1171 signifi-

159 1200 255 1229 care
274 1191 451 1241 possunt
468 1187 511 1226 in
533 1186 692 1227 Caesare
710 1198 724 1226 .·
746 1186 861 1225 velut
881 1187 924 1225 in
944 1185 1052 1225 libro
1074 1184 1257 1224 secundo
1278 1184 1329 1224 de
1348 1184 1449 1224 Jove
1470 1183 1574 1223 dixit
1595 1197 1603 1223 :

442 1317 488 1352 Et
505 1316 571 1352 sub
591 1316 707 1352 fratre
727 1315 796 1351 viri
815 1326 956 1351 nomen
978 1315 1005 1350 ².

215 1432 298 1473 Sed
323 1431 365 1471 in
391 1431 473 1471 fine
493 1431 589 1470 libri
615 1431 756 1483 quarti
782 1430 919 1470 vivere
943 1430 1177 1480 Augustum
1197 1433 1386 1482 apparet.
1411 1431 1515 1469 Nam
1536 1432 1663 1482 poeta

162 1498 219 1538 sic
238 1496 425 1548 loquitur
445 1509 455 1537 z

349 1623 402 1658 Ne
422 1622 572 1659 dubites
593 1623 742 1659 homini
763 1623 909 1659 divinos
929 1624 1086 1660 credere
1107 1624 1224 1667 visus;

350 1677 435 1711 Jam
456 1675 547 1711 facit
567 1676 647 1722 ipse
669 1677 775 1721 deos,
795 1677 987 1723 mittitque
1006 1677 1056 1713 ad
1075 1677 1200 1713 sidera
1220 1686 1378 1719 nomen3

349 1728 467 1775 Majus
487 1730 524 1764 et
544 1729 718 1776 Augusto
740 1732 886 1765 crescet
905 1730 974 1765 suh
996 1729 1167 1776 principe
1188 1728 1325 1764 caelum
1345 1729 1373 1764 3.

214 1844 274 1883 Ea
288 1855 388 1882 sane
412 1842 657 1883 obscuriora
677 1855 766 1882 esse
787 1842 1031 1882 Lachmann
1048 1842 1062 1864 ⁴
1082 1841 1313 1890 contendit,
1338 1853 1423 1880 non
1442 1840 1500 1879 ita
1521 1843 1662 1879 tamen

162 1911 208 1947 ut
229 1907 441 1947 Tiberium
462 1907 691 1959 significari
717 1920 802 1948 non
826 1907 1128 1960 deprehendat,
1151 1919 1273 1960 quem
1303 1906 1442 1946 Freier
1464 1905 1664 1944 admonet

164 1984 274 2012 anno
301 1971 423 2012 Urbis
453 1973 531 2012 770
563 1972 793 2012 sacrarium
827 1973 906 2012 toti
931 1972 1052 2012 Juliae
1086 1972 1200 2023 genti
1232 1970 1515 2011 dedicavisse?
1545 1972 1663 2008 Attu-

90 2034 96 2038 ’
163 2036 270 2076 ierat
308 2041 448 2076 autem
488 2037 731 2076 Lachmann
766 2037 913 2077 Velleii
948 2036 1155 2077 Paterculi
1187 2037 1327 2076 locum
1363 2048 1372 2075 :
1413 2051 1431 2071 «
1475 2034 1664 2075 Sacravit

163 2105 382 2154 parentem
417 2114 538 2141 suum
578 2114 662 2141 non
701 2102 894 2154 imperio,
932 2102 1003 2141 sed
1042 2101 1268 2152 religione;
1309 2113 1395 2140 non
1434 2099 1664 2152 appellavit

98 2170 101 2171 ’
165 2164 312 2219 [eum],
333 2166 403 2206 sed
424 2166 522 2206 fecit
545 2166 669 2206 deum
692 2167 721 2206 ⁵.
744 2182 763 2203 »
788 2168 930 2218 Neque
950 2166 1093 2206 fecisse
1122 2166 1222 2206 deos
1248 2165 1460 2205 Tiberium
1482 2164 1662 2214 negabo,

162 2230 235 2270 sed
255 2230 478 2270 verborum
500 2244 622 2270 sensu
647 2232 861 2271 communi
890 2235 1128 2282 contentus,
1150 2230 1222 2270 ubi
1247 2231 1456 2282 Augustus
1483 2229 1660 2277 dicatur,

164 2307 248 2334 non
282 2294 495 2335 Tiberium
527 2295 763 2346 intelligam
799 2310 806 2334 :
845 2296 937 2348 quis
970 2296 1096 2345 enim,
1129 2308 1179 2335 ea
1213 2295 1342 2334 verba
1375 2296 1554 2346 Auqusco
1590 2293 1662 2333 sub

159 2358 353 2414 principe
378 2360 534 2411 legens,
559 2360 771 2400 Tiberium
797 2373 973 2412 regnare
1000 2361 1170 2400 credat?
1194 2360 1247 2399 At
1273 2359 1433 2400 Manilii
1458 2359 1664 2398 sententia

164 2428 295 2476 patet,
322 2425 561 2465 extollentis
590 2438 684 2478 quae
713 2430 956 2478 quantaque
982 2425 1110 2465 homo
1140 2425 1277 2465 facere
1303 2424 1448 2476 possit.
1474 2424 1664 2464 Valerius

163 2489 366 2530 Maximus
389 2490 594 2542 gloriatur
610 2490 723 2543 quod
754 2493 888 2531 Roma
916 2491 1025 2531 cives
1046 2503 1143 2530 suos
1170 2490 1345 2530 deorum
1366 2489 1542 2529 concilio
1563 2489 1666 2529 inse-

165 2566 254 2594 rere
274 2555 459 2607 potuerit
482 2567 492 2595 z
518 2571 536 2592 ε(
555 2556 662 2596 Deos
683 2555 810 2607 enim,
830 2556 982 2608 inquit,
1006 2555 1191 2608 reliquos
1211 2555 1462 2608 accepimus,
1484 2555 1667 2595 Caesares

206 2673 236 2704 1.
258 2673 400 2716 Gallice,
421 2675 475 2707 Du
493 2675 612 2716 prince
631 2676 692 2718 qui
711 2675 827 2709 clevait
848 2679 972 2719 re'qner
987 2685 1050 2708 sw-
1070 2676 1101 2708 le
1125 2675 1261 2708 monde.

205 2719 238 2751 2.
259 2719 392 2760 Manil.,
412 2721 564 2759 Astron.³
586 2723 629 2762 11,
656 2724 706 2756 16.

209 2766 240 2799 3.
260 2766 395 2808 Manu„
416 2768 567 2807 Astron„
589 2769 646 2810 lv,
667 2771 739 2802 933.

208 2814 239 2844 4.
257 2812 474 2855 Lachmann,
493 2816 517 2848 l.
537 2816 560 2848 I.
578 2834 617 2840 —
637 2818 767 2856 Freier,
790 2827 844 2860 op.
867 2818 902 2855 l.,
922 2828 956 2860 p.
980 2819 1035 2850 25.

210 2860 240 2891 5.
261 2860 348 2892 Vell.
370 2861 457 2902 Pat„
475 2862 519 2904 ΙΙ,
539 2863 593 2896 26.
