1930 3320
948 307 1156 348 -88-

315 397 396 436 Nec
415 394 755 448 praetermittendi
772 394 916 445 tragici
933 399 1082 446 poetae,
1102 408 1276 447 quorum
1291 397 1367 436 erit

567 519 785 555 quanquam
804 509 843 545 in
863 510 1014 555 chartis,
1032 511 1137 546 stilus
1155 511 1233 558 ipse
1255 514 1431 548 cruentus
1453 514 1463 536 ¹
1485 524 1494 549 ε

317 637 421 678 quos
440 625 608 674 scilicet,
628 626 784 665 tristem
806 626 1007 678 OEdipum
1027 627 1280 677 inducentes,

1009 731 1189 767 Thebana
1202 731 1346 777 juvabit

503 781 631 818 Dicere
652 782 743 817 bella
757 784 864 827 uteri,
886 784 1108 828 mioetumque
1127 784 1166 818 in
1186 783 1300 828 fratre
1316 786 1502 829 parentem
1521 794 1534 819 .-

503 835 680 876 Quaerent
698 834 847 870 Medaeae
864 838 973 870 natos
993 834 1221 881 fratremque
1242 838 1481 882 patremque,

502 886 594 922 Hinc
614 888 746 931 vestes,
765 886 866 921 illinc
884 889 1046 931 flammas
1065 897 1132 932 pro
1151 897 1308 922 munere
1327 891 1455 923 missas
1472 899 1481 923 ε

502 938 729 985 Aeriamque
754 939 885 985 fugam
905 943 1078 985 natosque
1098 950 1142 975 em
1162 940 1306 984 iynibus
1324 949 1436 975 armos
1453 939 1481 974 ².

318 1056 416 1102 Quae
452 1054 592 1094 omnia
621 1059 716 1093 sunt
756 1055 940 1106 profecto
977 1055 1244 1106 admiranda,
1273 1059 1389 1095 tanto
1425 1056 1466 1094 in
1503 1069 1656 1096 vanum
1686 1069 1787 1098 con·

317 1122 483 1169 sumpto
497 1123 536 1156 et
550 1118 714 1169 ingenio
729 1122 768 1157 et
780 1118 935 1166 labore,
947 1119 1044 1170 quid
1057 1119 1096 1157 in
1111 1118 1476 1158 vanum?multum
1490 1119 1628 1160 abest:
1641 1125 1788 1162 contra

317 1182 494 1234 pessimo
528 1194 619 1220 cum
647 1182 782 1220 fructu
810 1183 1080 1231 consumitur,
1103 1187 1147 1221 ut
1173 1187 1212 1222 et
1244 1182 1478 1221 involvatur
1503 1196 1567 1223 res
1593 1184 1785 1236 implica-

317 1245 485 1284 tissimis
516 1245 650 1283 verbis
688 1249 727 1284 et
760 1257 886 1296 quam
918 1245 1041 1295 longe
1074 1243 1225 1296 petitis,
1257 1251 1298 1285 ct
1328 1247 1530 1286 sententia
1561 1247 1785 1298 legentium

318 1307 629 1347 meditationem
646 1308 710 1346 vel
729 1311 921 1359 torqueat
937 1307 1001 1346 vel
1022 1309 1173 1348 eludat.
1189 1311 1270 1348 Nec
1292 1309 1431 1348 brevia
1448 1310 1550 1358 haec,
1568 1310 1787 1363 plenaeque

320 1371 497 1412 orationi
518 1371 716 1410 interfusa
735 1382 744 1410 t
768 1371 887 1410 facile
908 1371 1114 1422 Manilius,
1134 1376 1331 1424 tanquam
1354 1385 1529 1424 pronam
1549 1379 1790 1425 sequeretur

318 1434 474 1487 ingenii
493 1438 699 1483 naturam,
722 1435 895 1486 hujusce
922 1435 1035 1474 modi
1064 1435 1287 1486 aenigmata
1311 1436 1451 1484 nectit,
1473 1449 1626 1489 perque
1650 1438 1791 1490 plures

318 1511 461 1540 versus
483 1499 664 1538 extendit
686 1511 695 1538 :
718 1498 831 1538 velut
850 1511 944 1538 cum
964 1503 1124 1551 patrem
1145 1499 1261 1538 illum
1282 1504 1592 1549 commemorat,

663 1610 728 1656 qui
747 1612 960 1656 serpentem
990 1621 1102 1657 super
1119 1621 1184 1647 ora
1203 1611 1419 1656 cubantem,

505 1662 650 1703 Infelix,
671 1663 753 1698 nati
778 1673 1008 1708 somnumque
1027 1665 1252 1708 animamque
1271 1664 1459 1706 bibentem,

507 1715 692 1751 Sustinuit
711 1715 824 1749 misso
846 1717 972 1760 petere
999 1725 1042 1749 ac
1062 1717 1299 1760 prosternere
1321 1716 1411 1751 telo.

503 1768 576 1804 Ars
596 1770 674 1802 erat
693 1777 767 1802 esse
786 1771 928 1812 patrem
938 1777 950 1809 ;
967 1768 1051 1802 vicit
1075 1770 1209 1802 natura
1223 1768 1412 1812 periclum,

503 1820 549 1855 Et
567 1819 709 1865 pariter
723 1819 901 1864 juvenem
921 1829 1109 1864 somnoque
1129 1830 1169 1854 ac
1185 1822 1298 1854 morte
1318 1818 1466 1864 levavit,

505 1873 606 1907 Tunc
624 1873 754 1906 iterum
771 1875 897 1906 natum
917 1874 953 1906 et
974 1871 1052 1906 fato
1067 1881 1134 1916 per
1154 1871 1300 1906 somnia
1313 1873 1464 1917 raptum
1485 1872 1516 1908 ³.

320 1986 400 2025 Nec
421 1985 589 2025 modum
610 1985 741 2024 ullum
761 1985 839 2024 sibi
857 1985 994 2036 posuit
1013 1985 1071 2024 ita
1091 1985 1295 2025 scribendi
1315 1998 1323 2026 :
1347 1985 1584 2025 incredibile
1601 1998 1698 2033 vero
1717 1990 1794 2036 est,

322 2061 447 2102 quam
487 2049 662 2088 obscura
699 2049 880 2101 potuerit
912 2049 1068 2097 rimari,
1098 2049 1196 2088 dum
1228 2049 1439 2100 ingenium
1473 2061 1520 2089 ac
1550 2049 1794 2090 brevitatem

324 2117 564 2154 assectatur.
587 2114 709 2164 Cujus
729 2112 787 2151 rei
808 2113 1043 2152 testimonio
1065 2113 1155 2161 erit,
1177 2117 1328 2165 praeter
1343 2126 1392 2152 ea
1414 2126 1507 2165 quae
1522 2113 1611 2163 jam
1628 2114 1795 2154 laudavi

323 2176 478 2228 omnia,
500 2177 645 2216 unicus
661 2177 727 2216 hic
748 2177 798 2216 de
816 2177 916 2216 Jove
932 2177 1108 2216 Junonis
1127 2177 1279 2216 sororis
1299 2177 1474 2228 conjuge
1493 2189 1632 2217 versus
1655 2191 1664 2218 :

509 2292 554 2326 Et
574 2292 642 2327 sub
662 2291 778 2328 fratre
801 2292 869 2328 viri
885 2302 1037 2334 nomen,
1057 2292 1137 2328 sine
1157 2293 1272 2328 fratre
1291 2291 1456 2338 parentis
1476 2293 1505 2330 ⁴.

321 2405 579 2458 Elegantiam
599 2412 737 2447 autem
757 2408 872 2447 illam
891 2421 1014 2460 quam
1037 2408 1215 2459 affectat,
1239 2421 1346 2460 saepe
1367 2407 1559 2457 transilit,
1576 2419 1651 2447 nec
1670 2407 1798 2447 modo

324 2469 469 2523 putido
508 2471 625 2522 quasi
659 2472 753 2511 fuco
789 2472 994 2511 sincerum
1031 2472 1147 2511 illum
1191 2484 1327 2511 rerum
1370 2472 1631 2524 splendorem
1667 2483 1800 2523 usque

324 2533 377 2573 ad
403 2534 635 2574 molestiam
663 2535 800 2584 illinit,
823 2537 894 2575 sed
921 2535 1018 2575 dum
1053 2536 1237 2586 vigorem
1272 2535 1494 2576 verborum
1514 2535 1686 2587 argutiae
1709 2535 1801 2574 vult

368 2685 396 2715 1.
416 2683 522 2724 Man„
539 2684 690 2722 Astron„
711 2686 751 2724 V,
772 2686 842 2719 464.

366 2730 396 2761 2.
417 2729 483 2770 Id.‚
501 2730 595 2768 ibid„
618 2731 657 2770 V,
678 2733 748 2763 464.

367 2777 397 2808 3.
419 2775 483 2816 Id.‚
507 2776 602 2814 ibid„
621 2778 661 2816 V,
678 2779 751 2812 306.

368 2823 399 2854 ⁴.
420 2822 484 2864 Id.‚
501 2822 596 2861 ibid„
617 2824 660 2864 ΙΙ,
678 2825 729 2856 16.
