1930 3320
317 389 416 427 dicit
442 392 563 438 poeta
590 389 741 427 caelum
768 390 854 439 regi
881 391 930 428 ab
958 390 1160 440 Augusto,
1194 391 1235 428 111
1270 392 1375 440 quod
1411 392 1586 430 nondum
1613 391 1763 432 relatus

316 455 426 494 erat?
481 455 572 494 Hoc
599 460 756 495 mortuo
786 457 974 506 Augusto
1003 458 1142 496 melius
1170 460 1470 497 conveniebat.“

418 523 685 561 Doctissimus
722 524 790 562 1110
827 525 886 562 vir
921 525 1072 562 utinam
1109 525 1326 575 scripsissit
1363 539 1441 565 uon
1475 527 1664 575 „meliusff
1695 527 1764 566 sed

317 589 423 628 omni
452 602 500 627 ex
525 594 640 639 parte
670 591 746 633 soli
773 590 981 629 defuneto!
1028 591 1126 630 Inde
1153 593 1269 642 enim,
1298 594 1375 631 nisi
1403 594 1506 632 forte
1537 606 1670 632 omnes
1699 605 1763 632 co·

316 656 473 705 gitandi
514 657 622 706 leges
662 657 738 695 hoc
778 657 866 695 loco
909 670 990 696 non
1030 658 1183 708 vigent,
1228 672 1384 698 necesse
1424 665 1486 699 est
1525 662 1763 711 colligamus

318 723 549 773 Augustum
567 725 644 762 iam
664 725 704 762 in
726 726 953 764 caelestium
973 726 1155 765 domibus
1177 727 1306 765 sedem
1326 728 1598 767 constituisse.
1638 729 1765 768 Recte

315 790 497 839 profecto
527 792 751 840 negandum
779 793 982 831 existimat
1009 793 1159 831 caelum
1186 794 1302 832 aliter
1330 807 1447 843 posse
1477 776 1544 834 ab.
1567 796 1637 834 illo
1666 797 1765 846 regi3

322 869 372 896 an
400 858 628 897 dubitamus
655 860 770 898 fidem
796 860 941 898 habere
970 860 1031 897 illi
1059 861 1210 910 versui,v
1232 874 1344 909 quem
1372 873 1493 911 supra
1519 862 1733 913 adscripsi:

510 925 672 970 „caesar
696 937 790 961 nuuc
813 929 929 970 terris,
954 930 1059 972 post
1083 928 1182 963 caelo
1208 929 1386 963 maximus
1412 929 1578 964 auctor“?

416 993 573 1032 Deinde
603 995 670 1043 qui
698 995 857 1034 tandem
885 997 942 1043 fit,
970 1000 1014 1034 ut
1042 995 1172 1034 socius
1200 1009 1270 1046 per
1297 997 1411 1045 signa
1431 997 1548 1035 Jovis
1569 995 1766 1035 Tonantis
1827 1040 1836 1046 θ

319 1059 565 1099 Octavianus
600 1063 837 1111 appelletur,
872 1063 950 1100 nisi
984 1064 1088 1101 hunc
1121 1067 1314 1102 terrarum
1350 1065 1485 1102 orbem
1521 1063 1591 1101 alii
1625 1063 1766 1112 guber-

317 1128 490 1167 nandum
518 1129 707 1178 reliquit?
728 1138 731 1142 ·
751 1130 868 1177 Quod
897 1135 1170 1179 argumentum
1197 1135 1240 1169 ut
1268 1132 1482 1180 frangeret,
1510 1143 1597 1170 cum
1624 1131 1767 1180 signa

317 1207 398 1233 non
427 1196 619 1246 imagines
648 1198 852 1236 stellarum
881 1199 948 1236 sed
977 1200 1132 1247 aquilas
1161 1212 1244 1237 esse
1264 1200 1424 1248 diceret,
1445 1198 1665 1237 Merkelius
1683 1200 1764 1236 tam

317 1263 436 1312 longe
471 1277 494 1301 a
530 1265 788 1304 saluberrima
825 1267 1018 1304 naturalis
1054 1267 1222 1306 rationis
1250 1267 1315 1305 via
1348 1267 1561 1314 aberravit,
1601 1268 1646 1304 ut
1681 1266 1766 1304 eius

315 1331 489 1380 vestigia
517 1333 628 1380 sequi
658 1333 867 1372 ridiculum
896 1334 1088 1372 videatur.
1131 1335 1288 1373 Vellem
1316 1346 1363 1372 ex
1391 1335 1527 1372 eadem
1554 1333 1767 1372 Fastorum

315 1400 442 1447 parte,
483 1399 588 1438 unde
631 1412 761 1439 sacras
802 1414 892 1439 aves
930 1403 1095 1451 petivit,
1139 1403 1254 1441 simul
1288 1403 1385 1440 deos
1419 1402 1556 1440 caelo
1590 1401 1768 1440 labentia

319 1465 465 1515 signa
493 1470 719 1505 tenentes
750 1469 844 1517 (ΙΙΙ,
875 1469 962 1518 115)
993 1468 1279 1508 arcessivisset!

421 1533 521 1572 Tum
547 1535 769 1584 Augustus,
803 1536 934 1584 inquit
960 1540 1093 1586 poeta,
1122 1537 1247 1575 cernit
1276 1538 1317 1574 111
1345 1538 1459 1574 coetu
1487 1536 1635 1574 Divum
1660 1546 1766 1585 mag-

315 1612 485 1649 numque
515 1601 769 1651 Quirinum5).
822 1603 898 1641 Est
930 1604 1056 1652 igitur
1090 1603 1158 1642 ille
1193 1616 1273 1642 non
1309 1604 1350 1640 111
1384 1603 1514 1652 terris,
1551 1603 1654 1641 unde
1683 1613 1766 1640 cae-

315 1668 400 1706 lum
428 1670 733 1719 contemplatur,
769 1670 836 1708 sed
865 1671 1003 1710 eodem
1030 1671 1132 1719 1000,
1162 1682 1239 1719 quo
1267 1671 1416 1709 abiisse
1446 1670 1592 1708 Caesar
1619 1672 1660 1708 et
1685 1669 1766 1709 Ro-

317 1735 447 1774 mulus
481 1736 707 1775 ereduntur.
745 1759 791 1764 —
825 1738 886 1775 At
919 1738 1027 1776 dicat
1054 1739 1271 1776 Merkelius
1304 1749 1421 1776 versu
1454 1738 1494 1787 I,
1527 1739 1602 1776 914
1634 1737 1767 1775 vivum

316 1804 536 1853 principem
564 1805 763 1854 appellari
792 1808 983 1843 rectorem
1005 1805 1178 1856 Olympi.
1222 1806 1304 1844 Cur
1328 1804 1488 1843 vivum?
1528 1805 1651 1843 Immo
1678 1805 1766 1843 brc-

318 1871 482 1909 vitatem
505 1871 713 1919 orationis,
734 1875 778 1908 ut
798 1873 912 1919 solet,
931 1872 1118 1910 affectans
1138 1873 1290 1910 indicat
1303 1875 1442 1922 poeta:
1462 1884 1560 1918 eum,
1581 1871 1649 1920 qui
1664 1883 1767 1909 nunc

318 1938 475 1986 quidem
503 1938 700 1977 Tonantis
729 1940 856 1977 instar
894 1940 943 1989 (I,
972 1939 1060 1987 918)
1095 1940 1204 1978 caelo
1238 1943 1410 1989 praeest,
1445 1942 1528 1978 tum
1556 1938 1663 1988 apud
1689 1938 1766 1977 Ac-

318 2005 418 2043 tium
458 2005 499 2042 in
541 2007 640 2045 mari
681 2018 764 2044 esse
807 2007 987 2056 petitum.
1056 2007 1183 2054 Quam
1223 2007 1460 2046 sententiam
1503 2007 1682 2046 versibus
1716 2006 1767 2053 V,

321 2074 473 2112 53—54
515 2073 599 2111 sine
641 2074 763 2112 dubio
803 2078 918 2124 post
958 2079 1122 2113 mortem
1150 2075 1328 2124 Augusti
1362 2075 1419 2112 ita
1452 2075 1584 2113 verbis
1618 2078 1768 2113 mutare

325 2140 496 2190 videtur,
524 2144 568 2178 ut
594 2144 741 2190 ponat:
770 2141 886 2179 Tolle
914 2153 934 2180 e
963 2142 1159 2180 sideribus
1186 2142 1298 2191 Argo
1327 2153 1477 2191 navem,
1506 2154 1587 2180 11011

572 2214 841 2260 „Actiacosque
866 2214 964 2249 sinus
989 2214 1081 2249 inter
1103 2225 1300 2260 suspensus
1316 2215 1492 2259 utrimque

573 2269 703 2314 „Orbis
728 2273 764 2305 et
787 2271 822 2305 in
847 2273 960 2316 ponto
986 2270 1104 2305 caeli
1129 2270 1307 2305 fortuna
1330 2270 1508 2305 natabit“.

418 2343 617 2382 Nimirum
642 2344 872 2393 Augustum
899 2344 998 2382 caeli
1025 2327 1227 2382 fortunam
1253 2355 1394 2381 vocare
1422 2343 1568 2382 nemini
1605 2355 1685 2382 non
1718 2343 1764 2381 li-

318 2414 393 2458 cet,
421 2412 741 2460 quandoquidem
762 2410 931 2450 Caesare
958 2415 1119 2449 auctore
1147 2422 1234 2448 eum
1260 2411 1311 2448 ad
1337 2410 1612 2448 destinandam
1639 2410 1764 2450 fortu-

318 2490 408 2516 nam
448 2478 489 2516 in
533 2479 684 2516 caelum
723 2478 976 2516 adscendisse
1011 2478 1051 2515 in
1087 2477 1277 2527 opinione
1312 2478 1487 2516 omnium
1518 2480 1591 2516 est.
1658 2477 1765 2526 Quin

319 2545 439 2584 etiam
474 2546 595 2584 verba
627 2551 771 2595 poetae
805 2558 885 2583 non
920 2549 1159 2595 repugnant,
1194 2557 1242 2584 ne
1277 2546 1500 2584 universam
1527 2546 1764 2585 sententiam

411 2697 439 2744 ⁵)
465 2697 632 2744 Respicit
655 2701 768 2744 poeta
792 2698 867 2733 sine
892 2697 1000 2733 dubio
1026 2697 1159 2732 cultum
1183 2697 1326 2733 Romuli
1352 2697 1398 2732 ab
1424 2697 1626 2734 Octaviano
1648 2697 1764 2734 redin-

319 2756 511 2801 tegratum.
561 2755 632 2790 cfr.
656 2755 747 2800 Eph.
773 2755 884 2801 epigr.
910 2766 943 2790 a.
970 2755 1059 2791 1872
1082 2765 1117 2800 p.
1140 2755 1216 2790 240.
