1910 3250
307 2007 331 2159 ..uu-W‘ae

991 230 1270 276 *30*

518 360 654 414 Minus
685 363 868 413 diversae
899 375 1034 413 essent
1061 368 1279 426 opiniones»,
1311 368 1356 424 si,
1387 382 1467 427 qua
1495 365 1534 412 vi
1561 365 1760 428 particula
1784 381 1874 416 cum

382 441 511 496 posita
540 446 655 492 esset,
688 439 770 479 ulla
799 438 955 480 ratione
985 438 1113 482 fixum
1141 444 1377 494 certumque
1396 438 1523 482 fieret.
1582 439 1663 482 Per
1691 455 1735 483 se
1765 441 1873 483 enim

381 514 560 563 spectata
591 514 630 548 et
658 506 841 559 causalis,
874 513 918 547 ut
945 506 1057 547 aiunt
1083 506 1348 561 grammatici,
1381 512 1421 547 et
1451 507 1680 549 concessiva
1706 515 1747 551 et
1775 515 1874 550 tem-

382 575 530 631 poralis
560 581 692 630 potest
721 588 828 615 esse:
868 579 990 629 atque
1020 581 1179 629 tempus
1210 574 1374 629 quidem
1405 580 1446 614 et
1474 574 1678 628 generale,
1706 582 1752 616 ut
1776 590 1874 632 quo-

382 643 504 695 tiens,
543 649 583 683 et
621 641 850 696 singulare,
885 648 930 682 ut
967 648 1199 697 postquam,
1237 642 1447 697 significat.
1517 643 1586 684 Ad
1626 643 1698 684 has
1736 657 1875 684 omnes

381 710 575 762 notiones,
607 717 652 750 ut
679 710 767 751 loco
790 710 961 751 salutem
983 716 1184 765 pararent,
1217 710 1458 766 interpretes
1479 712 1761 767 confugerunt.
1790 710 1874 754 Sed

382 777 573 832 quoniam
594 776 818 829 Freierum‚
850 791 941 817 cum
972 776 1161 817 universe
1191 776 1242 818 de
1273 777 1471 819 servando
1494 777 1723 834 principatu
1751 779 1876 820 verba

382 845 522 886 fecisse
551 852 712 900 poetam
737 844 982 900 opinaretur,
1012 843 1218 900 aliquanto
1241 860 1264 886 a
1290 851 1398 887 meta
1418 845 1626 888 aberrasse
1651 861 1776 903 supra
1805 846 1874 888 do-

381 912 548 962 cuimus,
580 927 626 953 ea
652 912 942 967 interpretatio,
975 926 1055 967 qua
1085 911 1306 967 particulae
1326 911 1468 954 eadem
1497 913 1569 966 vis,
1601 928 1722 969 quam
1753 914 1875 956 habet

382 980 551 1035 quoties,
585 980 791 1032 subicitur,
822 979 1027 1021 reicienda
1048 986 1120 1023 est.
1152 979 1303 1022 Omnia
1324 979 1429 1021 enim
1460 980 1501 1021 in
1523 980 1604 1022 fine
1632 981 1724 1023 libri
1754 981 1874 1039 primi

380 1046 421 1088 in
449 1063 536 1089 eam
566 1063 637 1089 nos
667 1047 874 1089 deducunt
894 1047 1139 1102 opinionem,
1173 1054 1216 1088 ut
1238 1047 1288 1089 de
1321 1063 1399 1089 uno
1421 1047 1502 1100 illo,
1530 1064 1554 1090 a
1575 1063 1654 1104 quo
1676 1049 1876 1092 discordia

344 1088 354 1152 l
381 1115 493 1171 quasi
526 1115 675 1156 catenis
704 1115 870 1169 alligata
900 1122 939 1156 et
965 1115 1178 1156 constiicta
1209 1115 1271 1167 sit,
1301 1121 1462 1170 poetam
1484 1115 1595 1172 loqui
1625 1130 1873 1160 censeamus.

353 1170 527 1238 Itaque
565 1183 650 1224 sive
691 1197 779 1224 eam
823 1182 1183 1236 significationem,
1229 1198 1350 1238 quam
1390 1183 1512 1225 habet
1550 1189 1763 1240 postquam
1803 1199 1875 1226 seu

381 1265 503 1306 quam
534 1251 656 1292 habet
686 1265 947 1306 quamquam,
989 1250 1258 1292 coniunctioni
1290 1265 1381 1292 cum
1418 1250 1695 1304 concedemus,
1737 1251 1876 1307 utique

381 1331 461 1359 non
493 1317 543 1360 de
571 1317 756 1360 Caesaris
787 1325 918 1360 morte
940 1318 1098 1359 Manilii
1120 1319 1243 1360 verba
1265 1319 1514 1374 intellegam.
1574 1319 1693 1370 Quae
1723 1320 1794 1376 qui
1823 1319 1876 1361 ad

383 1385 598 1427 Caesarem
642 1392 825 1441 spectare
863 1385 1012 1439 volent,
1055 1386 1110 1427 ita
1140 1386 1226 1428 fere
1267 1386 1663 1442 interpretabuntur:
1723 1385 1876 1438 Quam-

381 1468 503 1509 quam
534 1452 685 1495 Caesar
715 1453 853 1495 relicto
886 1453 982 1495 orbe
1021 1453 1062 1494 in
1102 1453 1269 1495 deorum
1308 1469 1521 1496 numerum
1551 1461 1737 1510 receptus
1763 1454 1876 1496 caelo

380 1522 558 1573 accessit,
600 1527 735 1562 tamen
771 1535 823 1562 ne
853 1521 1059 1563 desideret
1094 1521 1269 1577 populus
1299 1521 1506 1563 Romanus
1538 1522 1624 1563 eius
1654 1521 1875 1579 potentiam

381 1589 584 1630 salubrem
614 1589 655 1629 in
685 1597 805 1641 terra,
844 1589 992 1631 etenim
1032 1589 1142 1631 favet
1180 1589 1301 1630 etiam
1342 1590 1487 1630 absens
1517 1589 1773 1646 precantibus
1804 1590 1874 1642 (ef.

382 1657 461 1698 Ov.
492 1656 590 1699 Met.
625 1655 706 1698 XV
736 1657 855 1708 870).
895 1657 1144 1712 Neutiquam
1175 1657 1276 1699 haec
1305 1657 1433 1699 reeta!
1489 1657 1572 1700 Sed
1603 1657 1655 1700 de
1682 1657 1875 1712 Augusto

382 1724 560 1779 loquitur
590 1724 630 1764 in
659 1724 988 1766 antecedentibus
1011 1725 1204 1778 versibus,
1237 1725 1287 1766 de
1318 1724 1462 1767 eodem
1483 1724 1674 1767 Manilius
1705 1724 1873 1767 ultimis:

382 1807 482 1847 quos
512 1792 686 1847 primum
714 1792 927 1846 attingenti
949 1793 1046 1833 mihi
1069 1792 1266 1848 placuisse
1286 1792 1480 1834 confiteor
1509 1792 1622 1834 illam
1644 1791 1875 1848 explicandi

381 1859 570 1935 speciem,
612 1866 656 1900 ut
698 1861 857 1901 dederit
897 1861 948 1900 sit
986 1861 1109 1901 futuri
1147 1861 1276 1901 exacti
1308 1861 1437 1902 forma
1467 1866 1507 1902 et
1535 1859 1756 1916 particulae
1784 1874 1875 1901 cum

380 1927 475 1967 insit
506 1928 563 1967 vis
602 1929 834 1983 temporalis
875 1933 950 1980 (Ξ
980 1929 1115 1983 wenn)
1156 1943 1202 1969 ac
1238 1929 1295 1970 sic
1333 1928 1625 1983 intellegatur:
1654 1927 1786 1970 Roma
1824 1928 1875 1968 sit

381 1995 571 2049 Augusto
616 1995 842 2051 imperante
884 1996 1053 2037 invicta!
1108 2011 1197 2036 cum
1245 2011 1338 2037 vero
1381 2002 1562 2059 mortuus
1603 1995 1680 2043 erit
1722 2010 1770 2037 ac
1813 2010 1874 2037 re-

381 2062 475 2104 licta
496 2070 602 2104 terra
623 2063 780 2104 caelum
802 2064 1039 2114 ascenderit,
1060 2079 1110 2106 ne
1132 2048 1334 2106 desideret
1355 2056 1461 2105 eum.
1499 2047 1593 2104 Huc
1611 2063 1735 2118 igitur
1763 2078 1875 2120 spec-

380 2136 485 2172 tasse
524 2138 686 2187 poetam
727 2139 976 2187 putaveram,
1022 2139 1066 2173 ut
1105 2132 1257 2174 diceret
1295 2147 1376 2174 non
1415 2132 1640 2174 timendum
1681 2145 1780 2184 esse,
1821 2146 1874 2173 ne

382 2197 543 2253 quando
574 2205 666 2254 post
696 2199 874 2254 Augusti
902 2200 1055 2241 obitum
1086 2199 1266 2242 terrestri
1290 2199 1460 2256 imperio
1487 2213 1692 2242 successor
1717 2197 1875 2241 deesset

381 2266 451 2307 illo
482 2266 642 2320 dignus,
675 2267 769 2322 quia
799 2266 986 2308 Tiberius
1015 2267 1055 2308 in
1086 2267 1347 2309 successionis
1377 2280 1490 2322 spem
1522 2265 1710 2308 venisset.
1739 2265 1875 2308 Aliter

381 2347 478 2374 sane
507 2333 687 2386 Iacobus,
721 2334 790 2390 qui
811 2335 1019 2377 Tiberium
1050 2335 1091 2376 in
1123 2335 1255 2376 insula
1289 2334 1435 2376 Rhodo
1464 2334 1691 2375 latitantem
1725 2333 1873 2375 Roma-

382 2401 529 2456 nisque
558 2401 733 2442 invisum
765 2402 873 2458 carpi
895 2408 1004 2444 ratus
1034 2409 1157 2458 atque
1187 2402 1372 2443 ultimum
1396 2415 1558 2444 versum
1587 2401 1874 2458 interpretatus

382 2467 460 2509 ita:
502 2482 555 2510 ne
585 2476 720 2511 careat
748 2469 834 2525 ipsa
864 2470 1025 2524 (Roma)
1055 2483 1284 2512 successore
1312 2470 1471 2526 imperii
1498 2468 1692 2522 terrestri,
1728 2467 1875 2511 adiecit

382 2535 482 2577 haec
511 2536 661 2592 (praef.
694 2552 733 2593 p.
761 2537 933 2591 XVII):
968 2536 1117 2590 „Quod
1145 2552 1225 2579 non
1255 2537 1486 2590 addidisset,
1517 2537 1550 2578 si
1579 2536 1767 2580 Tiberius
1793 2536 1873 2578 iam

383 2609 467 2644 tum
499 2604 539 2645 in
570 2618 684 2660 spem
726 2605 985 2647 successionis
1026 2605 1201 2647 venisset
1239 2611 1308 2646 aut
1346 2605 1548 2662 expetitus
1583 2605 1723 2647 fuisset
1751 2619 1776 2646 a
1804 2618 1873 2660 po-

381 2671 490 2727 pulo.
550 2671 672 2723 Quod
702 2673 735 2713 si
759 2687 900 2714 verum
930 2679 1001 2727 est,
1030 2688 1109 2715 non
1139 2687 1236 2715 sane
1266 2688 1313 2715 ca
1343 2673 1424 2715 odii
1445 2673 1616 2729 vestigia
1644 2672 1873 2728 reliquisset

382 2746 481 2793 tum,
526 2754 618 2781 cum
659 2739 728 2782 ille
758 2740 808 2781 ad
840 2740 1055 2797 imperium
1086 2747 1266 2796 venerat,
1307 2741 1340 2782 si
1371 2741 1549 2783 carmina
1578 2739 1760 2782 ultimam
1789 2754 1872 2782 ma-

383 2821 480 2851 num
509 2814 642 2852 essent
671 2811 881 2866 experta“.
