1930 3320
759 270 1044 311 ..15-

163 395 263 436 haec
297 407 393 434 vera
427 392 649 444 aliquando
685 393 810 432 fuisse
843 395 1048 433 testantur
1083 396 1125 432 et
1153 392 1373 432 Suetonius
1410 397 1451 432 et
1478 392 1645 432 Tacitus

165 465 208 503 in
243 463 479 503 enarrandis
508 462 665 501 Tiberii
701 462 834 501 rebus.
888 462 1086 513 Reperies
1125 462 1231 501 enim
1265 461 1374 512 apud
1402 462 1573 512 illumw)
1603 462 1644 501 in

163 533 251 574 vita
279 532 501 584 principis:
530 531 678 582 „Circa
706 531 806 569 deos
835 543 882 569 ac
909 531 1131 581 religiones
1161 532 1464 582 neglegentior3
1494 532 1646 582 quippe

164 603 352 642 addictus
389 600 694 640 mathematicae
731 601 1092 650 persuasionisque
1124 600 1288 665 plenuS‚
1328 606 1506 640 cuncta
1540 602 1646 640 fato

164 672 303 722 cogi“
339 693 387 699 —
422 670 530 721 apud
568 670 675 709 hunc
710 670 752 707 in
786 670 1021 708 Annalibus
1050 669 1126 719 VI,
1161 671 1211 708 20
1247 670 1347 708 talia
1382 671 1482 710 fere:
1524 670 1647 720 „Gal-

164 741 238 780 bae
279 739 437 779 consuli
481 751 609 778 seram
653 751 698 778 ac
734 739 896 777 brevem
930 738 1158 788 potentiam
1194 729 1442 789 significavit
1477 740 1648 778 scientia

166 808 462 848 Chaldaeorum
508 810 629 858 artis,
674 807 788 847 cuius
835 807 1076 858 apiscendae
1123 808 1252 847 otium
1293 808 1403 858 apud
1443 808 1647 858 Rhodum,

163 878 401 928 magistrum
442 878 700 928 Thrasyllum
746 877 903 926 habuit,
949 877 1138 928 peritiam
1179 877 1265 915 eius
1307 881 1512 927 expertus,
1558 890 1647 916 cum

164 947 374 998 imperium
416 947 497 997 ipsi
539 951 580 985 et
620 947 757 986 futura
798 947 987 985 sollerter
1023 946 1286 996 patefaceret,
1329 946 1645 998 (contemplans)

163 1016 383 1066 genitalem
423 1017 564 1055 horam
593 1047 602 1055 .
633 1046 641 1054 .
683 1016 790 1055 diem
819 1047 827 1055 .
857 1046 864 1053 .
909 1028 1058 1054 annum
1087 1046 1094 1054 .
1128 1045 1134 1052 .
1177 1015 1339 1065 positus
1383 1016 1559 1054 siderum
1600 1027 1647 1054 ac

163 1085 299 1136 spatia
328 1115 336 1124 .
365 1114 374 1123 .
405 1116 415 1125 .
472 1085 665 1134 Quaeque
701 1085 875 1133 dixerat,
911 1085 1038 1124 oracli
1074 1085 1161 1123 vice
1189 1084 1393 1134 accipiens
1422 1097 1510 1123 eum
1539 1085 1648 1123 inter

162 1153 328 1192 intimos
362 1153 582 1193 amicorum
619 1155 771 1193 tenet.“
830 1155 920 1203 Qua
957 1167 1006 1193 ex
1046 1154 1351 1193 narratiuncula
1386 1166 1551 1204 operam
1579 1154 1646 1193 de-

162 1222 271 1262 disse
318 1223 567 1273 astrologiae
617 1223 900 1273 cognoscimus
953 1223 1162 1262 Tiberium
1211 1223 1331 1262 etiam
1380 1236 1415 1262 a.
1464 1223 1515 1262 U.
1559 1225 1646 1272 786,

163 1291 383 1342 aliundew)
432 1297 618 1342 apparet,
666 1293 902 1342 astrologos
953 1293 1023 1342 qui
1069 1293 1310 1332 dicebantur
1353 1292 1582 1331 Chaldaeos
1623 1305 1647 1331 a

163 1360 400 1400 criminibus
446 1362 546 1400 satis
587 1373 674 1401 esse
717 1361 918 1400 defensos.
974 1361 1102 1401 Velut
1142 1375 1178 1401 a.
1207 1362 1259 1400 U.
1293 1363 1379 1411 769,
1424 1374 1517 1411 quo,
1559 1374 1646 1400 cum

164 1429 273 1468 Libo
301 1429 462 1468 Drusus
498 1442 630 1469 rerum
666 1442 980 1483 novarum-reus
1009 1442 1130 1469 causa
1158 1430 1383 1480 cecidisset,
1419 1432 1526 1471 sacta
1554 1436 1648 1470 sunt

163 1498 213 1537 de
253 1499 546 1538 mathematicis
592 1500 635 1550 (i.
671 1511 703 1539 e.
743 1500 985 1550 astrologis)
1031 1500 1239 1550 magisque
1280 1500 1405 1540 Italia
1444 1500 1646 1551 pellendis

163 1570 328 1607 senatus
357 1569 559 1618 consulta,
588 1569 778 1620 princeps
810 1569 897 1619 ipse
927 1569 1079 1608 amicos
1109 1570 1166 1608 sic
1187 1570 1349 1608 videtur
1378 1582 1573 1620 servasse,
1603 1574 1648 1609 ut

164 1648 298 1675 coram
338 1637 653 1687 deprecantibus
688 1650 735 1676 ac
772 1650 839 1688 „se
880 1642 1007 1676 artem
1043 1639 1275 1678 desituros“
1311 1639 1646 1690 promittentibus

161 1705 321 1744 veniam
366 1705 542 1751 daretffl)
610 1706 694 1745 Ubi
743 1707 908 1746 tandem
954 1708 1002 1746 de
1051 1707 1279 1747 Octaviano
1329 1709 1548 1759 quidquam
1595 1709 1647 1747 si-

162 1774 282 1815 mile?

265 1843 385 1883 Adde
423 1845 533 1894 quod
569 1845 759 1884 Tiberius
795 1847 883 1897 ipse
917 1847 1149 1898 composuit
1185 1852 1225 1886 et
1257 1847 1452 1887 Latinum
1487 1860 1647 1887 carmen

163 1913 331 1964 lyricum
371 1918 413 1952 et
456 1913 612 1953 Graeca
652 1920 854 1966 poemata,
895 1916 1078 1955 imitatus
1121 1916 1430 1966 Euphorionem
1471 1924 1512 1956 ct
1546 1917 1646 1956 Rhi—

162 1995 283 2022 anum
327 1987 368 2022 et
412 1982 723 2022 Parthenium.
761 2015 769 2023 .
806 2015 814 2023 .
852 2015 861 2023 .
910 1990 1182 2036 quapropter,
1229 1990 1274 2025 ut
1319 1987 1379 2025 ait
1425 1986 1647 2026 Suetonius

164 2051 232 2101 (T.
260 2064 293 2091 c.
322 2051 388 2102 70)
416 2052 602 2103 plerique
641 2054 894 2093 eruditorum
927 2054 1114 2094 certatim
1150 2055 1201 2093 ad
1236 2068 1324 2094 eum
1352 2057 1479 2095 multa
1506 2057 1555 2095 de
1582 2057 1647 2095 his

163 2120 390 2160 ediderunt.

267 2190 380 2239 Quae
423 2192 558 2230 omnia
599 2192 802 2243 complexi
838 2191 1072 2232 coniectura
1110 2206 1244 2233 nonne
1282 2207 1328 2234 eo
1365 2196 1560 2246 ducimur,
1602 2200 1647 2234 ut

163 2258 372 2298 Tiberium
400 2261 695 2310 persentiamus
719 2261 760 2299 in
780 2262 1055 2301 astronomiae
1076 2263 1223 2302 studiis
1243 2265 1451 2304 adamasse
1470 2265 1646 2304 Aratum

160 2328 695 2385 Euclidem‘Hipparchum
739 2330 842 2369 alios
877 2331 1173 2371 Alexandrinis
1217 2346 1319 2382 quae
1361 2339 1510 2373 vocant
1549 2338 1645 2374 tcm-

161 2399 330 2448 poribus
357 2399 407 2438 de
435 2399 508 2437 illa
536 2402 623 2437 arte
643 2399 744 2437 bene
766 2399 962 2439 meritos?
1009 2401 1154 2450 Itaque
1176 2403 1262 2441 sine
1282 2403 1367 2442 ulla
1385 2404 1645 2443 dubitatione

161 2467 479 2511 confirmaverim
522 2469 629 2507 inter
672 2469 856 2508 eruditos
899 2469 1005 2517 illos,
1049 2483 1151 2520 quos
1186 2472 1237 2511 ad
1276 2472 1485 2512 Tiberium
1521 2486 1646 2524 opera

162 2535 318 2575 misisse
348 2535 570 2576 Suetonius
606 2542 813 2588 memorat,
850 2551 938 2577 cum
965 2539 1134 2580 Pedone
1171 2541 1436 2590 ‚,sidere0“2⁰)
1475 2548 1516 2582 et
1545 2542 1644 2582 Ger-

253 2700 295 2743 17)
325 2702 407 2740 Tib.
440 2714 471 2740 c.
501 2705 557 2741 69.
614 2703 685 2742 Otr.
717 2706 801 2742 Tib.
834 2717 866 2742 c.
899 2707 953 2742 14.
1010 2707 1082 2743 Gfr.
1113 2708 1214 2745 Man.
1246 2709 1296 2753 II,
1330 2710 1407 2744 144.
1463 2708 1533 2752 IV,
1564 2709 1644 2745 871.

164 2756 206 2802 ¹⁸)
237 2758 286 2794 A.
318 2758 389 2804 111,
422 2762 477 2797 22.
514 2761 590 2797 ibid
621 2762 670 2806 II,
702 2764 760 2799 2⁹7.
789 2765 845 2800 32.
917 2763 960 2811 ¹⁹)
994 2764 1097 2801 Suet.
1130 2766 1213 2802 Tib.
1244 2768 1300 2802 36.
1358 2766 1431 2802 cfr.
1463 2767 1563 2802 Man.
1595 2765 1644 2810 Π,

165 2815 242 2850 109.
269 2817 344 2852 110.
391 2818 435 2862 ²⁰)
459 2819 517 2854 Ex
541 2820 664 2855 Ponto
690 2821 759 2864 IV,
787 2822 841 2866 16,
865 2823 898 2857 4.
