1930 3320
1012 312 1221 352 -82-

564 399 657 434 Hinc
674 398 903 434 lenocinium
927 399 1058 434 formae
1076 400 1272 446 cultusque
1291 401 1460 447 repertus

564 450 751 496 Corporis,
770 452 883 496 atque
908 461 999 486 auro
1020 451 1176 497 quaesita
1196 454 1252 487 est
1269 452 1394 498 gratia
1418 451 1564 497 frontis,

562 503 706 548 Perque
726 504 838 548 caput
857 502 959 537 ducti
978 502 1135 548 lapides,
1159 514 1226 548 per
1244 503 1340 539 colla
1358 514 1584 550 manusque,

561 555 605 589 Et
622 553 780 600 pedibus
799 553 914 589 niveis
939 554 1121 590 fulserunt
1145 566 1261 591 aurea
1279 556 1412 591 vincla.

564 606 662 648 Quid
681 607 805 652 potius
824 610 1001 641 matrona
1013 606 1100 642 velit
1120 609 1276 643 tractare
1298 611 1455 653 creatos,

563 658 683 700 Quam
701 658 843 694 factum
862 668 1035 694 revocare
1061 669 1147 694 suos
1169 659 1271 705 quod
1289 660 1407 706 possit
1427 661 1475 696 ad
1495 671 1583 697 usus
1603 662 1634 695 ¹.

376 759 479 797 Tum
499 758 765 798 funambulus

559 863 601 898 In
618 864 809 908 praerupta
829 861 932 898 dabit
951 862 1118 898 studium
1138 862 1347 908 vendetque
1366 862 1506 909 periclo

558 914 776 961 Ingenium;
798 925 840 950 ac
859 917 992 950 tenues
1016 925 1131 950 ausus
1152 914 1231 949 sine
1252 915 1371 949 limite
1389 925 1540 961 gressus

560 967 668 1002 Certa
687 977 755 1012 per
775 968 944 1002 extentos
964 969 1080 1012 ponet
1098 966 1257 1012 vestigia
1277 967 1398 1010 funes,

558 1019 603 1053 Et
623 1018 701 1054 caeli
721 1018 924 1054 meditatus
944 1018 1015 1054 iter
1035 1018 1191 1066 vestigia
1211 1019 1354 1064 perdet,

558 1072 583 1105 E
599 1082 724 1116 penna
743 1074 780 1106 et
792 1071 961 1117 pendens
976 1071 1157 1118 populum
1178 1070 1380 1117 suspendet
1392 1071 1439 1106 ab
1456 1070 1536 1118 ipso
1558 1071 1585 1108 ².

371 1179 555 1231 Denique
576 1185 778 1232 apparent
797 1181 869 1233 qui
889 1182 996 1220 feras
1013 1181 1342 1220 mansuefaciunt
1365 1193 1373 1221 ε

557 1296 622 1332 Ille
642 1306 758 1331 manu
776 1298 901 1331 vastos
925 1297 1064 1342 poterit
1086 1296 1235 1332 frenare
1254 1297 1399 1340 leones,

555 1348 600 1382 Et
616 1348 770 1393 palpare
795 1348 917 1393 lupos,
938 1347 1130 1393 pantheris
1149 1347 1280 1382 ludere
1301 1347 1432 1393 captis,

553 1399 627 1434 Nec
645 1399 762 1446 fugiet
782 1399 923 1434 validas
945 1399 1093 1445 cognati
1115 1398 1248 1434 sideris
1268 1410 1388 1443 ursas,

557 1452 671 1497 Inque
692 1454 792 1487 artes
811 1451 1009 1487 hominum
1029 1462 1278 1497 perversaque
1295 1461 1455 1486 munera
1475 1450 1606 1494 ducet;

554 1504 618 1539 llle
639 1504 840 1550 elephanta
859 1505 1003 1550 premet
1022 1504 1146 1548 dorso,
1167 1503 1402 1549 stimulisque
1422 1502 1591 1538 monebit

555 1556 727 1602 Turpiter
746 1556 784 1591 in
804 1558 911 1591 tanto
931 1557 1128 1591 cedentem
1147 1555 1312 1601 pondere
1332 1555 1490 1601 punctis.

553 1608 617 1642 Ille
637 1607 765 1654 tigrim
784 1607 887 1642 rabie
907 1608 1022 1642 solvet
1047 1607 1204 1652 pacique
1227 1606 1410 1649 domabit,

557 1659 721 1706 Quaeque
742 1659 816 1694 alia
839 1659 1019 1694 infestant
1037 1659 1138 1694 silvis
1162 1659 1338 1694 animalia
1356 1661 1489 1703 terras,

553 1711 690 1757 Junget
709 1711 874 1746 amicitia
893 1721 1020 1746 secum
1038 1711 1051 1733 ³
1056 1736 1126 1745 .....

419 1823 476 1861 Ac
493 1821 676 1874 profecto
694 1821 842 1861 horum
858 1821 1042 1861 omnium
1064 1833 1212 1868 mores,
1235 1824 1358 1868 artes,
1374 1820 1616 1859 industriam
1636 1819 1768 1860 vivide
1789 1833 1836 1860 ac

366 1886 501 1938 lepide
512 1885 699 1924 Manilius
710 1885 919 1937 expressit.
937 1886 1027 1924 Non
1038 1888 1177 1923 tamen
1191 1896 1358 1935 possum
1371 1883 1469 1935 quin
1485 1883 1674 1935 cogitem,
1689 1896 1738 1923 ea
1750 1897 1835 1924 esse

368 1962 458 2001 quae
471 1949 659 1989 homines
673 1949 827 1988 otiosos
841 1961 977 1988 rerum
993 1948 1280 1995 admiratione,
1294 1947 1587 1987 sententiarum
1600 1948 1834 1997 festivitate,

366 2013 685 2064 descriptionum
698 2012 921 2052 subtilitate
939 2012 1155 2051 delectent.
1169 2012 1220 2050 At
1232 2012 1265 2050 si
1283 2012 1372 2063 quis
1387 2011 1618 2063 astrologiae
1633 2012 1834 2052 sinceram

365 2076 488 2116 fidem
517 2076 779 2128 studiumque
805 2076 1007 2115 fervidum
1034 2075 1302 2128 praestitisset,
1325 2087 1424 2114 num
1456 2075 1556 2115 talia
1584 2075 1834 2128 scripsisset?

365 2153 465 2179 num
485 2140 638 2192 scripta
657 2140 890 2180 laudasset?
910 2141 1064 2190 Nempe
1090 2136 1257 2179 Manilio
1271 2139 1419 2178 merito
1437 2138 1585 2190 aliquis
1611 2139 1805 2178 inclamet
1822 2151 1831 2178 :

369 2220 389 2241 «
412 2204 516 2250 Quid
548 2204 759 2243 rhetorem
788 2217 834 2243 ac
859 2204 1065 2243 ludicrum
1093 2203 1305 2242 hominem
1331 2202 1419 2253 agis
1444 2202 1486 2240 in
1509 2214 1551 2242 re
1577 2215 1668 2253 quae
1694 2203 1833 2252 gravi-

363 2271 492 2306 tatem
513 2272 551 2307 et
573 2268 860 2307 auctoritatem
881 2267 1040 2319 poscit?
1057 2267 1129 2306 Hic
1150 2266 1395 2316 docendum,
1418 2277 1502 2304 non
1522 2265 1762 2305 ludendum.
1783 2267 1833 2306 Et

363 2334 521 2370 tuamet
539 2331 625 2383 ipse
642 2331 845 2370 sententia
863 2331 1123 2370 damnandus
1143 2343 1200 2379 es,
1223 2330 1295 2381 qui
1314 2328 1510 2380 scripsisti
1533 2340 1542 2368 :

549 2442 682 2478 Ornari
702 2453 760 2478 res
779 2442 862 2489 ipsa
874 2444 999 2489 negat,
1020 2443 1195 2478 contenta
1215 2440 1354 2476 doceri.

361 2543 442 2582 Aut
476 2556 612 2596 operae
643 2545 820 2596 pretium
857 2548 931 2594 est,
966 2548 1026 2584 tot
1058 2548 1098 2584 et
1135 2547 1251 2583 tanta
1282 2543 1332 2582 de
1367 2546 1570 2582 astrorum
1604 2539 1762 2580 naturis
1791 2543 1831 2579 et

362 2607 530 2656 viribus,
549 2608 681 2659 deque
699 2609 856 2648 cunctis
875 2608 1018 2648 mundi
1040 2608 1182 2659 figuris
1208 2620 1255 2647 ac
1281 2607 1467 2659 partibus
1490 2604 1747 2658 explicuisse,
1770 2606 1827 2651 ut,

403 2734 431 2765 1.
453 2734 558 2774 Man„
578 2735 730 2772 Astron„
751 2735 789 2776 V,
811 2737 883 2768 516.

401 2781 430 2811 2.
452 2781 517 2822 Id.,
539 2780 636 2818 ibid„
658 2783 698 2821 V,
719 2783 790 2814 652.

402 2826 431 2858 3.
453 2827 631 2867 1d.‚ibid.,
652 2829 693 2869 V,
711 2829 782 2861 702.
820 2846 823 2849 ·
