<?xml version="1.0" encoding="UTF-8"?>
<!DOCTYPE html PUBLIC "-//W3C//DTD XHTML 1.0 Transitional//EN"
    "http://www.w3.org/TR/xhtml1/DTD/xhtml1-transitional.dtd">
<html xmlns="http://www.w3.org/1999/xhtml" xml:lang="en" lang="en">
 <head>
  <title>
</title>
<meta http-equiv="Content-Type" content="text/html;charset=utf-8" />
  <meta name='ocr-system' content='tesseract 3.04.00' />
  <meta name='ocr-capabilities' content='ocr_page ocr_carea ocr_par ocr_line ocrx_word'/>
</head>
<body>
  <div class='ocr_page' id='page_1' title='image "./lucubrationesman00thomuoft_0133.png"; bbox 0 0 1936 3392; ppageno 0'>
   <div class='ocr_carea' id='block_1_1' title="bbox 827 303 879 342">
    <p class='ocr_par' dir='ltr' id='par_1_1' title="bbox 827 303 879 342">
     <span class='ocr_line' id='line_1_1' title="bbox 827 303 879 342; baseline -0.019 0"><span class='ocrx_word' id='word_1_1' title='bbox 827 303 879 342; x_wconf 87' lang='grc'><strong>59</strong></span> 
     </span>
    </p>
   </div>
   <div class='ocr_carea' id='block_1_2' title="bbox 126 449 1585 2251">
    <p class='ocr_par' dir='ltr' id='par_1_2' title="bbox 134 449 1565 1128">
     <span class='ocr_line' id='line_1_2' title="bbox 140 449 1565 506; baseline 0.001 -13"><span class='ocrx_word' id='word_1_2' title='bbox 140 465 309 506; x_wconf 86' lang='lat' dir='ltr'><strong>musque</strong></span> <span class='ocrx_word' id='word_1_3' title='bbox 341 451 382 492; x_wconf 92' lang='lat' dir='ltr'><strong>in</strong></span> <span class='ocrx_word' id='word_1_4' title='bbox 416 450 572 492; x_wconf 87' lang='lat' dir='ltr'><strong>caelum</strong></span> <span class='ocrx_word' id='word_1_5' title='bbox 606 451 914 501; x_wconf 88' lang='lat' dir='ltr'><strong>conicerentur,</strong></span> <span class='ocrx_word' id='word_1_6' title='bbox 965 454 1100 492; x_wconf 86' lang='lat' dir='ltr'><strong>tamen</strong></span> <span class='ocrx_word' id='word_1_7' title='bbox 1133 464 1206 506; x_wconf 88' lang='lat' dir='ltr'><strong>per</strong></span> <span class='ocrx_word' id='word_1_8' title='bbox 1239 449 1368 491; x_wconf 86' lang='lat' dir='ltr'><strong>multa</strong></span> <span class='ocrx_word' id='word_1_9' title='bbox 1402 449 1565 494; x_wconf 89' lang='lat' dir='ltr'><strong>demum</strong></span> 
     </span>
     <span class='ocr_line' id='line_1_3' title="bbox 137 527 1565 585; baseline 0 -14"><span class='ocrx_word' id='word_1_10' title='bbox 137 529 297 572; x_wconf 83' lang='lat' dir='ltr'><strong>saecula</strong></span> <span class='ocrx_word' id='word_1_11' title='bbox 348 543 448 584; x_wconf 83' lang='lat' dir='ltr'><strong>„per</strong></span> <span class='ocrx_word' id='word_1_12' title='bbox 494 530 625 571; x_wconf 81' lang='lat' dir='ltr'><strong>varios</strong></span> <span class='ocrx_word' id='word_1_13' title='bbox 665 544 761 571; x_wconf 87' lang='lat' dir='ltr'><strong>usus</strong></span> <span class='ocrx_word' id='word_1_14' title='bbox 795 533 921 571; x_wconf 84' lang='lat' dir='ltr'><strong>artem</strong></span> <span class='ocrx_word' id='word_1_15' title='bbox 956 529 1209 585; x_wconf 79' lang='lat' dir='ltr'><strong>experientia</strong></span> <span class='ocrx_word' id='word_1_16' title='bbox 1241 527 1383 569; x_wconf 84' lang='lat' dir='ltr'><strong>fecit.&#39;’</strong></span> <span class='ocrx_word' id='word_1_17' title='bbox 1413 529 1439 584; x_wconf 94' lang='lat'><strong>¹)</strong></span> <span class='ocrx_word' id='word_1_18' title='bbox 1503 529 1565 571; x_wconf 89' lang='lat' dir='ltr'><strong>De</strong></span> 
     </span>
     <span class='ocr_line' id='line_1_4' title="bbox 137 606 1561 666; baseline -0.002 -14"><span class='ocrx_word' id='word_1_19' title='bbox 137 623 258 652; x_wconf 85' lang='lat' dir='ltr'><strong>aureo</strong></span> <span class='ocrx_word' id='word_1_20' title='bbox 269 642 282 662; x_wconf 91' lang='lat'><em>,</em></span> <span class='ocrx_word' id='word_1_21' title='bbox 333 609 443 664; x_wconf 88' lang='lat' dir='ltr'><strong>quod</strong></span> <span class='ocrx_word' id='word_1_22' title='bbox 475 616 620 666; x_wconf 86' lang='lat' dir='ltr'><strong>poetae</strong></span> <span class='ocrx_word' id='word_1_23' title='bbox 653 613 828 660; x_wconf 87' lang='lat' dir='ltr'><strong>canunt,</strong></span> <span class='ocrx_word' id='word_1_24' title='bbox 875 607 1037 650; x_wconf 89' lang='lat' dir='ltr'><strong>saeculo</strong></span> <span class='ocrx_word' id='word_1_25' title='bbox 1071 606 1175 649; x_wconf 89' lang='lat' dir='ltr'>nihil</span> <span class='ocrx_word' id='word_1_26' title='bbox 1207 606 1318 663; x_wconf 84' lang='lat' dir='ltr'><strong>apud</strong></span> <span class='ocrx_word' id='word_1_27' title='bbox 1352 612 1561 659; x_wconf 87' lang='lat' dir='ltr'><strong>nostrum;</strong></span> 
     </span>
     <span class='ocr_line' id='line_1_5' title="bbox 137 686 1562 743; baseline -0.002 -12"><span class='ocrx_word' id='word_1_28' title='bbox 137 692 185 732; x_wconf 84' lang='lat' dir='ltr'><strong>ut</strong></span> <span class='ocrx_word' id='word_1_29' title='bbox 215 687 432 730; x_wconf 79' lang='lat' dir='ltr'><strong>Lucretius</strong></span> <span class='ocrx_word' id='word_1_30' title='bbox 465 689 600 739; x_wconf 88' lang='lat' dir='ltr'><strong>enim,</strong></span> <span class='ocrx_word' id='word_1_31' title='bbox 639 688 698 730; x_wconf 86' lang='lat' dir='ltr'><strong>sic</strong></span> <span class='ocrx_word' id='word_1_32' title='bbox 730 688 952 739; x_wconf 86' lang='lat' dir='ltr'>Manilius,</span> <span class='ocrx_word' id='word_1_33' title='bbox 988 701 1236 743; x_wconf 88' lang='lat' dir='ltr'><strong>quamquam</strong></span> <span class='ocrx_word' id='word_1_34' title='bbox 1260 701 1368 738; x_wconf 90' lang='lat' dir='ltr'><strong>non,</strong></span> <span class='ocrx_word' id='word_1_35' title='bbox 1398 691 1445 728; x_wconf 92' lang='lat' dir='ltr'><strong>ut</strong></span> <span class='ocrx_word' id='word_1_36' title='bbox 1467 686 1562 737; x_wconf 88' lang='lat' dir='ltr'><strong>ille,</strong></span> 
     </span>
     <span class='ocr_line' id='line_1_6' title="bbox 135 765 1562 823; baseline -0.002 -13"><span class='ocrx_word' id='word_1_37' title='bbox 135 768 346 810; x_wconf 86' lang='lat' dir='ltr'><strong>hominum</strong></span> <span class='ocrx_word' id='word_1_38' title='bbox 397 768 574 823; x_wconf 81' lang='lat' dir='ltr'>origines</span> <span class='ocrx_word' id='word_1_39' title='bbox 622 767 781 812; x_wconf 83' lang='lat' dir='ltr'><strong>narrari.</strong></span> <span class='ocrx_word' id='word_1_40' title='bbox 807 782 925 823; x_wconf 87' lang='lat' dir='ltr'><strong>posse</strong></span> <span class='ocrx_word' id='word_1_41' title='bbox 949 770 1108 817; x_wconf 86' lang='lat' dir='ltr'><strong>censet,</strong></span> <span class='ocrx_word' id='word_1_42' title='bbox 1143 766 1201 808; x_wconf 86' lang='lat' dir='ltr'><strong>ait</strong></span> <span class='ocrx_word' id='word_1_43' title='bbox 1239 765 1447 817; x_wconf 83' lang='lat' dir='ltr'><strong>homines,</strong></span> <span class='ocrx_word' id='word_1_44' title='bbox 1487 766 1562 807; x_wconf 89' lang='lat' dir='ltr'><strong>etsi</strong></span> 
     </span>
     <span class='ocr_line' id='line_1_7' title="bbox 135 843 1561 903; baseline -0.002 -14"><span class='ocrx_word' id='word_1_45' title='bbox 135 846 211 890; x_wconf 79' lang='lat' dir='ltr'><strong>sub</strong></span> <span class='ocrx_word' id='word_1_46' title='bbox 258 851 422 903; x_wconf 78' lang='lat' dir='ltr'><strong>pectore</strong></span> <span class='ocrx_word' id='word_1_47' title='bbox 471 861 610 888; x_wconf 87' lang='lat' dir='ltr'><strong>eorum</strong></span> <span class='ocrx_word' id='word_1_48' title='bbox 659 846 758 888; x_wconf 89' lang='lat' dir='ltr'><strong>deus</strong></span> <span class='ocrx_word' id='word_1_49' title='bbox 791 845 950 888; x_wconf 86' lang='lat' dir='ltr'><strong>habitet</strong></span> <span class='ocrx_word' id='word_1_50' title='bbox 982 850 1022 887; x_wconf 84' lang='lat' dir='ltr'><strong>et</strong></span> <span class='ocrx_word' id='word_1_51' title='bbox 1056 845 1167 887; x_wconf 88' lang='lat' dir='ltr'><strong>caelo</strong></span> <span class='ocrx_word' id='word_1_52' title='bbox 1200 846 1284 887; x_wconf 89' lang='lat' dir='ltr'><strong>sint</strong></span> <span class='ocrx_word' id='word_1_53' title='bbox 1316 844 1480 886; x_wconf 89' lang='lat' dir='ltr'><strong>oriundi</strong></span> <span class='ocrx_word' id='word_1_54' title='bbox 1503 843 1561 899; x_wconf 78' lang='lat'><strong>²),</strong></span> 
     </span>
     <span class='ocr_line' id='line_1_8' title="bbox 135 925 1560 976; baseline -0.002 -8"><span class='ocrx_word' id='word_1_55' title='bbox 135 926 256 969; x_wconf 89' lang='lat' dir='ltr'><strong>rudes</strong></span> <span class='ocrx_word' id='word_1_56' title='bbox 288 927 469 968; x_wconf 86' lang='lat' dir='ltr'><strong>omnium</strong></span> <span class='ocrx_word' id='word_1_57' title='bbox 499 927 645 968; x_wconf 87' lang='lat' dir='ltr'><strong>artium</strong></span> <span class='ocrx_word' id='word_1_58' title='bbox 671 931 826 968; x_wconf 84' lang='lat' dir='ltr'><strong>vastam</strong></span> <span class='ocrx_word' id='word_1_59' title='bbox 849 931 999 968; x_wconf 89' lang='lat' dir='ltr'><strong>terram</strong></span> <span class='ocrx_word' id='word_1_60' title='bbox 1022 925 1244 967; x_wconf 85' lang='lat' dir='ltr'><strong>incoluisse</strong></span> <span class='ocrx_word' id='word_1_61' title='bbox 1251 942 1263 976; x_wconf 73' lang='lat'>5</span> <span class='ocrx_word' id='word_1_62' title='bbox 1287 925 1329 966; x_wconf 93' lang='lat' dir='ltr'><strong>in</strong></span> <span class='ocrx_word' id='word_1_63' title='bbox 1354 928 1560 966; x_wconf 79' lang='lat' dir='ltr'><strong>externam</strong></span> 
     </span>
     <span class='ocr_line' id='line_1_9' title="bbox 134 1005 1560 1063; baseline -0.002 -15"><span class='ocrx_word' id='word_1_64' title='bbox 134 1006 308 1063; x_wconf 86' lang='lat' dir='ltr'><strong>speciem</strong></span> <span class='ocrx_word' id='word_1_65' title='bbox 346 1005 471 1048; x_wconf 88' lang='lat' dir='ltr'><strong>solam</strong></span> <span class='ocrx_word' id='word_1_66' title='bbox 521 1021 660 1047; x_wconf 88' lang='lat' dir='ltr'><strong>eorum</strong></span> <span class='ocrx_word' id='word_1_67' title='bbox 710 1006 870 1047; x_wconf 89' lang='lat' dir='ltr'><strong>animus</strong></span> <span class='ocrx_word' id='word_1_68' title='bbox 920 1011 1006 1047; x_wconf 87' lang='lat' dir='ltr'><strong>erat</strong></span> <span class='ocrx_word' id='word_1_69' title='bbox 1055 1019 1271 1047; x_wconf 88' lang='lat' dir='ltr'><strong>conversus</strong></span> <span class='ocrx_word' id='word_1_70' title='bbox 1318 1007 1359 1045; x_wconf 88' lang='lat' dir='ltr'><strong>et</strong></span> <span class='ocrx_word' id='word_1_71' title='bbox 1391 1018 1560 1060; x_wconf 90' lang='lat' dir='ltr'><strong>operum</strong></span> 
     </span>
     <span class='ocr_line' id='line_1_10' title="bbox 134 1084 497 1128; baseline -0.006 0"><span class='ocrx_word' id='word_1_72' title='bbox 134 1085 292 1128; x_wconf 82' lang='lat' dir='ltr'><strong>ratione</strong></span> <span class='ocrx_word' id='word_1_73' title='bbox 324 1084 497 1127; x_wconf 79' lang='lat' dir='ltr'><strong>carebat.</strong></span> 
     </span>
    </p>

    <p class='ocr_par' dir='ltr' id='par_1_3' title="bbox 132 1163 1561 1536">
     <span class='ocr_line' id='line_1_11' title="bbox 196 1163 1559 1218; baseline -0.002 -12"><span class='ocrx_word' id='word_1_74' title='bbox 196 1163 414 1215; x_wconf 89' lang='lat' dir='ltr'><strong>„Necdum</strong></span> <span class='ocrx_word' id='word_1_75' title='bbox 463 1164 587 1206; x_wconf 82' lang='lat' dir='ltr'><strong>etiam</strong></span> <span class='ocrx_word' id='word_1_76' title='bbox 636 1163 775 1206; x_wconf 84' lang='lat' dir='ltr'><strong>doctas</strong></span> <span class='ocrx_word' id='word_1_77' title='bbox 825 1163 990 1206; x_wconf 81' lang='lat' dir='ltr'><strong>solertia</strong></span> <span class='ocrx_word' id='word_1_78' title='bbox 1023 1164 1172 1205; x_wconf 82' lang='lat' dir='ltr'><strong>fecerat</strong></span> <span class='ocrx_word' id='word_1_79' title='bbox 1206 1166 1335 1213; x_wconf 85' lang='lat' dir='ltr'><strong>artes,</strong></span> <span class='ocrx_word' id='word_1_80' title='bbox 1370 1166 1559 1218; x_wconf 86' lang='lat' dir='ltr'><strong>terraque</strong></span> 
     </span>
     <span class='ocr_line' id='line_1_12' title="bbox 132 1242 1561 1297; baseline -0.002 -11"><span class='ocrx_word' id='word_1_81' title='bbox 132 1243 207 1286; x_wconf 88' lang='lat' dir='ltr'><strong>sub</strong></span> <span class='ocrx_word' id='word_1_82' title='bbox 239 1243 408 1287; x_wconf 87' lang='lat' dir='ltr'><strong>rudibus</strong></span> <span class='ocrx_word' id='word_1_83' title='bbox 441 1242 624 1286; x_wconf 79' lang='lat' dir='ltr'><strong>cessabat</strong></span> <span class='ocrx_word' id='word_1_84' title='bbox 656 1250 769 1286; x_wconf 86' lang='lat' dir='ltr'><strong>vasta</strong></span> <span class='ocrx_word' id='word_1_85' title='bbox 802 1243 979 1294; x_wconf 81' lang='lat' dir='ltr'><strong>colonis3</strong></span> <span class='ocrx_word' id='word_1_86' title='bbox 1013 1247 1186 1297; x_wconf 87' lang='lat' dir='ltr'><strong>tumque</strong></span> <span class='ocrx_word' id='word_1_87' title='bbox 1219 1242 1260 1284; x_wconf 89' lang='lat' dir='ltr'><strong>in</strong></span> <span class='ocrx_word' id='word_1_88' title='bbox 1296 1242 1467 1284; x_wconf 86' lang='lat' dir='ltr'><strong>desertis</strong></span> <span class='ocrx_word' id='word_1_89' title='bbox 1492 1242 1561 1283; x_wconf 88' lang='lat' dir='ltr'><strong>ha-</strong></span> 
     </span>
     <span class='ocr_line' id='line_1_13' title="bbox 133 1321 1560 1378; baseline -0.002 -12"><span class='ocrx_word' id='word_1_90' title='bbox 133 1322 291 1367; x_wconf 83' lang='lat' dir='ltr'><strong>bitabat</strong></span> <span class='ocrx_word' id='word_1_91' title='bbox 338 1323 546 1366; x_wconf 84' lang='lat' dir='ltr'><strong>montibus</strong></span> <span class='ocrx_word' id='word_1_92' title='bbox 566 1369 572 1376; x_wconf 51' lang='grc'>,</span> <span class='ocrx_word' id='word_1_93' title='bbox 594 1338 763 1374; x_wconf 84' lang='lat' dir='ltr'><strong>aurum,</strong></span> <span class='ocrx_word' id='word_1_94' title='bbox 815 1323 1089 1378; x_wconf 87' lang='lat' dir='ltr'><strong>immotusque</strong></span> <span class='ocrx_word' id='word_1_95' title='bbox 1122 1337 1248 1364; x_wconf 89' lang='lat' dir='ltr'><strong>novos</strong></span> <span class='ocrx_word' id='word_1_96' title='bbox 1281 1326 1432 1378; x_wconf 85' lang='lat' dir='ltr'><strong>pontus</strong></span> <span class='ocrx_word' id='word_1_97' title='bbox 1465 1321 1560 1363; x_wconf 83' lang='lat' dir='ltr'><strong>sub-</strong></span> 
     </span>
     <span class='ocr_line' id='line_1_14' title="bbox 134 1400 1559 1460; baseline -0.001 -15"><span class='ocrx_word' id='word_1_98' title='bbox 134 1403 304 1446; x_wconf 80' lang='lat' dir='ltr'><strong>duxerat</strong></span> <span class='ocrx_word' id='word_1_99' title='bbox 338 1402 478 1453; x_wconf 85' lang='lat' dir='ltr'><strong>orbes3</strong></span> <span class='ocrx_word' id='word_1_100' title='bbox 522 1417 598 1445; x_wconf 90' lang='lat' dir='ltr'><strong>nec</strong></span> <span class='ocrx_word' id='word_1_101' title='bbox 634 1403 755 1444; x_wconf 85' lang='lat' dir='ltr'><strong>vitam</strong></span> <span class='ocrx_word' id='word_1_102' title='bbox 789 1402 960 1460; x_wconf 85' lang='lat' dir='ltr'><strong>pelago,</strong></span> <span class='ocrx_word' id='word_1_103' title='bbox 996 1417 1071 1444; x_wconf 89' lang='lat' dir='ltr'><strong>nec</strong></span> <span class='ocrx_word' id='word_1_104' title='bbox 1104 1400 1237 1444; x_wconf 85' lang='lat' dir='ltr'><strong>ventis</strong></span> <span class='ocrx_word' id='word_1_105' title='bbox 1271 1401 1431 1444; x_wconf 68' lang='lat' dir='ltr'><strong>credere</strong></span> <span class='ocrx_word' id='word_1_106' title='bbox 1465 1406 1559 1443; x_wconf 83' lang='lat' dir='ltr'><strong>vota</strong></span> 
     </span>
     <span class='ocr_line' id='line_1_15' title="bbox 135 1471 1250 1536; baseline -0.002 -13"><span class='ocrx_word' id='word_1_107' title='bbox 135 1479 363 1532; x_wconf 81' lang='lat' dir='ltr'><strong>audebant;</strong></span> <span class='ocrx_word' id='word_1_108' title='bbox 398 1495 441 1523; x_wconf 91' lang='lat' dir='ltr'><strong>se</strong></span> <span class='ocrx_word' id='word_1_109' title='bbox 474 1471 651 1536; x_wconf 64' lang='lat' dir='ltr'><strong>quisque&gt;</strong></span> <span class='ocrx_word' id='word_1_110' title='bbox 680 1481 777 1522; x_wconf 87' lang='lat' dir='ltr'><strong>satis</strong></span> <span class='ocrx_word' id='word_1_111' title='bbox 810 1481 970 1522; x_wconf 87' lang='lat' dir='ltr'><strong>novisse</strong></span> <span class='ocrx_word' id='word_1_112' title='bbox 1003 1478 1206 1536; x_wconf 86' lang='lat' dir='ltr'><strong>putabant</strong></span> <span class='ocrx_word' id='word_1_113' title='bbox 1222 1478 1250 1497; x_wconf 88' lang='lat'><strong>&#39;&#39;</strong></span> 
     </span>
    </p>

    <p class='ocr_par' dir='ltr' id='par_1_4' title="bbox 126 1557 1585 2251">
     <span class='ocr_line' id='line_1_16' title="bbox 197 1557 1558 1615; baseline -0.001 -13"><span class='ocrx_word' id='word_1_114' title='bbox 197 1560 401 1602; x_wconf 82' lang='lat' dir='ltr'><strong>Paulatim</strong></span> <span class='ocrx_word' id='word_1_115' title='bbox 433 1564 569 1601; x_wconf 87' lang='lat' dir='ltr'><strong>tamen</strong></span> <span class='ocrx_word' id='word_1_116' title='bbox 604 1559 747 1610; x_wconf 86' lang='lat' dir='ltr'><strong>„labor</strong></span> <span class='ocrx_word' id='word_1_117' title='bbox 779 1561 991 1615; x_wconf 81' lang='lat' dir='ltr'><strong>ingenium</strong></span> <span class='ocrx_word' id='word_1_118' title='bbox 1024 1559 1181 1601; x_wconf 87' lang='lat' dir='ltr'><strong>miseris</strong></span> <span class='ocrx_word' id='word_1_119' title='bbox 1214 1557 1357 1601; x_wconf 85' lang='lat' dir='ltr'><strong>dedit”</strong></span> <span class='ocrx_word' id='word_1_120' title='bbox 1393 1565 1433 1599; x_wconf 84' lang='lat' dir='ltr'><strong>et</strong></span> <span class='ocrx_word' id='word_1_121' title='bbox 1460 1558 1558 1601; x_wconf 89' lang='lat' dir='ltr'><strong>belli</strong></span> 
     </span>
     <span class='ocr_line' id='line_1_17' title="bbox 131 1637 1557 1697; baseline -0.001 -15"><span class='ocrx_word' id='word_1_122' title='bbox 131 1641 323 1697; x_wconf 83' lang='lat' dir='ltr'><strong>pacisque</strong></span> <span class='ocrx_word' id='word_1_123' title='bbox 371 1639 469 1682; x_wconf 87' lang='lat' dir='ltr'><strong>artis</strong></span> <span class='ocrx_word' id='word_1_124' title='bbox 500 1640 719 1682; x_wconf 89' lang='lat' dir='ltr'><strong>commenti</strong></span> <span class='ocrx_word' id='word_1_125' title='bbox 752 1644 871 1690; x_wconf 89' lang='lat' dir='ltr'><strong>sunt;</strong></span> <span class='ocrx_word' id='word_1_126' title='bbox 907 1653 1096 1695; x_wconf 86' lang='lat' dir='ltr'><strong>„semper</strong></span> <span class='ocrx_word' id='word_1_127' title='bbox 1127 1640 1237 1681; x_wconf 89' lang='lat' dir='ltr'><strong>enim</strong></span> <span class='ocrx_word' id='word_1_128' title='bbox 1271 1653 1319 1680; x_wconf 83' lang='lat' dir='ltr'><strong>ex</strong></span> <span class='ocrx_word' id='word_1_129' title='bbox 1349 1637 1444 1681; x_wconf 80' lang='lat' dir='ltr'><strong>aliis</strong></span> <span class='ocrx_word' id='word_1_130' title='bbox 1478 1637 1557 1680; x_wconf 84' lang='lat' dir='ltr'><strong>alia</strong></span> 
     </span>
     <span class='ocr_line' id='line_1_18' title="bbox 130 1717 1554 1775; baseline -0.001 -15"><span class='ocrx_word' id='word_1_131' title='bbox 130 1719 378 1775; x_wconf 81' lang='lat' dir='ltr'><strong>proseminat</strong></span> <span class='ocrx_word' id='word_1_132' title='bbox 412 1717 555 1760; x_wconf 89' lang='lat' dir='ltr'><strong>usus.’&#39;</strong></span> <span class='ocrx_word' id='word_1_133' title='bbox 609 1718 687 1759; x_wconf 87' lang='lat' dir='ltr'><strong>Sed</strong></span> <span class='ocrx_word' id='word_1_134' title='bbox 721 1722 882 1775; x_wconf 86' lang='lat' dir='ltr'><strong>praeter</strong></span> <span class='ocrx_word' id='word_1_135' title='bbox 912 1718 1012 1760; x_wconf 87' lang='lat' dir='ltr'><strong>haec</strong></span> <span class='ocrx_word' id='word_1_136' title='bbox 1044 1718 1213 1773; x_wconf 87' lang='lat' dir='ltr'><strong>vulgata</strong></span> <span class='ocrx_word' id='word_1_137' title='bbox 1236 1717 1428 1773; x_wconf 75' lang='lat' dir='ltr'><strong>„linguas</strong></span> <span class='ocrx_word' id='word_1_138' title='bbox 1452 1717 1554 1759; x_wconf 89' lang='lat' dir='ltr'><strong>didi—</strong></span> 
     </span>
     <span class='ocr_line' id='line_1_19' title="bbox 129 1796 1551 1854; baseline -0.001 -14"><span class='ocrx_word' id='word_1_139' title='bbox 129 1813 218 1840; x_wconf 83' lang='lat' dir='ltr'><strong>cere</strong></span> <span class='ocrx_word' id='word_1_140' title='bbox 241 1797 448 1840; x_wconf 88' lang='lat' dir='ltr'><strong>volucrum</strong></span> <span class='ocrx_word' id='word_1_141' title='bbox 462 1830 473 1848; x_wconf 93' lang='lat'>‚</span> <span class='ocrx_word' id='word_1_142' title='bbox 498 1797 727 1839; x_wconf 75' lang='lat' dir='ltr'><strong>consultare</strong></span> <span class='ocrx_word' id='word_1_143' title='bbox 751 1797 892 1848; x_wconf 79' lang='lat' dir='ltr'><strong>fibras,</strong></span> <span class='ocrx_word' id='word_1_144' title='bbox 918 1802 959 1839; x_wconf 88' lang='lat' dir='ltr'><strong>et</strong></span> <span class='ocrx_word' id='word_1_145' title='bbox 981 1812 1168 1854; x_wconf 86' lang='lat' dir='ltr'><strong>rumpere</strong></span> <span class='ocrx_word' id='word_1_146' title='bbox 1191 1796 1357 1839; x_wconf 86' lang='lat' dir='ltr'><strong>vocibus</strong></span> <span class='ocrx_word' id='word_1_147' title='bbox 1374 1811 1528 1852; x_wconf 79' lang='lat' dir='ltr'><strong>angues</strong></span> <span class='ocrx_word' id='word_1_148' title='bbox 1542 1829 1551 1846; x_wconf 90' lang='lat'><em>,</em></span> 
     </span>
     <span class='ocr_line' id='line_1_20' title="bbox 129 1870 1585 1933; baseline -0.001 -15"><span class='ocrx_word' id='word_1_149' title='bbox 129 1876 347 1919; x_wconf 71' lang='lat' dir='ltr'><strong>sollicitare</strong></span> <span class='ocrx_word' id='word_1_150' title='bbox 366 1875 528 1919; x_wconf 87' lang='lat' dir='ltr'><strong>umbras</strong></span> <span class='ocrx_word' id='word_1_151' title='bbox 553 1878 764 1933; x_wconf 83' lang='lat' dir='ltr'><strong>imumque</strong></span> <span class='ocrx_word' id='word_1_152' title='bbox 789 1877 1022 1919; x_wconf 81' lang='lat' dir='ltr'><strong>Acheronta</strong></span> <span class='ocrx_word' id='word_1_153' title='bbox 1044 1891 1218 1927; x_wconf 83' lang='lat' dir='ltr'><strong>movere,</strong></span> <span class='ocrx_word' id='word_1_154' title='bbox 1242 1877 1283 1918; x_wconf 89' lang='lat' dir='ltr'><strong>in</strong></span> <span class='ocrx_word' id='word_1_155' title='bbox 1309 1882 1554 1931; x_wconf 85' lang='lat' dir='ltr'><strong>noctemque</strong></span> <span class='ocrx_word' id='word_1_156' title='bbox 1582 1870 1585 1874; x_wconf 57' lang='grc'><strong>”</strong></span> 
     </span>
     <span class='ocr_line' id='line_1_21' title="bbox 130 1949 1553 2011; baseline 0 -15"><span class='ocrx_word' id='word_1_157' title='bbox 130 1949 238 2005; x_wconf 76' lang='lat' dir='ltr'><strong>dies,</strong></span> <span class='ocrx_word' id='word_1_158' title='bbox 279 1956 322 1998; x_wconf 86' lang='lat' dir='ltr'><strong>in</strong></span> <span class='ocrx_word' id='word_1_159' title='bbox 373 1956 499 1998; x_wconf 87' lang='lat' dir='ltr'><strong>lucem</strong></span> <span class='ocrx_word' id='word_1_160' title='bbox 551 1961 705 1998; x_wconf 87' lang='lat' dir='ltr'><strong>vertere</strong></span> <span class='ocrx_word' id='word_1_161' title='bbox 755 1955 938 1998; x_wconf 83' lang='lat' dir='ltr'><strong>noctes.’&#39;</strong></span> <span class='ocrx_word' id='word_1_162' title='bbox 964 1956 994 2011; x_wconf 73' lang='grc'><strong>3)</strong></span> <span class='ocrx_word' id='word_1_163' title='bbox 1061 1955 1207 2011; x_wconf 83' lang='lat' dir='ltr'><strong>Neque</strong></span> <span class='ocrx_word' id='word_1_164' title='bbox 1253 1955 1364 1998; x_wconf 84' lang='lat' dir='ltr'><strong>hisce</strong></span> <span class='ocrx_word' id='word_1_165' title='bbox 1398 1956 1553 1997; x_wconf 79' lang='lat' dir='ltr'><strong>artibus</strong></span> 
     </span>
     <span class='ocr_line' id='line_1_22' title="bbox 129 2020 1553 2086; baseline 0 -10"><span class='ocrx_word' id='word_1_166' title='bbox 129 2036 310 2077; x_wconf 83' lang='lat' dir='ltr'><strong>contenti</strong></span> <span class='ocrx_word' id='word_1_167' title='bbox 343 2020 478 2077; x_wconf 81' lang='lat' dir='ltr'><strong>erant:</strong></span> <span class='ocrx_word' id='word_1_168' title='bbox 547 2034 728 2086; x_wconf 84' lang='lat' dir='ltr'><strong>„Omnia</strong></span> <span class='ocrx_word' id='word_1_169' title='bbox 761 2035 945 2078; x_wconf 86' lang='lat' dir='ltr'><strong>conando</strong></span> <span class='ocrx_word' id='word_1_170' title='bbox 979 2035 1125 2078; x_wconf 85' lang='lat' dir='ltr'><strong>docilis</strong></span> <span class='ocrx_word' id='word_1_171' title='bbox 1153 2035 1319 2078; x_wconf 87' lang='lat' dir='ltr'><strong>solertia</strong></span> <span class='ocrx_word' id='word_1_172' title='bbox 1342 2035 1454 2086; x_wconf 77' lang='lat' dir='ltr'><strong>vicit,</strong></span> <span class='ocrx_word' id='word_1_173' title='bbox 1480 2051 1553 2077; x_wconf 86' lang='lat' dir='ltr'><strong>nec</strong></span> 
     </span>
     <span class='ocr_line' id='line_1_23' title="bbox 127 2114 1551 2171; baseline -0.001 -15"><span class='ocrx_word' id='word_1_174' title='bbox 127 2115 239 2170; x_wconf 87' lang='lat' dir='ltr'><strong>prius</strong></span> <span class='ocrx_word' id='word_1_175' title='bbox 286 2115 483 2171; x_wconf 86' lang='lat' dir='ltr'><strong>imposuit</strong></span> <span class='ocrx_word' id='word_1_176' title='bbox 531 2115 650 2157; x_wconf 85' lang='lat' dir='ltr'><strong>rebus</strong></span> <span class='ocrx_word' id='word_1_177' title='bbox 683 2116 887 2171; x_wconf 84' lang='lat' dir='ltr'><strong>finemque</strong></span> <span class='ocrx_word' id='word_1_178' title='bbox 920 2130 1201 2170; x_wconf 89' lang='lat' dir='ltr'><strong>manumque,</strong></span> <span class='ocrx_word' id='word_1_179' title='bbox 1237 2130 1359 2170; x_wconf 92' lang='lat' dir='ltr'><strong>quam</strong></span> <span class='ocrx_word' id='word_1_180' title='bbox 1395 2114 1551 2157; x_wconf 79' lang='lat' dir='ltr'><strong>caelum</strong></span> 
     </span>
     <span class='ocr_line' id='line_1_24' title="bbox 126 2193 1550 2251; baseline 0 -16"><span class='ocrx_word' id='word_1_181' title='bbox 126 2193 314 2236; x_wconf 81' lang='lat' dir='ltr'><strong>ascendit</strong></span> <span class='ocrx_word' id='word_1_182' title='bbox 341 2195 470 2245; x_wconf 86' lang='lat' dir='ltr'><strong>ratio,</strong></span> <span class='ocrx_word' id='word_1_183' title='bbox 505 2195 698 2251; x_wconf 88' lang='lat' dir='ltr'><strong>cepitque</strong></span> <span class='ocrx_word' id='word_1_184' title='bbox 731 2195 972 2251; x_wconf 83' lang='lat' dir='ltr'><strong>profundam</strong></span> <span class='ocrx_word' id='word_1_185' title='bbox 1006 2199 1194 2237; x_wconf 85' lang='lat' dir='ltr'><strong>naturam</strong></span> <span class='ocrx_word' id='word_1_186' title='bbox 1229 2209 1364 2236; x_wconf 89' lang='lat' dir='ltr'><strong>rerum</strong></span> <span class='ocrx_word' id='word_1_187' title='bbox 1394 2195 1550 2243; x_wconf 81' lang='lat' dir='ltr'><strong>causis,</strong></span> 
     </span>
    </p>
   </div>
   <div class='ocr_carea' id='block_1_3' title="bbox 125 2273 776 2329">
    <p class='ocr_par' dir='ltr' id='par_1_5' title="bbox 125 2273 776 2329">
     <span class='ocr_line' id='line_1_25' title="bbox 125 2273 776 2329; baseline 0.002 -14"><span class='ocrx_word' id='word_1_188' title='bbox 125 2273 311 2328; x_wconf 86' lang='lat' dir='ltr'><strong>viditque</strong></span> <span class='ocrx_word' id='word_1_189' title='bbox 345 2274 451 2328; x_wconf 89' lang='lat' dir='ltr'><strong>quod</strong></span> <span class='ocrx_word' id='word_1_190' title='bbox 488 2288 660 2329; x_wconf 83' lang='lat' dir='ltr'><strong>usquam</strong></span> <span class='ocrx_word' id='word_1_191' title='bbox 695 2280 776 2316; x_wconf 87' lang='lat' dir='ltr'><strong>est:</strong></span> 
     </span>
    </p>
   </div>
   <div class='ocr_carea' id='block_1_4' title="bbox 126 2490 1548 2720">
    <p class='ocr_par' dir='ltr' id='par_1_6' title="bbox 170 2490 435 2531">
     <span class='ocr_line' id='line_1_26' title="bbox 170 2490 435 2531; baseline 0.008 -8"><span class='ocrx_word' id='word_1_192' title='bbox 170 2490 194 2531; x_wconf 82' lang='lat'><strong>¹)</strong></span> <span class='ocrx_word' id='word_1_193' title='bbox 242 2494 273 2529; x_wconf 85' lang='lat'><strong>1,</strong></span> <span class='ocrx_word' id='word_1_194' title='bbox 295 2495 435 2525; x_wconf 79' lang='lat'><strong>51—65.</strong></span> 
     </span>
    </p>

    <p class='ocr_par' dir='ltr' id='par_1_7' title="bbox 169 2552 400 2591">
     <span class='ocr_line' id='line_1_27' title="bbox 169 2552 400 2591; baseline 0 -6"><span class='ocrx_word' id='word_1_195' title='bbox 169 2552 196 2591; x_wconf 83' lang='lat'><strong>²)</strong></span> <span class='ocrx_word' id='word_1_196' title='bbox 243 2555 301 2590; x_wconf 76' lang='lat' dir='ltr'><strong>IV,</strong></span> <span class='ocrx_word' id='word_1_197' title='bbox 327 2555 400 2586; x_wconf 86' lang='grc'><strong>886.</strong></span> 
     </span>
    </p>

    <p class='ocr_par' dir='ltr' id='par_1_8' title="bbox 126 2613 1548 2720">
     <span class='ocr_line' id='line_1_28' title="bbox 166 2613 1548 2656; baseline 0.004 -10"><span class='ocrx_word' id='word_1_198' title='bbox 166 2613 192 2650; x_wconf 69' lang='lat'><strong>³}</strong></span> <span class='ocrx_word' id='word_1_199' title='bbox 240 2615 313 2646; x_wconf 87' lang='lat' dir='ltr'><strong>Cum</strong></span> <span class='ocrx_word' id='word_1_200' title='bbox 350 2617 401 2647; x_wconf 88' lang='lat' dir='ltr'><strong>his</strong></span> <span class='ocrx_word' id='word_1_201' title='bbox 437 2618 583 2648; x_wconf 87' lang='lat' dir='ltr'><strong>versibus</strong></span> <span class='ocrx_word' id='word_1_202' title='bbox 620 2619 812 2648; x_wconf 81' lang='lat' dir='ltr'><strong>conferenda</strong></span> <span class='ocrx_word' id='word_1_203' title='bbox 851 2624 926 2649; x_wconf 81' lang='lat' dir='ltr'><strong>sunt</strong></span> <span class='ocrx_word' id='word_1_204' title='bbox 951 2629 1031 2656; x_wconf 84' lang='lat' dir='ltr'><strong>quae</strong></span> <span class='ocrx_word' id='word_1_205' title='bbox 1056 2621 1170 2651; x_wconf 81' lang='lat' dir='ltr'><strong>Medea</strong></span> <span class='ocrx_word' id='word_1_206' title='bbox 1194 2621 1277 2650; x_wconf 83' lang='lat' dir='ltr'><strong>dicit</strong></span> <span class='ocrx_word' id='word_1_207' title='bbox 1302 2621 1392 2651; x_wconf 90' lang='lat' dir='ltr'><strong>Ovid.</strong></span> <span class='ocrx_word' id='word_1_208' title='bbox 1418 2622 1548 2652; x_wconf 81' lang='lat' dir='ltr'><strong>Metam.</strong></span> 
     </span>
     <span class='ocr_line' id='line_1_29' title="bbox 126 2675 1236 2720; baseline 0.006 -15"><span class='ocrx_word' id='word_1_209' title='bbox 126 2675 199 2711; x_wconf 79' lang='lat' dir='ltr'><strong>vn,</strong></span> <span class='ocrx_word' id='word_1_210' title='bbox 224 2677 282 2707; x_wconf 78' lang='lat'><strong>201</strong></span> <span class='ocrx_word' id='word_1_211' title='bbox 311 2686 420 2715; x_wconf 87' lang='lat' dir='ltr'><strong>seqq.:</strong></span> <span class='ocrx_word' id='word_1_212' title='bbox 800 2694 804 2699; x_wconf 89' lang='lat'><em>-</em></span> <span class='ocrx_word' id='word_1_213' title='bbox 1017 2682 1127 2712; x_wconf 86' lang='lat' dir='ltr'><strong>nubila</strong></span> <span class='ocrx_word' id='word_1_214' title='bbox 1150 2682 1236 2720; x_wconf 85' lang='lat' dir='ltr'><strong>pello</strong></span> 
     </span>
    </p>
   </div>
   <div class='ocr_carea' id='block_1_5' title="bbox 365 2740 1542 3026">
    <p class='ocr_par' dir='ltr' id='par_1_9' title="bbox 389 2740 1227 2780">
     <span class='ocr_line' id='line_1_30' title="bbox 389 2740 1227 2780; baseline 0.008 -12"><span class='ocrx_word' id='word_1_215' title='bbox 389 2740 560 2777; x_wconf 83' lang='lat' dir='ltr'><strong>nubilaque</strong></span> <span class='ocrx_word' id='word_1_216' title='bbox 586 2741 720 2774; x_wconf 80' lang='lat' dir='ltr'><strong>induco,</strong></span> <span class='ocrx_word' id='word_1_217' title='bbox 746 2744 861 2772; x_wconf 87' lang='lat' dir='ltr'><strong>ventos</strong></span> <span class='ocrx_word' id='word_1_218' title='bbox 885 2743 1044 2779; x_wconf 85' lang='lat' dir='ltr'><strong>abigoque</strong></span> <span class='ocrx_word' id='word_1_219' title='bbox 1070 2751 1227 2780; x_wconf 85' lang='lat' dir='ltr'><strong>voceque.</strong></span> 
     </span>
    </p>

    <p class='ocr_par' dir='ltr' id='par_1_10' title="bbox 365 2801 1161 2847">
     <span class='ocr_line' id='line_1_31' title="bbox 365 2801 1161 2847; baseline 0.006 -18"><span class='ocrx_word' id='word_1_220' title='bbox 365 2843 370 2847; x_wconf 93' lang='lat'>.</span> <span class='ocrx_word' id='word_1_221' title='bbox 387 2801 532 2838; x_wconf 85' lang='lat' dir='ltr'><strong>vipereas</strong></span> <span class='ocrx_word' id='word_1_222' title='bbox 556 2810 666 2840; x_wconf 87' lang='lat' dir='ltr'><strong>rumpo</strong></span> <span class='ocrx_word' id='word_1_223' title='bbox 691 2803 798 2832; x_wconf 85' lang='lat' dir='ltr'><strong>verbis</strong></span> <span class='ocrx_word' id='word_1_224' title='bbox 824 2804 857 2832; x_wconf 76' lang='lat' dir='ltr'><strong>et</strong></span> <span class='ocrx_word' id='word_1_225' title='bbox 875 2804 1014 2833; x_wconf 84' lang='lat' dir='ltr'><strong>carmine</strong></span> <span class='ocrx_word' id='word_1_226' title='bbox 1031 2803 1161 2840; x_wconf 81' lang='lat' dir='ltr'><strong>fauces,</strong></span> 
     </span>
    </p>

    <p class='ocr_par' dir='ltr' id='par_1_11' title="bbox 386 2861 1226 2902">
     <span class='ocr_line' id='line_1_32' title="bbox 386 2861 1226 2902; baseline 0.006 -11"><span class='ocrx_word' id='word_1_227' title='bbox 386 2861 519 2899; x_wconf 84' lang='lat' dir='ltr'><strong>vivaque</strong></span> <span class='ocrx_word' id='word_1_228' title='bbox 556 2871 632 2893; x_wconf 81' lang='lat' dir='ltr'><strong>saxa.</strong></span> <span class='ocrx_word' id='word_1_229' title='bbox 668 2872 724 2894; x_wconf 71' lang='lat' dir='ltr'><strong>sua</strong></span> <span class='ocrx_word' id='word_1_230' title='bbox 762 2865 974 2902; x_wconf 83' lang='lat' dir='ltr'><strong>convulsaque</strong></span> <span class='ocrx_word' id='word_1_231' title='bbox 999 2866 1115 2896; x_wconf 83' lang='lat' dir='ltr'><strong>robora</strong></span> <span class='ocrx_word' id='word_1_232' title='bbox 1139 2867 1226 2896; x_wconf 87' lang='lat' dir='ltr'><strong>terra</strong></span> 
     </span>
    </p>

    <p class='ocr_par' dir='ltr' id='par_1_12' title="bbox 387 2922 1227 2962">
     <span class='ocr_line' id='line_1_33' title="bbox 387 2922 1227 2962; baseline 0.008 -11"><span class='ocrx_word' id='word_1_233' title='bbox 387 2923 421 2951; x_wconf 87' lang='lat' dir='ltr'><strong>et</strong></span> <span class='ocrx_word' id='word_1_234' title='bbox 445 2922 542 2952; x_wconf 84' lang='lat' dir='ltr'><strong>silvas</strong></span> <span class='ocrx_word' id='word_1_235' title='bbox 565 2933 676 2954; x_wconf 85' lang='lat' dir='ltr'><strong>moveo</strong></span> <span class='ocrx_word' id='word_1_236' title='bbox 701 2925 859 2962; x_wconf 85' lang='lat' dir='ltr'><strong>iubeoque</strong></span> <span class='ocrx_word' id='word_1_237' title='bbox 884 2926 1077 2957; x_wconf 84' lang='lat' dir='ltr'><strong>tremescere</strong></span> <span class='ocrx_word' id='word_1_238' title='bbox 1101 2929 1227 2958; x_wconf 87' lang='lat' dir='ltr'><strong>montes</strong></span> 
     </span>
    </p>

    <p class='ocr_par' dir='ltr' id='par_1_13' title="bbox 387 2984 1542 3026">
     <span class='ocr_line' id='line_1_34' title="bbox 387 2984 1542 3026; baseline 0.006 -14"><span class='ocrx_word' id='word_1_239' title='bbox 387 2985 419 3012; x_wconf 86' lang='lat' dir='ltr'><strong>et</strong></span> <span class='ocrx_word' id='word_1_240' title='bbox 442 2984 564 3020; x_wconf 85' lang='lat' dir='ltr'><strong>mugire</strong></span> <span class='ocrx_word' id='word_1_241' title='bbox 589 2986 687 3015; x_wconf 84' lang='lat' dir='ltr'><strong>solum</strong></span> <span class='ocrx_word' id='word_1_242' title='bbox 714 2995 885 3023; x_wconf 84' lang='lat' dir='ltr'><strong>manesque</strong></span> <span class='ocrx_word' id='word_1_243' title='bbox 911 2988 998 3017; x_wconf 87' lang='lat' dir='ltr'><strong>exire</strong></span> <span class='ocrx_word' id='word_1_244' title='bbox 1023 2989 1189 3026; x_wconf 82' lang='lat' dir='ltr'><strong>sepulcris.</strong></span> <span class='ocrx_word' id='word_1_245' title='bbox 1217 2989 1276 3026; x_wconf 82' lang='lat' dir='ltr'>(Cf.</span> <span class='ocrx_word' id='word_1_246' title='bbox 1296 2990 1378 3020; x_wconf 85' lang='lat' dir='ltr'><strong>Man.</strong></span> <span class='ocrx_word' id='word_1_247' title='bbox 1401 2991 1459 3025; x_wconf 82' lang='lat' dir='ltr'><strong>lv,</strong></span> <span class='ocrx_word' id='word_1_248' title='bbox 1480 2992 1542 3023; x_wconf 66' lang='lat'><strong>71.)</strong></span> 
     </span>
    </p>
   </div>
  </div>
 </body>
</html>
