<?xml version="1.0" encoding="UTF-8"?>
<!DOCTYPE html PUBLIC "-//W3C//DTD XHTML 1.0 Transitional//EN"
    "http://www.w3.org/TR/xhtml1/DTD/xhtml1-transitional.dtd">
<html xmlns="http://www.w3.org/1999/xhtml" xml:lang="en" lang="en">
 <head>
  <title>
</title>
<meta http-equiv="Content-Type" content="text/html;charset=utf-8" />
  <meta name='ocr-system' content='tesseract 3.04.00' />
  <meta name='ocr-capabilities' content='ocr_page ocr_carea ocr_par ocr_line ocrx_word'/>
</head>
<body>
  <div class='ocr_page' id='page_1' title='image "./lucubrationesman00thomuoft_0486.png"; bbox 0 0 1910 3250; ppageno 0'>
   <div class='ocr_carea' id='block_1_1' title="bbox 929 220 1203 263">
    <p class='ocr_par' dir='ltr' id='par_1_1' title="bbox 929 220 1203 263">
     <span class='ocr_line' id='line_1_1' title="bbox 929 220 1203 263; baseline 0 -11"><span class='ocrx_word' id='word_1_1' title='bbox 929 220 1203 263; x_wconf 72' lang='lat'>...22-</span> 
     </span>
    </p>
   </div>
   <div class='ocr_carea' id='block_1_2' title="bbox 318 344 1814 2507">
    <p class='ocr_par' dir='ltr' id='par_1_2' title="bbox 318 344 1810 594">
     <span class='ocr_line' id='line_1_2' title="bbox 319 344 1808 405; baseline 0.002 -15"><span class='ocrx_word' id='word_1_2' title='bbox 319 346 505 403; x_wconf 84' lang='lat' dir='ltr'>largitur,</span> <span class='ocrx_word' id='word_1_3' title='bbox 545 344 709 388; x_wconf 88' lang='lat' dir='ltr'>omnino</span> <span class='ocrx_word' id='word_1_4' title='bbox 739 358 819 387; x_wconf 90' lang='lat' dir='ltr'>non</span> <span class='ocrx_word' id='word_1_5' title='bbox 856 357 957 401; x_wconf 90' lang='lat' dir='ltr'>opus</span> <span class='ocrx_word' id='word_1_6' title='bbox 998 344 1073 388; x_wconf 88' lang='lat' dir='ltr'>erit</span> <span class='ocrx_word' id='word_1_7' title='bbox 1099 344 1300 403; x_wconf 82' lang='lat' dir='ltr'><strong>respicere</strong></span> <span class='ocrx_word' id='word_1_8' title='bbox 1328 352 1506 390; x_wconf 83' lang='lat' dir='ltr'>nostram</span> <span class='ocrx_word' id='word_1_9' title='bbox 1534 346 1808 405; x_wconf 85' lang='lat' dir='ltr'>quaestionem</span> 
     </span>
     <span class='ocr_line' id='line_1_3' title="bbox 318 412 1808 472; baseline 0.003 -16"><span class='ocrx_word' id='word_1_10' title='bbox 318 416 531 458; x_wconf 83' lang='lat' dir='ltr'>soluturos.</span> <span class='ocrx_word' id='word_1_11' title='bbox 592 412 689 457; x_wconf 84' lang='lat' dir='ltr'>Sive</span> <span class='ocrx_word' id='word_1_12' title='bbox 715 414 824 456; x_wconf 90' lang='lat' dir='ltr'>enim</span> <span class='ocrx_word' id='word_1_13' title='bbox 863 413 971 454; x_wconf 93' lang='lat' dir='ltr'>hunc</span> <span class='ocrx_word' id='word_1_14' title='bbox 1001 413 1087 456; x_wconf 89' lang='lat' dir='ltr'>sive</span> <span class='ocrx_word' id='word_1_15' title='bbox 1127 414 1241 456; x_wconf 90' lang='lat' dir='ltr'>illum</span> <span class='ocrx_word' id='word_1_16' title='bbox 1273 415 1400 457; x_wconf 80' lang='lat' dir='ltr'>mavis</span> <span class='ocrx_word' id='word_1_17' title='bbox 1439 416 1689 472; x_wconf 81' lang='lat' dir='ltr'>intellegere,</span> <span class='ocrx_word' id='word_1_18' title='bbox 1715 419 1808 461; x_wconf 89' lang='lat' dir='ltr'>&#39;non</span> 
     </span>
     <span class='ocr_line' id='line_1_4' title="bbox 319 481 1810 540; baseline 0.003 -16"><span class='ocrx_word' id='word_1_19' title='bbox 319 484 549 539; x_wconf 83' lang='lat' dir='ltr'>importuna</span> <span class='ocrx_word' id='word_1_20' title='bbox 579 488 639 523; x_wconf 88' lang='lat' dir='ltr'>est</span> <span class='ocrx_word' id='word_1_21' title='bbox 668 481 736 522; x_wconf 82' lang='lat' dir='ltr'>illa</span> <span class='ocrx_word' id='word_1_22' title='bbox 766 482 806 522; x_wconf 89' lang='lat' dir='ltr'>in</span> <span class='ocrx_word' id='word_1_23' title='bbox 833 496 872 524; x_wconf 87' lang='lat' dir='ltr'>v.</span> <span class='ocrx_word' id='word_1_24' title='bbox 899 482 918 522; x_wconf 95' lang='lat' dir='ltr'>I</span> <span class='ocrx_word' id='word_1_25' title='bbox 950 481 1028 523; x_wconf 80' lang='lat'>114</span> <span class='ocrx_word' id='word_1_26' title='bbox 1057 481 1317 525; x_wconf 83' lang='lat' dir='ltr'>exclamatio:</span> <span class='ocrx_word' id='word_1_27' title='bbox 1351 484 1507 526; x_wconf 81' lang='lat' dir='ltr'>Faveat</span> <span class='ocrx_word' id='word_1_28' title='bbox 1532 499 1680 540; x_wconf 76' lang='lat' dir='ltr'>mayno</span> <span class='ocrx_word' id='word_1_29' title='bbox 1706 486 1810 528; x_wconf 82' lang='lat' dir='ltr'>For-</span> 
     </span>
     <span class='ocr_line' id='line_1_5' title="bbox 320 550 617 594; baseline -0.01 0"><span class='ocrx_word' id='word_1_30' title='bbox 320 557 423 594; x_wconf 75' lang='lat' dir='ltr'>tuna</span> <span class='ocrx_word' id='word_1_31' title='bbox 453 550 617 592; x_wconf 78' lang='lat' dir='ltr'>labori!</span> 
     </span>
    </p>

    <p class='ocr_par' dir='ltr' id='par_1_3' title="bbox 319 615 1810 1081">
     <span class='ocr_line' id='line_1_6' title="bbox 455 615 1808 674; baseline 0.004 -16"><span class='ocrx_word' id='word_1_32' title='bbox 455 617 574 668; x_wconf 80' lang='lat' dir='ltr'>Quae</span> <span class='ocrx_word' id='word_1_33' title='bbox 603 631 694 658; x_wconf 90' lang='lat' dir='ltr'>cum</span> <span class='ocrx_word' id='word_1_34' title='bbox 725 615 781 657; x_wconf 88' lang='lat' dir='ltr'>ita</span> <span class='ocrx_word' id='word_1_35' title='bbox 811 616 902 670; x_wconf 86' lang='lat' dir='ltr'>sint,</span> <span class='ocrx_word' id='word_1_36' title='bbox 945 630 1095 673; x_wconf 84' lang='lat' dir='ltr'>magna</span> <span class='ocrx_word' id='word_1_37' title='bbox 1125 623 1266 660; x_wconf 86' lang='lat' dir='ltr'>teneor</span> <span class='ocrx_word' id='word_1_38' title='bbox 1303 632 1375 674; x_wconf 86' lang='lat' dir='ltr'>spe</span> <span class='ocrx_word' id='word_1_39' title='bbox 1401 619 1604 662; x_wconf 87' lang='lat' dir='ltr'>neminem</span> <span class='ocrx_word' id='word_1_40' title='bbox 1635 620 1714 662; x_wconf 81' lang='lat' dir='ltr'>iam</span> <span class='ocrx_word' id='word_1_41' title='bbox 1741 635 1808 664; x_wconf 92' lang='lat' dir='ltr'>ne-</span> 
     </span>
     <span class='ocr_line' id='line_1_7' title="bbox 319 683 1809 744; baseline 0.003 -17"><span class='ocrx_word' id='word_1_42' title='bbox 319 692 509 742; x_wconf 85' lang='lat' dir='ltr'>gaturum</span> <span class='ocrx_word' id='word_1_43' title='bbox 550 684 635 726; x_wconf 85' lang='lat' dir='ltr'>veri</span> <span class='ocrx_word' id='word_1_44' title='bbox 682 683 888 739; x_wconf 83' lang='lat' dir='ltr'>aliquanto</span> <span class='ocrx_word' id='word_1_45' title='bbox 928 698 1016 726; x_wconf 88' lang='lat' dir='ltr'>esse</span> <span class='ocrx_word' id='word_1_46' title='bbox 1057 684 1227 726; x_wconf 86' lang='lat' dir='ltr'>similius</span> <span class='ocrx_word' id='word_1_47' title='bbox 1271 685 1384 727; x_wconf 85' lang='lat' dir='ltr'>initio</span> <span class='ocrx_word' id='word_1_48' title='bbox 1420 687 1608 728; x_wconf 85' lang='lat' dir='ltr'><strong>carminis</strong></span> <span class='ocrx_word' id='word_1_49' title='bbox 1646 694 1809 744; x_wconf 80' lang='lat' dir='ltr'>poetam</span> 
     </span>
     <span class='ocr_line' id='line_1_8' title="bbox 319 751 1808 811; baseline 0.001 -15"><span class='ocrx_word' id='word_1_50' title='bbox 319 753 470 810; x_wconf 85' lang='lat' dir='ltr'>alloqui</span> <span class='ocrx_word' id='word_1_51' title='bbox 502 752 771 796; x_wconf 86' lang='lat' dir='ltr'>Octavianum</span> <span class='ocrx_word' id='word_1_52' title='bbox 803 766 924 807; x_wconf 83' lang='lat' dir='ltr'>quam</span> <span class='ocrx_word' id='word_1_53' title='bbox 946 751 1167 806; x_wconf 85' lang='lat' dir='ltr'>Tiberium,</span> <span class='ocrx_word' id='word_1_54' title='bbox 1199 767 1332 809; x_wconf 91' lang='lat' dir='ltr'>neque</span> <span class='ocrx_word' id='word_1_55' title='bbox 1358 753 1571 811; x_wconf 86' lang='lat' dir='ltr'>quisquam</span> <span class='ocrx_word' id='word_1_56' title='bbox 1600 755 1808 798; x_wconf 82' lang='lat' dir='ltr'>Tiberium</span> 
     </span>
     <span class='ocr_line' id='line_1_9' title="bbox 319 819 1808 881; baseline 0.003 -18"><span class='ocrx_word' id='word_1_57' title='bbox 319 821 401 863; x_wconf 93' lang='lat' dir='ltr'>illic</span> <span class='ocrx_word' id='word_1_58' title='bbox 429 821 648 875; x_wconf 86' lang='lat' dir='ltr'>intelleget,</span> <span class='ocrx_word' id='word_1_59' title='bbox 689 819 765 860; x_wconf 89' lang='lat' dir='ltr'>nisi</span> <span class='ocrx_word' id='word_1_60' title='bbox 795 819 882 861; x_wconf 87' lang='lat' dir='ltr'>aliis</span> <span class='ocrx_word' id='word_1_61' title='bbox 914 819 1051 876; x_wconf 88' lang='lat' dir='ltr'>eisque</span> <span class='ocrx_word' id='word_1_62' title='bbox 1079 820 1332 875; x_wconf 81' lang='lat' dir='ltr'>gravioribus</span> <span class='ocrx_word' id='word_1_63' title='bbox 1361 822 1489 863; x_wconf 86' lang='lat' dir='ltr'>causis</span> <span class='ocrx_word' id='word_1_64' title='bbox 1516 823 1567 864; x_wconf 86' lang='lat' dir='ltr'>ad</span> <span class='ocrx_word' id='word_1_65' title='bbox 1605 837 1694 866; x_wconf 80' lang='lat' dir='ltr'>eam</span> <span class='ocrx_word' id='word_1_66' title='bbox 1724 823 1808 881; x_wconf 90' lang='lat' dir='ltr'>opi·</span> 
     </span>
     <span class='ocr_line' id='line_1_10' title="bbox 319 886 1810 944; baseline 0.002 -14"><span class='ocrx_word' id='word_1_67' title='bbox 319 890 481 931; x_wconf 87' lang='lat' dir='ltr'>nionem</span> <span class='ocrx_word' id='word_1_68' title='bbox 522 887 717 930; x_wconf 84' lang='lat' dir='ltr'>adductus</span> <span class='ocrx_word' id='word_1_69' title='bbox 748 888 836 931; x_wconf 88' lang='lat' dir='ltr'>erit.</span> <span class='ocrx_word' id='word_1_70' title='bbox 896 886 979 930; x_wconf 87' lang='lat' dir='ltr'>Sed</span> <span class='ocrx_word' id='word_1_71' title='bbox 1010 887 1156 929; x_wconf 88' lang='lat' dir='ltr'>desunt</span> <span class='ocrx_word' id='word_1_72' title='bbox 1190 896 1443 944; x_wconf 83' lang='lat' dir='ltr'>argumenta,</span> <span class='ocrx_word' id='word_1_73' title='bbox 1487 889 1595 933; x_wconf 87' lang='lat' dir='ltr'>unde</span> <span class='ocrx_word' id='word_1_74' title='bbox 1623 891 1675 933; x_wconf 87' lang='lat' dir='ltr'>ad</span> <span class='ocrx_word' id='word_1_75' title='bbox 1702 892 1810 933; x_wconf 89' lang='lat' dir='ltr'>bunc</span> 
     </span>
     <span class='ocr_line' id='line_1_11' title="bbox 320 954 1810 1014; baseline 0.002 -15"><span class='ocrx_word' id='word_1_76' title='bbox 320 958 411 1000; x_wconf 85' lang='lat' dir='ltr'>illos</span> <span class='ocrx_word' id='word_1_77' title='bbox 443 971 595 1009; x_wconf 83' lang='lat' dir='ltr'>versus,</span> <span class='ocrx_word' id='word_1_78' title='bbox 625 955 676 998; x_wconf 87' lang='lat' dir='ltr'>de</span> <span class='ocrx_word' id='word_1_79' title='bbox 706 955 851 1011; x_wconf 89' lang='lat' dir='ltr'>quibus</span> <span class='ocrx_word' id='word_1_80' title='bbox 872 954 993 997; x_wconf 88' lang='lat' dir='ltr'>locuti</span> <span class='ocrx_word' id='word_1_81' title='bbox 1013 969 1162 1009; x_wconf 65' lang='lat' dir='ltr'>summ,</span> <span class='ocrx_word' id='word_1_82' title='bbox 1195 957 1428 999; x_wconf 85' lang='lat' dir='ltr'>referendos</span> <span class='ocrx_word' id='word_1_83' title='bbox 1449 964 1655 1014; x_wconf 79' lang='lat' dir='ltr'>appareat.</span> <span class='ocrx_word' id='word_1_84' title='bbox 1686 958 1810 1002; x_wconf 88' lang='lat' dir='ltr'>Vide-</span> 
     </span>
     <span class='ocr_line' id='line_1_12' title="bbox 321 1022 1554 1081; baseline 0.002 -14"><span class='ocrx_word' id='word_1_85' title='bbox 321 1040 448 1079; x_wconf 82' lang='lat' dir='ltr'>amus,</span> <span class='ocrx_word' id='word_1_86' title='bbox 480 1038 584 1080; x_wconf 84' lang='lat' dir='ltr'>quae</span> <span class='ocrx_word' id='word_1_87' title='bbox 615 1037 667 1065; x_wconf 86' lang='lat' dir='ltr'>ex</span> <span class='ocrx_word' id='word_1_88' title='bbox 696 1023 783 1064; x_wconf 83' lang='lat' dir='ltr'>aliis</span> <span class='ocrx_word' id='word_1_89' title='bbox 813 1022 969 1064; x_wconf 86' lang='lat' dir='ltr'>Manilii</span> <span class='ocrx_word' id='word_1_90' title='bbox 998 1023 1095 1065; x_wconf 91' lang='lat' dir='ltr'>locis</span> <span class='ocrx_word' id='word_1_91' title='bbox 1125 1023 1317 1079; x_wconf 84' lang='lat' dir='ltr'>colligere</span> <span class='ocrx_word' id='word_1_92' title='bbox 1343 1025 1554 1081; x_wconf 75' lang='lat' dir='ltr'>possimus·</span> 
     </span>
    </p>

    <p class='ocr_par' dir='ltr' id='par_1_4' title="bbox 318 1091 1811 1556">
     <span class='ocr_line' id='line_1_13' title="bbox 456 1091 1809 1147; baseline 0.004 -15"><span class='ocrx_word' id='word_1_93' title='bbox 456 1094 502 1133; x_wconf 90' lang='lat' dir='ltr'>In</span> <span class='ocrx_word' id='word_1_94' title='bbox 541 1091 720 1133; x_wconf 88' lang='lat' dir='ltr'>diversas</span> <span class='ocrx_word' id='word_1_95' title='bbox 761 1106 923 1147; x_wconf 88' lang='lat' dir='ltr'>quoque</span> <span class='ocrx_word' id='word_1_96' title='bbox 962 1097 1097 1147; x_wconf 85' lang='lat' dir='ltr'>partes</span> <span class='ocrx_word' id='word_1_97' title='bbox 1137 1091 1349 1134; x_wconf 82' lang='lat' dir='ltr'>discedunt</span> <span class='ocrx_word' id='word_1_98' title='bbox 1390 1109 1455 1136; x_wconf 82' lang='lat' dir='ltr'>vv,</span> <span class='ocrx_word' id='word_1_99' title='bbox 1487 1093 1554 1137; x_wconf 88' lang='lat' dir='ltr'>dd.</span> <span class='ocrx_word' id='word_1_100' title='bbox 1585 1094 1809 1137; x_wconf 83' lang='lat' dir='ltr'>sententiae</span> 
     </span>
     <span class='ocr_line' id='line_1_14' title="bbox 320 1159 1808 1218; baseline 0 -15"><span class='ocrx_word' id='word_1_101' title='bbox 320 1161 371 1204; x_wconf 91' lang='lat' dir='ltr'>de</span> <span class='ocrx_word' id='word_1_102' title='bbox 407 1161 434 1205; x_wconf 87' lang='lat' dir='ltr'>l.</span> <span class='ocrx_word' id='word_1_103' title='bbox 475 1161 536 1203; x_wconf 91' lang='lat' dir='ltr'>IV</span> <span class='ocrx_word' id='word_1_104' title='bbox 577 1177 614 1204; x_wconf 79' lang='lat' dir='ltr'>v,</span> <span class='ocrx_word' id='word_1_105' title='bbox 647 1161 730 1203; x_wconf 84' lang='lat'>934</span> <span class='ocrx_word' id='word_1_106' title='bbox 769 1166 809 1202; x_wconf 90' lang='lat' dir='ltr'>et</span> <span class='ocrx_word' id='word_1_107' title='bbox 845 1159 940 1212; x_wconf 83' lang='lat'><strong>935,</strong></span> <span class='ocrx_word' id='word_1_108' title='bbox 978 1159 1124 1215; x_wconf 82' lang='lat' dir='ltr'>quibus</span> <span class='ocrx_word' id='word_1_109' title='bbox 1165 1159 1278 1202; x_wconf 84' lang='lat' dir='ltr'>finito</span> <span class='ocrx_word' id='word_1_110' title='bbox 1318 1161 1395 1202; x_wconf 92' lang='lat' dir='ltr'>hoc</span> <span class='ocrx_word' id='word_1_111' title='bbox 1435 1161 1536 1204; x_wconf 88' lang='lat' dir='ltr'>libro</span> <span class='ocrx_word' id='word_1_112' title='bbox 1576 1163 1808 1218; x_wconf 87' lang='lat' dir='ltr'>Augustum</span> 
     </span>
     <span class='ocr_line' id='line_1_15' title="bbox 319 1227 1811 1273; baseline 0.001 -3"><span class='ocrx_word' id='word_1_113' title='bbox 319 1229 500 1272; x_wconf 90' lang='lat' dir='ltr'>nondum</span> <span class='ocrx_word' id='word_1_114' title='bbox 531 1228 750 1271; x_wconf 85' lang='lat' dir='ltr'>excessisse</span> <span class='ocrx_word' id='word_1_115' title='bbox 781 1242 803 1270; x_wconf 88' lang='lat' dir='ltr'>e</span> <span class='ocrx_word' id='word_1_116' title='bbox 833 1228 916 1268; x_wconf 82' lang='lat' dir='ltr'>vita</span> <span class='ocrx_word' id='word_1_117' title='bbox 945 1234 986 1270; x_wconf 86' lang='lat' dir='ltr'>et</span> <span class='ocrx_word' id='word_1_118' title='bbox 1010 1227 1115 1270; x_wconf 89' lang='lat' dir='ltr'>inter</span> <span class='ocrx_word' id='word_1_119' title='bbox 1144 1227 1240 1270; x_wconf 89' lang='lat' dir='ltr'>deos</span> <span class='ocrx_word' id='word_1_120' title='bbox 1268 1228 1439 1270; x_wconf 85' lang='lat' dir='ltr'>relatum</span> <span class='ocrx_word' id='word_1_121' title='bbox 1470 1244 1556 1272; x_wconf 84' lang='lat' dir='ltr'>esse</span> <span class='ocrx_word' id='word_1_122' title='bbox 1576 1237 1729 1272; x_wconf 86' lang='lat' dir='ltr'>certum</span> <span class='ocrx_word' id='word_1_123' title='bbox 1750 1237 1811 1273; x_wconf 85' lang='lat' dir='ltr'>est</span> 
     </span>
     <span class='ocr_line' id='line_1_16' title="bbox 320 1295 1809 1352; baseline 0 -13"><span class='ocrx_word' id='word_1_124' title='bbox 320 1303 359 1339; x_wconf 85' lang='lat' dir='ltr'>et</span> <span class='ocrx_word' id='word_1_125' title='bbox 385 1297 679 1349; x_wconf 85' lang='lat' dir='ltr'>confirmatum,</span> <span class='ocrx_word' id='word_1_126' title='bbox 719 1295 753 1336; x_wconf 88' lang='lat' dir='ltr'>si</span> <span class='ocrx_word' id='word_1_127' title='bbox 783 1295 930 1337; x_wconf 84' lang='lat' dir='ltr'>Iacobo</span> <span class='ocrx_word' id='word_1_128' title='bbox 960 1309 1078 1336; x_wconf 87' lang='lat' dir='ltr'>aures</span> <span class='ocrx_word' id='word_1_129' title='bbox 1107 1296 1347 1351; x_wconf 81' lang='lat' dir='ltr'>praebemus</span> <span class='ocrx_word' id='word_1_130' title='bbox 1378 1298 1437 1352; x_wconf 86' lang='lat' dir='ltr'>(p.</span> <span class='ocrx_word' id='word_1_131' title='bbox 1471 1297 1586 1349; x_wconf 81' lang='lat'>162).</span> <span class='ocrx_word' id='word_1_132' title='bbox 1646 1297 1809 1340; x_wconf 87' lang='lat' dir='ltr'>Eisdem</span> 
     </span>
     <span class='ocr_line' id='line_1_17' title="bbox 320 1362 1810 1422; baseline 0.001 -15"><span class='ocrx_word' id='word_1_133' title='bbox 320 1365 502 1407; x_wconf 84' lang='lat' dir='ltr'>versibus</span> <span class='ocrx_word' id='word_1_134' title='bbox 528 1365 609 1418; x_wconf 86' lang='lat' dir='ltr'>alii,</span> <span class='ocrx_word' id='word_1_135' title='bbox 641 1378 722 1420; x_wconf 88' lang='lat' dir='ltr'>quo</span> <span class='ocrx_word' id='word_1_136' title='bbox 751 1363 794 1405; x_wconf 92' lang='lat' dir='ltr'>in</span> <span class='ocrx_word' id='word_1_137' title='bbox 824 1377 993 1405; x_wconf 89' lang='lat' dir='ltr'>numero</span> <span class='ocrx_word' id='word_1_138' title='bbox 1023 1363 1220 1419; x_wconf 87' lang='lat' dir='ltr'>imprimis</span> <span class='ocrx_word' id='word_1_139' title='bbox 1251 1369 1311 1405; x_wconf 87' lang='lat' dir='ltr'>est</span> <span class='ocrx_word' id='word_1_140' title='bbox 1331 1362 1613 1407; x_wconf 84' lang='lat' dir='ltr'>Lachmannus</span> <span class='ocrx_word' id='word_1_141' title='bbox 1643 1365 1810 1422; x_wconf 83' lang='lat' dir='ltr'>eiusque</span> 
     </span>
     <span class='ocr_line' id='line_1_18' title="bbox 320 1430 1808 1490; baseline 0 -14"><span class='ocrx_word' id='word_1_142' title='bbox 320 1433 500 1490; x_wconf 90' lang='lat' dir='ltr'>opinioni</span> <span class='ocrx_word' id='word_1_143' title='bbox 531 1432 717 1474; x_wconf 87' lang='lat' dir='ltr'>insistens</span> <span class='ocrx_word' id='word_1_144' title='bbox 748 1431 900 1484; x_wconf 87' lang='lat' dir='ltr'>Freier,</span> <span class='ocrx_word' id='word_1_145' title='bbox 932 1430 1168 1486; x_wconf 83' lang='lat' dir='ltr'>apotheosin</span> <span class='ocrx_word' id='word_1_146' title='bbox 1199 1431 1348 1473; x_wconf 88' lang='lat' dir='ltr'>mortui</span> <span class='ocrx_word' id='word_1_147' title='bbox 1377 1431 1558 1488; x_wconf 81' lang='lat' dir='ltr'>Augusti</span> <span class='ocrx_word' id='word_1_148' title='bbox 1587 1447 1662 1490; x_wconf 85' lang='lat' dir='ltr'>per</span> <span class='ocrx_word' id='word_1_149' title='bbox 1688 1433 1808 1476; x_wconf 85' lang='lat' dir='ltr'>Tibe-</span> 
     </span>
     <span class='ocr_line' id='line_1_19' title="bbox 318 1498 1639 1556; baseline 0 -12"><span class='ocrx_word' id='word_1_150' title='bbox 318 1502 424 1544; x_wconf 84' lang='lat' dir='ltr'>rium</span> <span class='ocrx_word' id='word_1_151' title='bbox 454 1502 599 1543; x_wconf 85' lang='lat' dir='ltr'>factam</span> <span class='ocrx_word' id='word_1_152' title='bbox 629 1500 793 1542; x_wconf 88' lang='lat' dir='ltr'>indicari</span> <span class='ocrx_word' id='word_1_153' title='bbox 821 1499 896 1540; x_wconf 86' lang='lat' dir='ltr'>sibi</span> <span class='ocrx_word' id='word_1_154' title='bbox 926 1505 1222 1555; x_wconf 81' lang='lat' dir='ltr'>persuaserunt.</span> <span class='ocrx_word' id='word_1_155' title='bbox 1282 1498 1346 1541; x_wconf 85' lang='lat' dir='ltr'>En</span> <span class='ocrx_word' id='word_1_156' title='bbox 1376 1499 1464 1556; x_wconf 82' lang='lat' dir='ltr'>ipsa</span> <span class='ocrx_word' id='word_1_157' title='bbox 1495 1501 1639 1544; x_wconf 81' lang='lat' dir='ltr'>verba:</span> 
     </span>
    </p>

    <p class='ocr_par' dir='ltr' id='par_1_5' title="bbox 489 1567 1650 1691">
     <span class='ocr_line' id='line_1_20' title="bbox 489 1567 1639 1624; baseline -0.001 -12"><span class='ocrx_word' id='word_1_158' title='bbox 489 1571 584 1612; x_wconf 82' lang='lat' dir='ltr'>Iam</span> <span class='ocrx_word' id='word_1_159' title='bbox 600 1570 718 1624; x_wconf 81' lang='lat' dir='ltr'>facit</span> <span class='ocrx_word' id='word_1_160' title='bbox 747 1570 834 1623; x_wconf 79' lang='lat' dir='ltr'>ipse</span> <span class='ocrx_word' id='word_1_161' title='bbox 864 1568 959 1609; x_wconf 83' lang='lat' dir='ltr'>deos</span> <span class='ocrx_word' id='word_1_162' title='bbox 989 1569 1194 1623; x_wconf 78' lang='lat' dir='ltr'>mittitque</span> <span class='ocrx_word' id='word_1_163' title='bbox 1223 1567 1281 1609; x_wconf 87' lang='lat' dir='ltr'>ad</span> <span class='ocrx_word' id='word_1_164' title='bbox 1304 1568 1448 1610; x_wconf 82' lang='lat' dir='ltr'>sidera</span> <span class='ocrx_word' id='word_1_165' title='bbox 1477 1583 1639 1622; x_wconf 80' lang='lat' dir='ltr'>numen,</span> 
     </span>
     <span class='ocr_line' id='line_1_21' title="bbox 489 1634 1650 1691; baseline -0.001 -12"><span class='ocrx_word' id='word_1_166' title='bbox 489 1638 633 1679; x_wconf 74' lang='lat' dir='ltr'><em>Maius</em></span> <span class='ocrx_word' id='word_1_167' title='bbox 662 1641 698 1678; x_wconf 86' lang='lat' dir='ltr'>et</span> <span class='ocrx_word' id='word_1_168' title='bbox 727 1637 914 1690; x_wconf 68' lang='lat' dir='ltr'>Auyzcsto</span> <span class='ocrx_word' id='word_1_169' title='bbox 943 1639 1089 1676; x_wconf 81' lang='lat' dir='ltr'>crescet</span> <span class='ocrx_word' id='word_1_170' title='bbox 1115 1634 1186 1676; x_wconf 79' lang='lat' dir='ltr'>sub</span> <span class='ocrx_word' id='word_1_171' title='bbox 1206 1637 1405 1690; x_wconf 74' lang='lat' dir='ltr'>principe</span> <span class='ocrx_word' id='word_1_172' title='bbox 1434 1635 1650 1691; x_wconf 54' lang='lat' dir='ltr'>caetumql)</span> 
     </span>
    </p>

    <p class='ocr_par' dir='ltr' id='par_1_6' title="bbox 320 1703 1814 2507">
     <span class='ocr_line' id='line_1_22' title="bbox 454 1703 1813 1762; baseline 0 -14"><span class='ocrx_word' id='word_1_173' title='bbox 454 1704 538 1748; x_wconf 95' lang='lat' dir='ltr'>Ubi</span> <span class='ocrx_word' id='word_1_174' title='bbox 554 1721 578 1747; x_wconf 84' lang='lat' dir='ltr'>a</span> <span class='ocrx_word' id='word_1_175' title='bbox 598 1704 769 1747; x_wconf 88' lang='lat' dir='ltr'>lectione</span> <span class='ocrx_word' id='word_1_176' title='bbox 786 1708 942 1754; x_wconf 81' lang='lat' dir='ltr'>crescet,</span> <span class='ocrx_word' id='word_1_177' title='bbox 968 1717 1059 1743; x_wconf 90' lang='lat' dir='ltr'>cum</span> <span class='ocrx_word' id='word_1_178' title='bbox 1086 1703 1267 1744; x_wconf 88' lang='lat' dir='ltr'>omnium</span> <span class='ocrx_word' id='word_1_179' title='bbox 1282 1703 1463 1746; x_wconf 91' lang='lat' dir='ltr'>codicum</span> <span class='ocrx_word' id='word_1_180' title='bbox 1481 1719 1678 1747; x_wconf 82' lang='lat' dir='ltr'>consensu</span> <span class='ocrx_word' id='word_1_181' title='bbox 1695 1719 1813 1762; x_wconf 85' lang='lat' dir='ltr'>prae-</span> 
     </span>
     <span class='ocr_line' id='line_1_23' title="bbox 320 1770 1814 1829; baseline -0.001 -14"><span class='ocrx_word' id='word_1_182' title='bbox 320 1773 463 1815; x_wconf 85' lang='lat' dir='ltr'>beatur</span> <span class='ocrx_word' id='word_1_183' title='bbox 474 1775 510 1827; x_wconf 85' lang='lat'>2)</span> <span class='ocrx_word' id='word_1_184' title='bbox 527 1773 709 1829; x_wconf 89' lang='lat' dir='ltr'>nihilque</span> <span class='ocrx_word' id='word_1_185' title='bbox 733 1771 891 1824; x_wconf 82' lang='lat' dir='ltr'>habeat,</span> <span class='ocrx_word' id='word_1_186' title='bbox 919 1785 999 1826; x_wconf 89' lang='lat' dir='ltr'>quo</span> <span class='ocrx_word' id='word_1_187' title='bbox 1021 1770 1211 1823; x_wconf 87' lang='lat' dir='ltr'>offendat,</span> <span class='ocrx_word' id='word_1_188' title='bbox 1238 1786 1318 1813; x_wconf 90' lang='lat' dir='ltr'>non</span> <span class='ocrx_word' id='word_1_189' title='bbox 1333 1771 1491 1826; x_wconf 85' lang='lat' dir='ltr'>recedo,</span> <span class='ocrx_word' id='word_1_190' title='bbox 1518 1771 1588 1814; x_wconf 84' lang='lat' dir='ltr'>sed</span> <span class='ocrx_word' id='word_1_191' title='bbox 1604 1772 1814 1816; x_wconf 80' lang='lat' dir='ltr'>retinenda</span> 
     </span>
     <span class='ocr_line' id='line_1_24' title="bbox 321 1838 1813 1898; baseline -0.001 -15"><span class='ocrx_word' id='word_1_192' title='bbox 321 1847 403 1883; x_wconf 89' lang='lat' dir='ltr'>est:</span> <span class='ocrx_word' id='word_1_193' title='bbox 436 1856 569 1898; x_wconf 91' lang='lat' dir='ltr'>neque</span> <span class='ocrx_word' id='word_1_194' title='bbox 584 1838 885 1896; x_wconf 86' lang='lat' dir='ltr'>neglegendum</span> <span class='ocrx_word' id='word_1_195' title='bbox 912 1844 1010 1895; x_wconf 90' lang='lat' dir='ltr'>puto</span> <span class='ocrx_word' id='word_1_196' title='bbox 1037 1854 1061 1880; x_wconf 85' lang='lat' dir='ltr'>a</span> <span class='ocrx_word' id='word_1_197' title='bbox 1083 1844 1201 1895; x_wconf 83' lang='lat' dir='ltr'>poeta</span> <span class='ocrx_word' id='word_1_198' title='bbox 1217 1839 1342 1880; x_wconf 89' lang='lat' dir='ltr'>futuri</span> <span class='ocrx_word' id='word_1_199' title='bbox 1358 1840 1549 1896; x_wconf 90' lang='lat' dir='ltr'>temporis</span> <span class='ocrx_word' id='word_1_200' title='bbox 1566 1840 1683 1882; x_wconf 84' lang='lat' dir='ltr'>huius</span> <span class='ocrx_word' id='word_1_201' title='bbox 1699 1840 1813 1883; x_wconf 88' lang='lat' dir='ltr'>verbi</span> 
     </span>
     <span class='ocr_line' id='line_1_25' title="bbox 322 1907 1814 1963; baseline 0 -13"><span class='ocrx_word' id='word_1_202' title='bbox 322 1910 492 1952; x_wconf 85' lang='lat' dir='ltr'>formam</span> <span class='ocrx_word' id='word_1_203' title='bbox 509 1909 574 1951; x_wconf 89' lang='lat' dir='ltr'>hic</span> <span class='ocrx_word' id='word_1_204' title='bbox 588 1908 783 1959; x_wconf 84' lang='lat' dir='ltr'>adhiberi,</span> <span class='ocrx_word' id='word_1_205' title='bbox 806 1922 888 1949; x_wconf 92' lang='lat' dir='ltr'>non</span> <span class='ocrx_word' id='word_1_206' title='bbox 903 1907 1135 1963; x_wconf 61' lang='lat' dir='ltr'>praesentis</span> <span class='ocrx_word' id='word_1_207' title='bbox 1168 1907 1384 1948; x_wconf 81' lang='lat' dir='ltr'>Praeterea</span> <span class='ocrx_word' id='word_1_208' title='bbox 1398 1907 1586 1950; x_wconf 82' lang='lat' dir='ltr'>observes</span> <span class='ocrx_word' id='word_1_209' title='bbox 1601 1923 1640 1952; x_wconf 78' lang='lat' dir='ltr'>V.</span> <span class='ocrx_word' id='word_1_210' title='bbox 1656 1908 1740 1951; x_wconf 87' lang='lat'>934</span> <span class='ocrx_word' id='word_1_211' title='bbox 1755 1908 1814 1950; x_wconf 88' lang='lat' dir='ltr'>in·</span> 
     </span>
     <span class='ocr_line' id='line_1_26' title="bbox 323 1974 1813 2034; baseline -0.001 -16"><span class='ocrx_word' id='word_1_212' title='bbox 323 1978 458 2034; x_wconf 87' lang='lat' dir='ltr'>cipere</span> <span class='ocrx_word' id='word_1_213' title='bbox 473 1992 497 2018; x_wconf 84' lang='lat' dir='ltr'>a</span> <span class='ocrx_word' id='word_1_214' title='bbox 511 1975 831 2033; x_wconf 66' lang='lat' dir='ltr'>particulatam:</span> <span class='ocrx_word' id='word_1_215' title='bbox 852 1975 899 2016; x_wconf 80' lang='lat' dir='ltr'>ia</span> <span class='ocrx_word' id='word_1_216' title='bbox 911 1989 952 2016; x_wconf 90' lang='lat' dir='ltr'>m</span> <span class='ocrx_word' id='word_1_217' title='bbox 969 1974 1074 2028; x_wconf 81' lang='lat' dir='ltr'>facit,</span> <span class='ocrx_word' id='word_1_218' title='bbox 1097 1980 1142 2016; x_wconf 93' lang='lat' dir='ltr'>ut</span> <span class='ocrx_word' id='word_1_219' title='bbox 1157 1974 1212 2016; x_wconf 81' lang='lat' dir='ltr'>ait</span> <span class='ocrx_word' id='word_1_220' title='bbox 1227 1981 1358 2030; x_wconf 82' lang='lat' dir='ltr'>poeta,</span> <span class='ocrx_word' id='word_1_221' title='bbox 1374 1975 1460 2031; x_wconf 88' lang='lat' dir='ltr'>ipse</span> <span class='ocrx_word' id='word_1_222' title='bbox 1475 1975 1596 2018; x_wconf 90' lang='lat' dir='ltr'>homo</span> <span class='ocrx_word' id='word_1_223' title='bbox 1612 1975 1708 2019; x_wconf 86' lang='lat' dir='ltr'>deos</span> <span class='ocrx_word' id='word_1_224' title='bbox 1724 1976 1813 2018; x_wconf 86' lang='lat' dir='ltr'>mit·</span> 
     </span>
     <span class='ocr_line' id='line_1_27' title="bbox 320 2042 1814 2102; baseline -0.001 -14"><span class='ocrx_word' id='word_1_225' title='bbox 320 2045 450 2102; x_wconf 82' lang='lat' dir='ltr'>titque</span> <span class='ocrx_word' id='word_1_226' title='bbox 469 2044 519 2087; x_wconf 84' lang='lat' dir='ltr'>ad</span> <span class='ocrx_word' id='word_1_227' title='bbox 539 2044 671 2086; x_wconf 86' lang='lat' dir='ltr'>sidera</span> <span class='ocrx_word' id='word_1_228' title='bbox 686 2057 849 2086; x_wconf 88' lang='lat' dir='ltr'>numen.</span> <span class='ocrx_word' id='word_1_229' title='bbox 880 2042 1043 2084; x_wconf 87' lang='lat' dir='ltr'>Etenim</span> <span class='ocrx_word' id='word_1_230' title='bbox 1060 2042 1210 2085; x_wconf 85' lang='lat' dir='ltr'>Caesar</span> <span class='ocrx_word' id='word_1_231' title='bbox 1225 2042 1340 2084; x_wconf 89' lang='lat' dir='ltr'>divus</span> <span class='ocrx_word' id='word_1_232' title='bbox 1361 2049 1432 2096; x_wconf 89' lang='lat' dir='ltr'>est,</span> <span class='ocrx_word' id='word_1_233' title='bbox 1454 2043 1631 2086; x_wconf 88' lang='lat' dir='ltr'>defuncti</span> <span class='ocrx_word' id='word_1_234' title='bbox 1651 2058 1814 2100; x_wconf 89' lang='lat' dir='ltr'>quoque</span> 
     </span>
     <span class='ocr_line' id='line_1_28' title="bbox 321 2110 1812 2167; baseline 0 -13"><span class='ocrx_word' id='word_1_235' title='bbox 321 2119 414 2154; x_wconf 87' lang='lat' dir='ltr'>sunt</span> <span class='ocrx_word' id='word_1_236' title='bbox 430 2112 624 2156; x_wconf 79' lang='lat' dir='ltr'>Caesares</span> <span class='ocrx_word' id='word_1_237' title='bbox 641 2111 768 2154; x_wconf 86' lang='lat' dir='ltr'>Gaius</span> <span class='ocrx_word' id='word_1_238' title='bbox 784 2117 824 2153; x_wconf 86' lang='lat' dir='ltr'>et</span> <span class='ocrx_word' id='word_1_239' title='bbox 839 2110 988 2152; x_wconf 89' lang='lat' dir='ltr'>Lucius</span> <span class='ocrx_word' id='word_1_240' title='bbox 1005 2111 1166 2167; x_wconf 87' lang='lat' dir='ltr'>iamque</span> <span class='ocrx_word' id='word_1_241' title='bbox 1182 2111 1430 2154; x_wconf 87' lang='lat' dir='ltr'>Octavianus</span> <span class='ocrx_word' id='word_1_242' title='bbox 1446 2111 1544 2154; x_wconf 88' lang='lat' dir='ltr'>deus</span> <span class='ocrx_word' id='word_1_243' title='bbox 1559 2127 1607 2153; x_wconf 83' lang='lat' dir='ltr'>ac</span> <span class='ocrx_word' id='word_1_244' title='bbox 1621 2111 1730 2154; x_wconf 82' lang='lat' dir='ltr'>sidus</span> <span class='ocrx_word' id='word_1_245' title='bbox 1746 2112 1812 2154; x_wconf 78' lang='lat' dir='ltr'>fit3</span> 
     </span>
     <span class='ocr_line' id='line_1_29' title="bbox 323 2178 1812 2237; baseline 0 -15"><span class='ocrx_word' id='word_1_246' title='bbox 323 2181 439 2222; x_wconf 91' lang='lat' dir='ltr'>vivus</span> <span class='ocrx_word' id='word_1_247' title='bbox 466 2181 591 2237; x_wconf 87' lang='lat' dir='ltr'>igitur</span> <span class='ocrx_word' id='word_1_248' title='bbox 616 2179 830 2235; x_wconf 89' lang='lat' dir='ltr'>Augustus</span> <span class='ocrx_word' id='word_1_249' title='bbox 860 2179 1069 2221; x_wconf 83' lang='lat' dir='ltr'>divinitate</span> <span class='ocrx_word' id='word_1_250' title='bbox 1098 2178 1213 2235; x_wconf 84' lang='lat' dir='ltr'>quasi</span> <span class='ocrx_word' id='word_1_251' title='bbox 1242 2178 1405 2220; x_wconf 89' lang='lat' dir='ltr'>indutus</span> <span class='ocrx_word' id='word_1_252' title='bbox 1433 2179 1520 2232; x_wconf 86' lang='lat' dir='ltr'>fuit,</span> <span class='ocrx_word' id='word_1_253' title='bbox 1551 2180 1812 2236; x_wconf 81' lang='lat' dir='ltr'>quamobrem</span> 
     </span>
     <span class='ocr_line' id='line_1_30' title="bbox 323 2246 1814 2305; baseline 0.001 -17"><span class='ocrx_word' id='word_1_254' title='bbox 323 2248 452 2292; x_wconf 90' lang='lat'><strong>].19</strong></span> <span class='ocrx_word' id='word_1_255' title='bbox 496 2253 640 2305; x_wconf 87' lang='lat' dir='ltr'>poetae</span> <span class='ocrx_word' id='word_1_256' title='bbox 677 2247 813 2289; x_wconf 89' lang='lat' dir='ltr'>dicere</span> <span class='ocrx_word' id='word_1_257' title='bbox 853 2246 967 2289; x_wconf 87' lang='lat' dir='ltr'>licuit</span> <span class='ocrx_word' id='word_1_258' title='bbox 1006 2246 1275 2290; x_wconf 84' lang='lat' dir='ltr'>Octavianum</span> <span class='ocrx_word' id='word_1_259' title='bbox 1315 2248 1435 2289; x_wconf 80' lang='lat' dir='ltr'>deum</span> <span class='ocrx_word' id='word_1_260' title='bbox 1474 2247 1668 2289; x_wconf 89' lang='lat' dir='ltr'>mundum</span> <span class='ocrx_word' id='word_1_261' title='bbox 1708 2246 1814 2304; x_wconf 83' lang='lat' dir='ltr'>patri</span> 
     </span>
     <span class='ocr_line' id='line_1_31' title="bbox 324 2313 1814 2371; baseline -0.001 -15"><span class='ocrx_word' id='word_1_262' title='bbox 324 2330 558 2357; x_wconf 85' lang='lat' dir='ltr'>concessum</span> <span class='ocrx_word' id='word_1_263' title='bbox 588 2314 719 2371; x_wconf 90' lang='lat' dir='ltr'>ipsum</span> <span class='ocrx_word' id='word_1_264' title='bbox 751 2314 910 2358; x_wconf 84' lang='lat' dir='ltr'>mereri.</span> <span class='ocrx_word' id='word_1_265' title='bbox 970 2313 1069 2356; x_wconf 84' lang='lat' dir='ltr'>Eius</span> <span class='ocrx_word' id='word_1_266' title='bbox 1100 2328 1262 2371; x_wconf 88' lang='lat' dir='ltr'>quoque</span> <span class='ocrx_word' id='word_1_267' title='bbox 1291 2329 1441 2356; x_wconf 88' lang='lat' dir='ltr'>numen</span> <span class='ocrx_word' id='word_1_268' title='bbox 1482 2314 1533 2356; x_wconf 82' lang='lat' dir='ltr'>ad</span> <span class='ocrx_word' id='word_1_269' title='bbox 1563 2314 1696 2356; x_wconf 82' lang='lat' dir='ltr'>sidera</span> <span class='ocrx_word' id='word_1_270' title='bbox 1723 2314 1814 2356; x_wconf 89' lang='lat' dir='ltr'>mit-</span> 
     </span>
     <span class='ocr_line' id='line_1_32' title="bbox 324 2381 1814 2436; baseline -0.001 -12"><span class='ocrx_word' id='word_1_271' title='bbox 324 2388 414 2424; x_wconf 88' lang='lat' dir='ltr'>tunt</span> <span class='ocrx_word' id='word_1_272' title='bbox 439 2382 624 2436; x_wconf 85' lang='lat' dir='ltr'>Romani,</span> <span class='ocrx_word' id='word_1_273' title='bbox 655 2382 727 2424; x_wconf 84' lang='lat' dir='ltr'>sed</span> <span class='ocrx_word' id='word_1_274' title='bbox 756 2381 936 2424; x_wconf 91' lang='lat' dir='ltr'>nondum</span> <span class='ocrx_word' id='word_1_275' title='bbox 965 2387 1027 2424; x_wconf 90' lang='lat' dir='ltr'>est</span> <span class='ocrx_word' id='word_1_276' title='bbox 1055 2381 1097 2423; x_wconf 91' lang='lat' dir='ltr'>in</span> <span class='ocrx_word' id='word_1_277' title='bbox 1126 2381 1290 2425; x_wconf 88' lang='lat' dir='ltr'>mundo.</span> <span class='ocrx_word' id='word_1_278' title='bbox 1350 2381 1525 2432; x_wconf 81' lang='lat' dir='ltr'>Quando</span> <span class='ocrx_word' id='word_1_279' title='bbox 1555 2388 1691 2424; x_wconf 84' lang='lat' dir='ltr'>autem</span> <span class='ocrx_word' id='word_1_280' title='bbox 1717 2381 1814 2423; x_wconf 91' lang='lat' dir='ltr'>illuc</span> 
     </span>
     <span class='ocr_line' id='line_1_33' title="bbox 324 2449 1813 2507; baseline -0.002 -14"><span class='ocrx_word' id='word_1_281' title='bbox 324 2450 570 2507; x_wconf 86' lang='lat' dir='ltr'>pervenerit,</span> <span class='ocrx_word' id='word_1_282' title='bbox 599 2449 719 2492; x_wconf 87' lang='lat' dir='ltr'>etiam</span> <span class='ocrx_word' id='word_1_283' title='bbox 750 2450 878 2491; x_wconf 82' lang='lat' dir='ltr'>maius</span> <span class='ocrx_word' id='word_1_284' title='bbox 905 2450 980 2492; x_wconf 90' lang='lat' dir='ltr'>sub</span> <span class='ocrx_word' id='word_1_285' title='bbox 1009 2449 1086 2492; x_wconf 92' lang='lat' dir='ltr'>hoc</span> <span class='ocrx_word' id='word_1_286' title='bbox 1114 2449 1299 2506; x_wconf 88' lang='lat' dir='ltr'>principe</span> <span class='ocrx_word' id='word_1_287' title='bbox 1327 2449 1485 2492; x_wconf 80' lang='lat' dir='ltr'>caelum</span> <span class='ocrx_word' id='word_1_288' title='bbox 1515 2455 1678 2493; x_wconf 83' lang='lat' dir='ltr'>crescet.</span> <span class='ocrx_word' id='word_1_289' title='bbox 1715 2449 1813 2492; x_wconf 90' lang='lat' dir='ltr'>Post</span> 
     </span>
    </p>
   </div>
   <div class='ocr_carea' id='block_1_3' title="bbox 324 2520 594 2526">
    <p class='ocr_par' dir='ltr' id='par_1_7' title="bbox 324 2520 594 2526">
     <span class='ocr_line' id='line_1_34' title="bbox 324 2520 594 2526; baseline 0 0"><span class='ocrx_word' id='word_1_290' title='bbox 324 2520 594 2526; x_wconf 95' lang='lat' dir='ltr'> </span> 
     </span>
    </p>
   </div>
   <div class='ocr_carea' id='block_1_4' title="bbox 325 2540 1812 2871">
    <p class='ocr_par' dir='ltr' id='par_1_8' title="bbox 325 2540 1811 2753">
     <span class='ocr_line' id='line_1_35' title="bbox 462 2540 1811 2584; baseline 0.001 -12"><span class='ocrx_word' id='word_1_291' title='bbox 462 2541 486 2584; x_wconf 87' lang='lat'>¹)</span> <span class='ocrx_word' id='word_1_292' title='bbox 510 2541 582 2573; x_wconf 89' lang='lat' dir='ltr'>Alii</span> <span class='ocrx_word' id='word_1_293' title='bbox 608 2541 694 2573; x_wconf 79' lang='lat' dir='ltr'>salso</span> <span class='ocrx_word' id='word_1_294' title='bbox 718 2543 794 2583; x_wconf 81' lang='lat' dir='ltr'>post</span> <span class='ocrx_word' id='word_1_295' title='bbox 817 2540 974 2582; x_wconf 84' lang='lat' dir='ltr'>maius,</span> <span class='ocrx_word' id='word_1_296' title='bbox 1013 2540 1105 2582; x_wconf 88' lang='lat' dir='ltr'>quod</span> <span class='ocrx_word' id='word_1_297' title='bbox 1138 2540 1182 2572; x_wconf 83' lang='lat' dir='ltr'>ad</span> <span class='ocrx_word' id='word_1_298' title='bbox 1215 2549 1340 2574; x_wconf 87' lang='lat' dir='ltr'>numen</span> <span class='ocrx_word' id='word_1_299' title='bbox 1364 2541 1514 2582; x_wconf 83' lang='lat' dir='ltr'>trahunt,</span> <span class='ocrx_word' id='word_1_300' title='bbox 1546 2551 1613 2574; x_wconf 86' lang='lat' dir='ltr'>non</span> <span class='ocrx_word' id='word_1_301' title='bbox 1638 2543 1714 2584; x_wconf 80' lang='lat' dir='ltr'>post</span> <span class='ocrx_word' id='word_1_302' title='bbox 1736 2550 1811 2573; x_wconf 88' lang='lat' dir='ltr'>nu-</span> 
     </span>
     <span class='ocr_line' id='line_1_36' title="bbox 325 2596 1810 2640; baseline 0 -11"><span class='ocrx_word' id='word_1_303' title='bbox 325 2609 359 2629; x_wconf 91' lang='lat' dir='ltr'>m</span> <span class='ocrx_word' id='word_1_304' title='bbox 372 2608 425 2630; x_wconf 88' lang='lat' dir='ltr'>en</span> <span class='ocrx_word' id='word_1_305' title='bbox 450 2597 652 2640; x_wconf 69' lang='lat' dir='ltr'>inter-pungi</span> <span class='ocrx_word' id='word_1_306' title='bbox 677 2597 812 2639; x_wconf 87' lang='lat' dir='ltr'>iubent,</span> <span class='ocrx_word' id='word_1_307' title='bbox 837 2600 875 2629; x_wconf 90' lang='lat' dir='ltr'>ut</span> <span class='ocrx_word' id='word_1_308' title='bbox 890 2597 945 2628; x_wconf 85' lang='lat' dir='ltr'>W.</span> <span class='ocrx_word' id='word_1_309' title='bbox 965 2596 1006 2628; x_wconf 81' lang='lat' dir='ltr'>E.</span> <span class='ocrx_word' id='word_1_310' title='bbox 1024 2596 1153 2629; x_wconf 86' lang='lat' dir='ltr'>Weber</span> <span class='ocrx_word' id='word_1_311' title='bbox 1178 2606 1267 2638; x_wconf 86' lang='lat' dir='ltr'>corp.</span> <span class='ocrx_word' id='word_1_312' title='bbox 1284 2600 1372 2639; x_wconf 90' lang='lat' dir='ltr'>poet.</span> <span class='ocrx_word' id='word_1_313' title='bbox 1388 2598 1463 2629; x_wconf 79' lang='lat' dir='ltr'>Lat.</span> <span class='ocrx_word' id='word_1_314' title='bbox 1480 2596 1697 2630; x_wconf 79' lang='lat' dir='ltr'>Francofurti</span> <span class='ocrx_word' id='word_1_315' title='bbox 1714 2597 1810 2638; x_wconf 82' lang='lat'><strong>1832,</strong></span> 
     </span>
     <span class='ocr_line' id='line_1_37' title="bbox 326 2653 1811 2696; baseline 0 -10"><span class='ocrx_word' id='word_1_316' title='bbox 326 2665 358 2695; x_wconf 89' lang='lat' dir='ltr'>p.</span> <span class='ocrx_word' id='word_1_317' title='bbox 384 2655 470 2694; x_wconf 77' lang='lat'>6373</span> <span class='ocrx_word' id='word_1_318' title='bbox 495 2654 544 2686; x_wconf 78' lang='lat' dir='ltr'>sic</span> <span class='ocrx_word' id='word_1_319' title='bbox 567 2655 636 2686; x_wconf 83' lang='lat' dir='ltr'>iam</span> <span class='ocrx_word' id='word_1_320' title='bbox 660 2654 696 2685; x_wconf 88' lang='lat' dir='ltr'>in</span> <span class='ocrx_word' id='word_1_321' title='bbox 720 2653 909 2686; x_wconf 79' lang='lat' dir='ltr'>Basileensi</span> <span class='ocrx_word' id='word_1_322' title='bbox 934 2653 1083 2686; x_wconf 87' lang='lat' dir='ltr'>editione</span> <span class='ocrx_word' id='word_1_323' title='bbox 1108 2653 1269 2685; x_wconf 80' lang='lat' dir='ltr'>distincta</span> <span class='ocrx_word' id='word_1_324' title='bbox 1301 2657 1380 2686; x_wconf 82' lang='lat' dir='ltr'>sunt</span> <span class='ocrx_word' id='word_1_325' title='bbox 1403 2655 1518 2696; x_wconf 83' lang='lat' dir='ltr'>verba,</span> <span class='ocrx_word' id='word_1_326' title='bbox 1550 2654 1587 2685; x_wconf 87' lang='lat' dir='ltr'>in</span> <span class='ocrx_word' id='word_1_327' title='bbox 1613 2664 1684 2696; x_wconf 74' lang='lat' dir='ltr'>qua</span> <span class='ocrx_word' id='word_1_328' title='bbox 1706 2654 1811 2688; x_wconf 75' lang='lat' dir='ltr'>etiam</span> 
     </span>
     <span class='ocr_line' id='line_1_38' title="bbox 326 2707 1443 2753; baseline 0.001 -10"><span class='ocrx_word' id='word_1_329' title='bbox 326 2714 522 2753; x_wconf 82' lang='lat' dir='ltr'>augusto</span> <span class='ocrx_word' id='word_1_330' title='bbox 548 2709 634 2753; x_wconf 82' lang='lat' dir='ltr'>[non</span> <span class='ocrx_word' id='word_1_331' title='bbox 660 2707 832 2752; x_wconf 82' lang='lat' dir='ltr'>Augusto)</span> <span class='ocrx_word' id='word_1_332' title='bbox 858 2709 1066 2752; x_wconf 83' lang='lat' dir='ltr'>principe</span> <span class='ocrx_word' id='word_1_333' title='bbox 1092 2709 1255 2751; x_wconf 79' lang='lat' dir='ltr'>scriptum</span> <span class='ocrx_word' id='word_1_334' title='bbox 1279 2710 1443 2745; x_wconf 80' lang='lat' dir='ltr'>videmus.</span> 
     </span>
    </p>

    <p class='ocr_par' dir='ltr' id='par_1_9' title="bbox 327 2766 1812 2871">
     <span class='ocr_line' id='line_1_39' title="bbox 466 2766 1812 2808; baseline 0.002 -10"><span class='ocrx_word' id='word_1_335' title='bbox 466 2768 492 2808; x_wconf 81' lang='lat'>²)</span> <span class='ocrx_word' id='word_1_336' title='bbox 517 2767 557 2799; x_wconf 88' lang='lat' dir='ltr'>cf.</span> <span class='ocrx_word' id='word_1_337' title='bbox 583 2769 718 2808; x_wconf 78' lang='lat' dir='ltr'>praeter</span> <span class='ocrx_word' id='word_1_338' title='bbox 742 2766 858 2799; x_wconf 79' lang='lat' dir='ltr'>Iacobi</span> <span class='ocrx_word' id='word_1_339' title='bbox 876 2766 1079 2800; x_wconf 85' lang='lat' dir='ltr'>editionem:</span> <span class='ocrx_word' id='word_1_340' title='bbox 1104 2767 1143 2798; x_wconf 92' lang='lat' dir='ltr'>P.</span> <span class='ocrx_word' id='word_1_341' title='bbox 1161 2767 1308 2799; x_wconf 85' lang='lat' dir='ltr'>Thomas</span> <span class='ocrx_word' id='word_1_342' title='bbox 1324 2767 1580 2801; x_wconf 77' lang='lat' dir='ltr'>lucubrationes</span> <span class='ocrx_word' id='word_1_343' title='bbox 1597 2766 1812 2801; x_wconf 79' lang='lat' dir='ltr'>Manilianae</span> 
     </span>
     <span class='ocr_line' id='line_1_40' title="bbox 327 2822 1362 2871; baseline 0.001 -16"><span class='ocrx_word' id='word_1_344' title='bbox 327 2823 438 2871; x_wconf 80' lang='lat' dir='ltr'>(Inest</span> <span class='ocrx_word' id='word_1_345' title='bbox 461 2823 587 2859; x_wconf 81' lang='lat' dir='ltr'>codicis</span> <span class='ocrx_word' id='word_1_346' title='bbox 612 2822 868 2859; x_wconf 74' lang='lat' dir='ltr'>Gemblacensiu</span> <span class='ocrx_word' id='word_1_347' title='bbox 894 2822 1052 2870; x_wconf 79' lang='lat' dir='ltr'>collatio)</span> <span class='ocrx_word' id='word_1_348' title='bbox 1080 2823 1239 2858; x_wconf 79' lang='lat' dir='ltr'>Gaudavi</span> <span class='ocrx_word' id='word_1_349' title='bbox 1266 2823 1362 2860; x_wconf 84' lang='grc'><strong>1888.</strong></span> 
     </span>
    </p>
   </div>
  </div>
 </body>
</html>
