1930 3320
306 907 496 973 Carmen
551 946 606 974 ex
655 935 779 987 parte
833 930 1155 982 difficillimum,
1212 928 1325 984 quod
1370 943 1484 970 nunc
1530 927 1698 969 Manilii

191 1016 351 1044 nomen
382 1015 486 1058 prae
520 1015 566 1043 se
598 1001 701 1053 fert,
739 1014 880 1055 neque
919 999 974 1040 ab
1005 1000 1093 1040 ullo
1127 999 1337 1054 scriptore
1370 997 1548 1053 antiquo
1580 1011 1698 1038 com-

191 1076 478 1123 memoratur,
510 1085 652 1126 neque
685 1070 779 1112 eius
810 1074 966 1126 poetae
998 1083 1156 1110 nomen
1187 1069 1231 1109 in
1263 1067 1484 1110 codicibus
1515 1068 1696 1123 legitur:

187 1154 290 1182 nam
337 1139 619 1190 »Ma‘niliz'‚
665 1139 887 1189 Manlii,
932 1138 1146 1180 Mami«
1202 1152 1332 1179 voces
1385 1138 1429 1178 in
1475 1136 1697 1179 codicibus

186 1210 406 1266 plerisque
438 1224 464 1250 a
495 1209 696 1250 manibus
729 1209 1046 1251 recentioribus
1080 1208 1270 1256 saeculo,
1302 1213 1350 1249 ut
1371 1207 1556 1259 videtur,
1587 1206 1698 1248 XVI

186 1280 386 1336 appictae
421 1279 592 1332 sunt1);
625 1278 794 1321 accedit
825 1278 939 1334 quod
970 1292 1111 1334 neque
1143 1278 1360 1334 integrum
1385 1292 1410 1319 a
1436 1277 1697 1333 gravibusve

188 1347 460 1390 detrimentis
510 1349 725 1390 sincerum
769 1347 875 1389 illud
921 1362 1096 1389 carmen
1143 1352 1363 1389 servatum
1403 1347 1543 1388 estin
1575 1346 1698 1387 libris

187 1431 318 1458 manu
371 1417 543 1473 scriptis
602 1421 645 1458 et
693 1417 856 1458 criseos
905 1416 1168 1458 Manilianae
1228 1416 1510 1458 fundamenta
1560 1429 1700 1471 nuper

188 1485 361 1527 demum
393 1500 418 1527 a
447 1486 689 1527 Malvino
721 1485 964 1528 Bechert
994 1486 1037 1527 in
1068 1486 1219 1528 libello
1252 1487 1364 1528 infra
1385 1486 1561 1528 laudato
1584 1486 1700 1526 iacta

189 1559 300 1596 sunt.
353 1554 438 1603 Qui
459 1556 525 1596 vir
544 1554 696 1596 doctus
719 1560 921 1610 quattuor
944 1556 1118 1611 optimis
1147 1556 1383 1607 codicibus,
1416 1554 1699 1597 Bruxellensi

190 1625 328 1666 altero
361 1623 734 1680 (Gemblacensi),
766 1624 1009 1681 Lipsiensi,
1039 1625 1331 1667 Leidensibus
1363 1625 1532 1667 duobus
1565 1623 1698 1680 (Vos—

189 1694 310 1735 siano
333 1694 476 1750 priore
502 1698 546 1735 et
563 1693 782 1735 Vossiano
805 1693 963 1749 altero)
995 1694 1136 1736 denuo
1169 1695 1496 1736 accuratissime
1530 1693 1699 1735 collatis

186 1763 408 1816 Iacobum,
431 1764 504 1819 qui
520 1763 690 1805 Manilii
714 1778 889 1806 carmen
910 1764 1146 1806 novissime
1166 1791 1222 1795 —
1238 1778 1350 1806 anno
1368 1764 1410 1807 h.
1426 1779 1457 1806 s,
1477 1763 1626 1805 XLVI
1644 1789 1699 1793 -—

188 1831 342 1886 edidit,
381 1847 406 1874 a
438 1838 557 1875 recta
590 1833 753 1875 criseos
786 1833 856 1874 via
886 1832 1120 1875 deflexisse
1153 1832 1364 1885 ostendit,
1411 1847 1509 1874 cum
1539 1833 1696 1874 librum

186 1900 454 1943 Vossianum
486 1903 669 1944 alterum
701 1903 890 1944 omnium
923 1903 1133 1958 optimum
1157 1907 1200 1944 et
1222 1903 1347 1958 quasi
1368 1901 1698 1943 fundamentum

189 1971 352 2012 criseos
385 1971 647 2013 Manilianae
680 1985 778 2014 esse
811 1972 1128 2014 aestimandum
1165 1970 1525 2027 contenderet2),
1569 1985 1698 2027 quem

189 2039 382 2082 codicem
414 2055 439 2082 a
469 2041 629 2083 Iacobo
662 2042 949 2096 neglegenter
972 2042 1177 2083 collatum
1200 2056 1297 2083 esse
1321 2041 1437 2083 idem
1458 2042 1523 2082 vir
1544 2041 1698 2082 doctus

189 2108 503 2151 demonstravit
516 2109 566 2166 ³).
625 2109 779 2165 Neque
812 2111 984 2152 omnino
1017 2110 1168 2152 Iacobi
1201 2110 1335 2152 editio
1370 2111 1420 2152 'in
1453 2124 1698 2152 sermonem

187 2178 355 2221 Manilii
385 2181 628 2222 accuratius
660 2181 894 2236 inquirenti
917 2181 1115 2234 sufficiet,
1149 2182 1351 2237 quoniam
1381 2182 1578 2223 codicum
1601 2196 1698 2223 cum

185 2249 368 2291 aliorum
400 2254 490 2291 tum
524 2250 855 2292 Gemblacensis
887 2250 986 2292 libri
1025 2251 1177 2307 optimi
1217 2252 1432 2294 lectiones
1464 2252 1607 2292 varias
1638 2251 1700 2292 ita

185 2317 456 2375 subscripsit,
478 2324 537 2372 ut,
559 2319 662 2375 quid
686 2320 954 2376 singulorum
975 2320 1172 2362 codicum
1195 2321 1418 2377 proprium
1441 2321 1510 2373 sit,
1543 2334 1697 2376 saepe-

186 2400 364 2429 numero
399 2402 662 2443 cognoscere
694 2403 901 2444 nequeas.

299 2455 401 2512 Ipse
441 2470 524 2511 qua
563 2471 608 2511 re
652 2461 892 2498 commotus
932 2457 1037 2510 sim,
1081 2462 1149 2510 ut,
1195 2472 1291 2499 cum
1332 2457 1502 2499 Manilii
1550 2457 1697 2510 editio,

186 2537 313 2579 quam
344 2525 536 2566 criticam
569 2525 766 2578 dicimus,
799 2525 854 2567 ad
884 2540 1038 2567 manus
1070 2540 1158 2567 non
1189 2531 1329 2577 esset,
1365 2526 1418 2568 de
1450 2527 1696 2568 elocutione

186 2591 424 2635 Maniliana
464 2608 744 2650 quaererem,
781 2595 975 2637 breviter
1012 2610 1244 2652 exponam.
1310 2595 1423 2638 Nam
1462 2610 1558 2637 cum
1590 2596 1698 2637 illud

188 2675 363 2704 carmen
392 2664 688 2719 perlegerem,
731 2665 860 2707 facile
900 2667 1086 2721 cognovi
1115 2671 1292 2722 poetam
1334 2666 1536 2707 similiter
1566 2670 1696 2721 atque

282 2788 307 2830 ¹)
332 2786 375 2821 cf.
398 2787 446 2821 M.
473 2788 676 2831 Bechert,
694 2789 739 2824 de
763 2790 812 2824 M.
826 2790 972 2825 Manilii
998 2790 1219 2826 emendandi
1242 2790 1397 2830 ratione,
1423 2790 1477 2824 in:
1504 2789 1698 2835 Leipziger

187 2845 343 2880 Studien
367 2858 430 2880 zur
454 2847 557 2882 class.
569 2847 786 2893 Philologie‚
811 2849 961 2894 Lipsiae
987 2850 1085 2885 1878.
1111 2850 1128 2884 Ι
1154 2862 1188 2895 p.
1214 2851 1246 2884 5.
1275 2850 1327 2884 10.
1354 2850 1407 2883 11.
1448 2851 1461 2892 Η
1496 2849 1524 2893 ²)
1542 2849 1699 2883 Bechert

186 2904 210 2938 1.
236 2904 259 2937 l.
284 2916 319 2948 p.
345 2905 399 2939 61.
440 2907 454 2949 ll
496 2906 524 2949 ³)
550 2905 638 2940 ibid.
663 2918 698 2951 p.
723 2906 768 2940 263
793 2919 846 2951 sq.
