1936 3392
1087 291 1143 328 24

420 433 519 474 dicit
572 447 628 474 vs.
679 433 788 483 507,
849 433 917 486 qui
965 431 1075 472 mille
1123 431 1261 485 figuris
1308 434 1457 471 vertere
1504 445 1603 487 opus
1655 433 1810 488 possint

417 513 512 550 cett.
525 527 537 559 3
589 509 683 550 hinc
735 509 783 550 de
836 508 1016 563 augustis
1069 506 1299 548 muneribus
1352 507 1395 548 in
1442 508 1605 550 sacratis
1647 509 1808 564 templis

417 586 608 641 expositis
654 586 857 640 loquitur,
891 600 972 627 non
1005 585 1053 625 de
1085 584 1246 639 templis
1279 584 1396 639 ipsis,
1440 599 1513 626 nec
1545 585 1594 626 de
1624 585 1807 636 theatris.

417 663 583 718 Optime
613 663 791 717 Scaliger
823 663 871 704 de
903 662 1107 717 triumpho
1140 661 1307 716 Pompei
1338 661 1479 716 Magni
1505 662 1806 718 interpretatur.

417 740 475 781 Ut
496 755 587 781 vero
609 743 798 795 appareat
819 754 898 793 quo
919 739 1004 780 iure
1027 742 1162 779 nostro
1185 738 1284 788 loco,
1309 737 1379 780 ubi
1402 738 1450 780 de
1471 753 1567 781 auro
1584 744 1625 782 et
1640 741 1807 795 gemmis

415 833 543 859 sermo
575 822 651 868 est,
687 817 977 871 intellegantur
1008 831 1091 865 reS,
1121 830 1220 869 quas
1241 814 1312 856 ille
1334 816 1455 857 tertio
1476 817 1680 872 triumpho
1701 821 1808 859 tran·

416 894 552 944 stulit,
587 909 688 948 quae
719 894 876 935 Plinius
909 893 957 935 de
989 893 1038 934 iis
1069 893 1227 934 notavit
1248 897 1334 934 tota
1358 893 1577 936 exscribam
1596 895 1638 949 ¹).
1686 893 1810 945 „Vic-

415 972 518 1013 toria
548 975 682 1014 tamen
715 971 786 1012 illa
817 971 984 1026 Pompei
1015 971 1188 1025 primum
1221 971 1270 1012 ad
1296 971 1532 1025 margaritas
1554 986 1809 1028 gemmasque

416 1063 545 1090 mores
577 1048 810 1098 inclinavit,
856 1049 959 1089 sicut
991 1047 1039 1088 L.
1074 1047 1271 1101 Scipionis
1303 1051 1343 1088 et
1376 1047 1449 1089 Gn.
1486 1047 1612 1098 Manli
1644 1048 1695 1092 ad
1726 1063 1810 1095 cae-

416 1125 542 1166 latum
575 1129 785 1179 argentum
817 1129 858 1165 et
889 1124 1010 1165 vestis
1041 1123 1238 1166 Attalicas
1266 1129 1306 1166 et
1327 1124 1505 1166 triclinia
1525 1130 1681 1176 aerata,
1705 1126 1810 1168 sieut

415 1201 462 1243 L.
495 1202 669 1243 Mummi
702 1201 750 1242 ad
784 1201 991 1242 Corinthia
1023 1205 1064 1243 et
1093 1201 1254 1242 tabulas
1285 1201 1425 1256 pictas.
1490 1201 1541 1244 Id
1567 1203 1628 1244 uti
1649 1202 1810 1258 planius

415 1283 622 1328 noscatur,
657 1278 777 1320 verba
809 1294 856 1319 ex
888 1279 1013 1333 ipsius
1045 1277 1213 1333 Pompei
1245 1279 1540 1333 triumphorum
1572 1280 1672 1321 actis
1703 1279 1810 1321 subi-

415 1356 529 1397 ciam.
575 1356 680 1410 Ergo
713 1356 833 1397 tertio
866 1356 1094 1411 triumpho,
1128 1370 1247 1410 quem
1279 1356 1328 1397 de
1350 1356 1512 1411 piratiS‚
1535 1357 1654 1407 Asia,
1678 1356 1808 1406 Ponto

414 1433 683 1488 gentibusque
729 1437 770 1474 et
815 1433 975 1488 regibus
1012 1433 1055 1475 in
1086 1437 1269 1488 septumo
1302 1433 1507 1476 volumine
1529 1434 1658 1489 operis
1681 1433 1809 1495 *huius

413 1510 600 1551 indicatis
646 1511 704 1551 M.
739 1511 884 1552 Pisone
931 1511 989 1552 Μ.
1024 1511 1195 1553 Messala
1227 1509 1455 1552 consulibus
1486 1511 1616 1567 pridie
1647 1511 1808 1554 kalend.

413 1587 600 1629 Octobris
646 1588 769 1629 natali
817 1603 888 1630 suo
936 1589 1044 1643 egit,
1093 1588 1300 1630 transtulit
1338 1588 1496 1630 alveum
1516 1603 1619 1630 *cum
1650 1589 1809 1631 tesseris

414 1665 609 1707 lusorium
641 1681 661 1706 e
695 1667 860 1720 gemmis
893 1665 1048 1708 duabus
1080 1666 1206 1708 latum
1238 1666 1359 1722 pedes
1381 1667 1477 1717 tris,
1500 1666 1666 1722 longum
1687 1667 1807 1722 pedes

414 1746 625 1795 quattuor,
665 1747 725 1793 et,
764 1758 814 1785 ne
846 1743 935 1797 quis
967 1744 1102 1784 effetas
1133 1757 1194 1784 res
1227 1742 1386 1785 dubitet
1417 1743 1531 1785 nulla
1562 1758 1806 1798 gemmarum

415 1820 693 1874 magnitudine
729 1821 847 1862 hodie
878 1836 1001 1876 prope
1034 1821 1084 1862 ad
1115 1821 1217 1862 hanc
1238 1820 1549 1876 amplitudinem
1568 1821 1805 1871 accedente,

414 1899 455 1939 in
503 1913 548 1938 eo
595 1898 673 1939 fuit
711 1897 808 1939 luna
839 1913 957 1940 aurea
988 1898 1122 1954 pondo
1155 1897 1276 1940 XXX
1309 1922 1388 1948 —-,
1423 1898 1544 1940 lectos
1575 1898 1817 1940 tricliniaris.

413 1976 508 2026 tris,
541 1990 634 2017 vasa
665 1990 714 2016 ex
746 1990 841 2017 auro
874 1979 913 2016 et
946 1976 1112 2030 gemmis
1134 1975 1346 2018 abacorum
1367 1990 1532 2026 novem,
1555 1976 1670 2038 signa
1687 1990 1806 2017 aurea

412 2054 490 2094 tria
535 2052 762 2103 Minervae,
811 2053 978 2104 Martis,
1027 2053 1250 2109 Apollinis,
1300 2068 1463 2094 coronas
1501 2068 1550 2094 ex
1581 2054 1806 2108 margaritis

412 2131 581 2185 triginta
627 2130 721 2180 tris,
771 2134 948 2171 montem
994 2145 1159 2172 aureum
1207 2130 1445 2185 quadratum
1488 2145 1578 2172 cum
1610 2131 1734 2172 cervis
1766 2136 1806 2172 et

413 2206 596 2249 leonibus
643 2211 683 2248 et
729 2208 857 2262 pomis
905 2208 1034 2248 omnis
1077 2208 1232 2262 generis
1275 2207 1519 2249 circumdata
1552 2207 1632 2248 vite
1664 2222 1805 2257 aurea,

413 2299 618 2327 musaeum
650 2299 697 2325 ex
729 2285 954 2338 margaritis
986 2285 1028 2326 in
1060 2286 1174 2326 cuius
1206 2285 1366 2340 fastigio
1396 2284 1660 2339 horologium.
1709 2285 1806 2326 Erat

413 2365 450 2402 et
499 2361 632 2415 imago
680 2359 753 2402 Gn.
802 2361 967 2416 Pompei
1015 2377 1035 2402 e
1067 2362 1315 2416 margaritis,
1358 2361 1429 2402 illa
1459 2361 1626 2403 relicino
1658 2362 1806 2404 honore

413 2441 549 2493 grata,
598 2436 710 2479 illius
756 2437 870 2492 probi
913 2438 990 2479 oris
1024 2439 1319 2493 venerandique
1350 2454 1422 2495 per
1452 2443 1614 2480 cunctas
1647 2428 1804 2493 gentis,

412 2515 504 2565 illa,
554 2515 743 2570 inquam,
792 2530 840 2556 ex
886 2516 1135 2570 margaritis,
1185 2517 1395 2558 severitate
1437 2517 1542 2558 victa
1583 2519 1622 2557 et
1655 2516 1805 2557 veriore

413 2591 596 2634 luxuriae
627 2591 872 2648 triumpho.”
908 2592 978 2635 Vs.
1014 2595 1098 2635 514
1123 2608 1213 2635 eum
1236 2593 1420 2635 Bentleio
1443 2593 1667 2635 eiciendum
1689 2597 1804 2649 puto.

414 2668 528 2722 Quae
571 2669 620 2710 ad
653 2669 725 2719 II,
761 2671 844 2710 290
879 2669 927 2710 de
959 2674 1066 2712 torto
1099 2670 1340 2726 Capricorno
1373 2672 1580 2714 annotavit
1610 2671 1805 2722 Iacobus,

458 2902 479 2937 Ι)
529 2903 609 2933 nist.
634 2904 707 2934 Nat.
732 2902 900 2937 XXXVII.
930 2906 965 2934 12
991 2914 1078 2942 seqq.
