1930 3320
365 287 583 322 1221—2‘27
615 288 663 320 Te
696 291 815 322 testem
845 287 925 327 dat,
961 289 1100 329 Luna,
1136 290 1196 322 sui
1228 287 1468 331 {flamm-abilis
1505 289 1601 323 orbis
1633 291 1716 324 cett.
1740 294 1754 340 11

275 346 309 379 II
340 345 472 378 95—99
504 344 555 378 Et
587 354 663 377 cum
698 343 829 378 damna
864 347 960 377 tuas
995 343 1193 386 imitantur,
1229 344 1376 388 Delio,
1416 346 1509 380 vires
1545 347 1628 380 cett.
1647 348 1661 390 Ι]
1681 347 1707 381 V
1731 347 1750 381 7

279 401 369 434 Post
399 401 563 434 Venerem
589 404 620 434 et
645 400 750 434 Maia
774 404 898 434 natum
924 404 976 443 te,
1002 400 1141 443 Luna,
1166 405 1363 443 vayantem.

398 457 640 497 Homines
672 457 901 511 alloquitur
930 461 1056 511 poeta
1086 458 1280 498 versibus
1310 459 1397 499 his.-

365 525 382 557 I
407 524 472 557 768
488 535 539 566 sq.
564 543 607 547 —
623 527 753 564 necte,
780 523 1000 557 Mavortia
1022 524 1156 567 viryo,
1183 525 1410 559 Praeterea-m
1427 545 1469 550 —
1495 525 1554 569 (de
1574 525 1754 560 Penthe-

281 579 399 613 silea
434 579 543 613 verba
579 579 695 622 fiunt).
720 581 733 622 ΙΙ
760 579 808 613 ΠΤ
844 579 977 613 50-53
1015 579 1103 623 Quis
1136 582 1174 614 te
1210 581 1356 614 Niliaco
1393 581 1594 625 periturum
1637 581 1752 626 litore,

279 636 451 678 Maqne,
474 635 533 679 (de
557 635 770 680 Pompeio
795 635 909 678 dicit).
927 637 940 678 11
958 636 986 669 V
1007 636 1073 670 175
1097 648 1147 680 sq.
1173 636 1304 679 quibus
1329 637 1572 681 aspirantibus
1597 637 1668 672 orti
1694 637 1755 680 Te,

282 692 512 734 Meleaqre,
548 692 675 726 colunt.
706 693 718 734 ΙΙ
755 691 787 724 V
816 691 884 725 300
926 692 1038 730 Teve,
1074 692 1331 732 Philoctete,
1369 693 1426 726 eui
1459 693 1580 727 malim
1615 693 1756 728 eredere

278 749 388 793 parti.
413 751 425 792 Η
448 749 477 783 V
501 749 679 783 560-562
705 748 967 791 Fleveruntque
1001 749 1061 787 (sc.
1087 749 1268 793 alcyones)
1293 753 1385 783 tuos
1410 751 1470 792 (se.
1497 750 1754 794 Andromedae)

281 804 486 841 miserando
521 807 674 841 carmine
712 816 819 840 casus
859 808 941 840 cett.
966 807 978 851 Η
1002 806 1030 840 V
1054 806 1120 840 588
1144 818 1220 850 sqq.
1246 806 1414 850 Infelix
1448 807 1566 852 viryo
1601 808 1755 851 (Andro-

276 864 391 906 meda)
419 883 460 888 —-
488 864 584 908 Quae
607 865 680 897 tua
704 867 787 896 tunc
811 863 935 906 fuerat
955 863 1072 907 facies
1097 865 1179 898 cett.

398 920 587 962 Sidera
615 920 815 961 Manilius
848 921 1094 975 alloquitur:

373 987 426 1022 III
442 987 508 1021 570
536 999 586 1031 sq.
638 987 768 1030 Tuque
786 986 841 1020 bis
859 990 1014 1029 octonos,
1043 986 1221 1027 Cancer,
1249 987 1418 1031 binosque
1442 988 1595 1029 trientes,
1621 988 1756 1033 Bisque

282 1053 413 1086 novem,
439 1043 668 1083 Nemeaee,
693 1042 815 1076 dabis
839 1061 880 1066 —
897 1043 911 1085 l!
934 1042 1029 1076 1696
1054 1046 1224 1086 —teque,
1249 1043 1340 1076 unde
1362 1043 1559 1087 profectus,
1587 1044 1753 1080 Cassie-

277 1099 369 1143 pia,
413 1103 547 1142 petens.
573 1100 586 1141 11
615 1099 650 1133 II
682 1098 748 1132 252
788 1099 918 1142 Tuque
959 1102 1055 1141 tuo,
1097 1098 1379 1142 Capricorno,
1409 1100 1490 1144 yelu
1513 1104 1728 1136 contractus.
1745 1101 1758 1146 ΙΙ

282 1154 315 1187 II
327 1153 654 1197 417—C'ancerque
671 1153 768 1193 tibi,
788 1152 1424 1197 Capricorne‚repuqnat.1111553
1441 1158 1522 1190 —et
1538 1159 1591 1197 te,
1608 1155 1757 1200 Capri-

285 1220 424 1252 corne,
459 1212 638 1255 riyentem.
665 1211 679 1252 {l
706 1210 740 1243 II
763 1209 829 1243 563
855 1209 956 1243 Haec
991 1210 1120 1250 eadem,
1162 1210 1446 1253 Capricorne,
1486 1212 1574 1246 tuis
1613 1212 1758 1247 inimica

284 1267 460 1310 feruntur.
483 1267 496 1309 Η
521 1266 573 1300 ΠΙ
601 1266 667 1299 576
702 1266 768 1299 Ter
803 1266 950 1309 quinos,
990 1266 1275 1310 Capricorne,
1300 1267 1439 1302 dares.
1457 1269 1470 1307 11
1486 1269 1533 1302 ΠΤ
1557 1268 1623 1303 243
1649 1268 1759 1304 Vesta

280 1328 383 1364 tuos,
413 1323 694 1366 Capricorne,
717 1323 990 1368 fovet—ignes.
1009 1323 1086 1366 111V
1103 1323 1166 1357 791
1189 1323 1262 1366 Tu,
1291 1323 1566 1368 Capricorne,
1592 1324 1724 1370 reyis.
1747 1325 1760 1371 ΙΙ

283 1379 388 1414 V391
420 1378 503 1413 C'um
527 1380 621 1413 venit
644 1379 684 1413 in
709 1380 854 1424 reqione
878 1384 990 1420 tuae,
1019 1379 1300 1423 Capricorno,
1323 1380 1503 1425 fiqurae.11
1526 1382 1561 1416 Π
1584 1381 1649 1416 612
1674 1386 1759 1416 —et

281 1440 334 1477 te,
375 1436 601 1477 Centaure,
639 1438 786 1470 creatos.
816 1438 829 1479 ΙΙ
863 1436 911 1470 ΠΤ
935 1436 1000 1470 589
1036 1436 1168 1480 Teque,
1204 1436 1357 1471 Helice.
1389 1438 1401 1480 ΙΙ
1434 1437 1470 1471 Π
1499 1437 1565 1472 623
1603 1448 1759 1482 —quam

282 1493 335 1533 te,
380 1492 420 1525 N
426 1503 600 1534 emeaee,
636 1492 700 1526 sub
731 1502 815 1526 uno.
843 1494 856 1535 ΙΙ
887 1492 934 1526 IV
971 1492 1037 1526 335
1073 1504 1124 1536 sq.
1149 1493 1320 1526 —vicina
1359 1493 1484 1527 relicta
1528 1495 1581 1528 est
1621 1493 1758 1535 Vicina,

286 1549 505 1591 Nemeuee,
529 1548 789 1592 tibi.1}IV464
804 1549 860 1583 Tu
883 1559 1017 1592 quoque
1032 1569 1083 1591 —‚
1108 1549 1327 1593 Nemeaee,
1352 1569 1393 1574 -—
1407 1549 1591 1584 timendus.
1609 1551 1623 1593 ΙΙ
1637 1550 1759 1585 IV706

291 1605 342 1639 Te
358 1606 534 1649 scapulae,
560 1605 601 1639 N
605 1616 781 1647 emeaee,
804 1609 942 1648 vocant,
966 1607 1077 1648 teque
1100 1606 1176 1648 ilict,
1207 1606 1344 1649 Virqo.
1362 1608 1375 1649 Η
1391 1605 1439 1640 ΠΤ
1452 1606 1516 1640 759
1538 1606 1759 1652 —Phryyia,

283 1663 514 1711 Nemeaeq,
536 1662 709 1705 potiris.
727 1663 740 1705 ΙΙ
756 1662 809 1695 III
825 1662 890 1696 568
915 1662 1141 1705 -adpositis
1167 1666 1226 1705 tu,
1254 1662 1406 1702 Taure,
1438 1662 1572 1697 duobus
1601 1663 1734 1698 Vincis.
1749 1662 1761 1708 ΙΙ

281 1718 329 1752 IV
353 1717 420 1752 360
444 1718 581 1761 Perque
604 1717 715 1751 decem
737 1717 873 1752 medias
895 1721 1028 1761 partes,
1054 1719 1109 1758 tu,
1142 1717 1293 1759 Tam-e,
1316 1719 1487 1760 receptus.

398 1774 632 1829 Scyllam
663 1778 898 1815 monstrum
929 1775 1156 1829 alloquitur
1185 1774 1408 1815 Manilius:

284 1841 332 1875 IV
356 1842 423 1875 605
455 1841 569 1885 Usque
593 1851 699 1875 canes
724 1841 781 1882 ad,
806 1841 968 1886 Scylla,
994 1844 1086 1875 tuos
1116 1861 1164 1875 —.
1216 1867 1218 1869 -

399 1898 435 1939 Ε
479 1898 789 1952 regionibus
834 1898 1022 1953 appellat
1063 1902 1192 1952 poeta
1223 1897 1424 1950 Galliam,
1472 1898 1760 1951 Germaniam,

286 1966 582 2007 Trasimenum
613 1967 774 2014 laeum;
805 1979 955 2006 versus
988 1970 1085 2006 sunt
1115 1966 1178 2006 hi:

373 2033 422 2066 IV
437 2032 504 2066 603
534 2032 655 2076 Teque
677 2031 717 2066 in
739 2032 868 2066 vicinis
892 2033 1099 2075 haerentem,
1125 2032 1287 2073 Gallia,
1314 2032 1430 2067 terris.
1447 2034 1460 2076 ῃ
1481 2033 1528 2066 IV
1545 2032 1612 2066 794
1641 2028 1764 2075 Teque

287 2088 379 2132 feris
404 2088 546 2131 dianam
571 2092 716 2131 tantum,
743 2087 985 2131 Germania,
1009 2090 1124 2132 eett.1l
1144 2089 1191 2123 IV
1216 2090 1259 2123 38
1284 2089 1438 2132 Postque
1464 2092 1579 2132 tuos,
1613 2087 1763 2122 Trasi-

287 2156 416 2186 mene,
441 2145 548 2178 lacus.

403 2201 600 2256 Denique
630 2216 684 2243 re
702 2217 719 2243 s
751 2202 909 2256 alloqui
940 2201 1094 2243 dicitur
1122 2199 1262 2257 poeta
1280 2201 1443 2242 duobus
1474 2201 1599 2242 loeis:

377 2269 424 2303 IV
447 2269 514 2302 453
539 2289 581 2292 —
600 2271 632 2303 et
656 2273 698 2303 tu
723 2269 900 2303 tricesima
924 2280 1080 2303 summa
1104 2280 1154 2312 es,
1180 2279 1251 2312 quo
1275 2269 1353 2302 loeo
1368 2268 1533 2302 Bentleio
1557 2267 1763 2302 adsentien-

288 2327 374 2361 dum
398 2328 452 2361 est
475 2326 630 2371 legenti:
656 2331 688 2361 et
713 2331 794 2361 tum
818 2326 998 2361 tricesima
1020 2337 1173 2360 summa
1198 2325 1311 2369 (codd.
1330 2335 1464 2359 summa
1491 2328 1540 2359 est
1566 2323 1763 2369 exhibent),

289 2385 325 2417 et
349 2383 398 2417 lv
422 2383 489 2416 488
514 2402 555 2406 —
580 2387 644 2417 aut
667 2393 740 2417 una
764 2394 854 2427 quae
879 2387 930 2425 te,
956 2383 1163 2417 vicesima
1189 2383 1248 2425 (sc.
1271 2383 1385 2426 pars),
1409 2380 1573 2425 fraudat.

880 2511 1168 2566 Asyndeta.

405 2595 614 2650 Asyndeti
646 2596 781 2649 figura
811 2595 944 2635 utitur
973 2593 1174 2635 Manilius
1205 2598 1277 2635 aut
1307 2595 1384 2643 ita,
1415 2598 1461 2635 ut
1493 2594 1764 2635 coniunctum

292 2665 346 2705 sit
376 2662 612 2718 asyndeton
645 2677 738 2704 eum
769 2661 1050 2718 polysyndeto
1083 2662 1218 2713 (velut
1245 2661 1266 2702 I
1289 2664 1353 2703 34.
1376 2664 1423 2703 91
1451 2676 1538 2717 sqq.
1575 2663 1651 2703 185
1673 2675 1762 2716 sqq.

296 2734 389 2775 249.
413 2733 494 2774 403
519 2745 580 2786 sq.
625 2730 670 2772 II
695 2733 784 2774 179.
821 2732 898 2772 198
923 2744 983 2786 sq.
1016 2732 1095 2771 290
1118 2744 1208 2786 sqq.
1232 2732 1466 2772 456-465,
1512 2729 1576 2771 ΠΤ
1600 2731 1762 2785 77,sqq.
