1936 3392
1097 313 1150 350 58

427 457 603 509 gicorum
639 455 812 495 carmina
844 454 905 494 vel
939 453 1046 494 caelo
1079 468 1192 507 posse
1225 453 1419 495 deducere
1452 455 1606 497 Lunam
1636 455 1817 496 diceban-

427 537 518 581 tur,
569 548 609 573 se
642 532 829 586 aggredi,
869 532 998 581 canit,
1034 531 1206 572 carmine
1238 532 1394 572 conscia
1419 532 1497 572 fati
1530 533 1682 581 sidera,
1715 545 1816 585 quae

426 611 553 650 varios
602 609 806 650 hominum
850 608 1174 663 praesignificent
1206 622 1341 658 casus,
1375 608 1554 650 caelestis
1586 614 1626 650 et
1659 608 1815 650 divinae

426 687 591 727 rationis
623 700 744 742 opus,
779 685 886 726 caelo
920 685 1127 725 deducere.
1192 685 1373 726 Siderum
1405 686 1518 739 signa
1550 690 1591 726 et
1611 685 1815 726 stellarum

427 763 756 818 planetarumque
804 777 940 803 cursus
988 761 1115 802 solum
1148 763 1305 803 novisse
1338 777 1477 817 parum
1511 778 1594 804 esse
1605 779 1617 813 3
1655 762 1816 818 penitus

427 855 512 882 esse
534 839 883 895 pervestigandum
901 839 1314 894 perscrutandumque
1331 839 1538 889 mundum,
1557 843 1600 879 ut
1618 838 1816 892 quomodo

427 919 605 959 omnium
653 917 920 958 animantium
968 921 1092 957 sortes
1133 922 1172 957 et
1204 917 1286 957 fata
1318 923 1480 970 generet
1512 921 1706 970 regatque
1737 930 1817 958 cer·

427 1008 580 1035 namus.
610 994 635 1048 ¹)
691 995 824 1046 Atque
856 992 952 1041 hoc,
986 990 1066 1042 ait,
1100 1007 1308 1047 possumus
1332 993 1520 1045 quoniam
1542 1006 1694 1034 summa
1715 993 1817 1033 ratio

426 1071 507 1111 sive
540 1070 658 1119 deus,
694 1070 763 1123 qui
797 1068 946 1109 mundo
979 1070 1105 1118 inest,
1140 1076 1181 1109 et
1207 1070 1340 1110 omnia
1363 1068 1626 1118 administrat,
1652 1068 1817 1123 dignata

427 1154 488 1188 est
534 1162 573 1187 se
622 1148 707 1201 ipsa
739 1145 990 1194 hominibus,
1025 1144 1169 1199 quibus
1203 1150 1262 1186 est
1294 1152 1334 1186 et
1366 1145 1542 1187 mundus
1573 1147 1615 1187 in
1647 1145 1745 1201 ipsis
1777 1150 1818 1187 et

428 1225 498 1278 qui
532 1224 712 1278 exempla
744 1229 839 1264 sunt
872 1223 935 1264 dei
966 1223 1007 1264 in
1042 1224 1216 1278 imagine
1240 1238 1358 1278 parva
1379 1223 1432 1276 ²),
1472 1223 1624 1264 ratione
1648 1223 1818 1278 praediti

427 1302 492 1342 cui
514 1301 623 1342 nulla
645 1302 837 1342 resistunt
860 1301 1033 1342 claustra
1056 1300 1106 1356 ³),
1133 1302 1284 1356 aperire
1305 1306 1345 1342 et
1367 1300 1553 1341 revelare.
1573 1301 1603 1355 ⁴)
1638 1300 1815 1342 Primum

427 1383 560 1420 autem
594 1383 737 1420 natura
768 1378 929 1433 regibus
961 1394 1002 1419 se
1034 1378 1218 1428 reclusit,
1254 1378 1323 1432 qui
1346 1378 1568 1433 proximum
1597 1378 1660 1419 dei
1683 1382 1820 1433 poten-

428 1457 508 1497 tiae
554 1455 686 1497 locum
734 1460 942 1504 tenerent,
991 1455 1134 1496 deinde
1177 1455 1474 1506 sacerdotibus,
1524 1455 1701 1510 „quibus
1733 1455 1820 1511 ipsa

427 1533 601 1588 potentis
649 1533 824 1574 numinis
872 1533 1054 1574 accendit
1087 1539 1235 1574 castam
1268 1533 1493 1588 praesentia
1536 1531 1754 1575 mentem.'’
1785 1533 1816 1586 ³)

428 1610 574 1652 Utrum
622 1612 664 1652 in
708 1610 927 1665 Babylonia
971 1625 1022 1651 an
1070 1612 1111 1652 in
1159 1614 1343 1665 Aegypto
1375 1610 1588 1665 astrologia
1619 1611 1730 1666 prius
1761 1611 1819 1652 in·

430 1693 548 1729 venta
578 1689 632 1729 sit
663 1694 780 1743 poeta
811 1703 892 1728 non
925 1688 1150 1739 diiudicat..
1198 1688 1376 1729 Omnino
1408 1692 1573 1743 apparet
1606 1687 1816 1729 Manilium

429 1766 494 1805 hic
527 1781 594 1815 ea,
629 1780 728 1818 quae
761 1781 784 1805 a
814 1765 1087 1806 sacerdotibus
1120 1766 1408 1820 Aegyptiorum
1443 1770 1483 1806 et
1505 1765 1817 1821 Babyloniorum

430 1843 479 1884 de
511 1843 679 1897 antiqua
710 1843 875 1884 historia
906 1857 1066 1884 suarum
1090 1843 1307 1897 patriarum
1330 1843 1479 1884 tradita
1500 1847 1635 1894 erant,
1664 1843 1818 1886 referre.

428 1919 612 1974 Utrique,
645 1922 750 1961 enim
782 1919 997 1962 narrabant
1029 1921 1144 1970 deos,
1195 1921 1262 1974 qui
1296 1920 1456 1974 regibus
1488 1921 1791 1975 praecessissent
1806 1952 1818 1970 ,

428 1998 607 2039 homines
640 1998 796 2038 erudire
830 1998 1004 2054 coepisse
1027 1998 1081 2051 ὕ);
1118 1999 1157 2038 hi
1190 1998 1247 2039 dii
1282 1997 1357 2052 ipsi
1389 2012 1479 2038 cum
1513 1997 1595 2038 sole
1627 2003 1667 2039 et
1693 1997 1820 2038 stellis

430 2074 478 2116 ab
510 2076 561 2116 iis
593 2076 916 2125 confunduntur,
966 2075 1216 2116 sacerdotum
1250 2075 1416 2116 scientia
1447 2080 1488 2115 et
1519 2076 1737 2116 auctoritas
1770 2074 1820 2114 ad

428 2152 733 2194 remotissimam
782 2153 1066 2207 antiquitatem
1115 2153 1306 2201 refertur3
1356 2156 1445 2207 post
1477 2167 1589 2206 reges
1619 2165 1820 2192 summum

430 2230 563 2271 locum
595 2229 857 2284 occupabant.

490 2306 618 2361 Reges
656 2311 696 2347 et
727 2307 950 2348 sacerdotes
983 2322 1071 2347 cum
1106 2307 1204 2348 deus
1237 2322 1348 2347 suam
1383 2308 1425 2347 in
1458 2306 1608 2347 mundo
1639 2320 1820 2361 praesen-

430 2385 525 2432 tiam
559 2382 782 2434 docuisset,
826 2399 905 2437 quo
938 2385 1087 2425 factum
1121 2391 1228 2434 erat,
1265 2389 1309 2425 ut
1342 2383 1567 2425 mortalium
1602 2383 1706 2424 oculi
1739 2384 1821 2424 ani-

478 2623 500 2662 ι)
547 2626 578 2660 1,
605 2626 641 2654 15
667 2633 753 2660 seqq.

477 2683 502 2721 2)
550 2685 607 2719 lv,
632 2685 704 2714 894.

475 2744 500 2778 ³}
548 2746 579 2780 1,
604 2732 675 2774 542.

477 2804 500 2838 ⁴}
547 2805 577 2840 1,
601 2804 738 2836 25-40.

475 2863 499 2896 ⁵}
547 2866 578 2899 1,
603 2865 652 2894 48.

479 2924 503 2957 ⁸)
550 2925 694 2954 Duncker
718 2924 828 2954 Gesoh.
854 2924 908 2952 des
934 2923 1070 2952 Alterth.
1098 2923 1130 2955 1,
1160 2924 1213 2953 14.
1245 2924 1317 2951 181.
1348 2923 1423 2953 166,
1449 2923 1520 2951 207.
