1936 3392
1158 272 1209 312 18

483 414 617 455 Instar
660 415 735 455 erit
774 413 935 469 populi,
985 418 1151 468 totaque
1185 412 1382 454 habitabit
1416 414 1457 454 in
1491 412 1587 454 urbe
1619 413 1762 455 limina
1793 429 1878 469 per-

483 490 676 541 volitans,
700 505 903 545 unumque
926 505 994 545 per
1015 490 1150 532 omnia
1170 489 1334 531 verbum
1357 504 1472 531 mane
1493 490 1695 532 salutandi
1714 495 1876 546 portans

484 569 703 610 communis
735 568 930 611 amicus.'’
955 569 981 623 ¹)

544 645 806 687 Nemesianus
837 645 923 687 Ecl.
958 645 992 686 Ι.
1023 647 1078 687 40
1102 643 1300 686 scribens:
1326 645 1434 694 „iam
1456 645 1489 686 si
1510 644 1700 687 sublimes
1720 647 1875 688 animae

482 722 668 764 caelestia
698 723 849 779 templa
879 723 1131 776 sidereasque
1164 721 1300 763 colunt
1333 722 1445 763 sedes
1478 722 1707 776 mundoque
1739 723 1875 764 fruun-

525 853 549 888 1)
595 854 687 884 Plura
722 863 738 884 e
772 854 907 884 Fir-mico
942 853 1080 884 contulit
1115 853 1252 883 Bechert
1281 853 1510 891 et‘pleraque,
1537 861 1616 890 quae
1639 853 1818 890 congruunt
1841 853 1872 883 in

481 916 615 951 utroque
649 914 803 951 scriptore
841 914 1017 951 composuit
1041 912 1195 949 Scaliger,
1228 913 1282 949 qui
1306 912 1472 942 Firmicum
1495 912 1726 950 paraphrastae
1747 912 1874 943 nomine

480 973 638 1009 designat.
671 972 701 1002 Si
732 973 836 1002 autem
866 972 1018 1001 Firmicus
1053 980 1071 1000 a
1100 971 1232 1000 Manilio
1265 971 1426 1008 discrepat
1459 971 1546 1000 illum
1576 971 1660 1000 hunc
1689 978 1752 1000 non
1780 970 1874 1000 intel-

479 1032 593 1062 lexisse
625 1033 781 1062 exclamat
806 1032 955 1068 Scaliger.
1002 1032 1042 1060 Et
1066 1031 1171 1061 facilis
1196 1031 1320 1067 quidem
1345 1031 1422 1061 haec
1446 1031 1530 1061 ratio
1554 1030 1610 1060 sed
1634 1030 1701 1060 viro
1722 1029 1872 1068 prudenti

481 1092 620 1128 indigna.
667 1092 759 1129 Quasi
793 1092 941 1121 Manilius
975 1092 1053 1121 haec
1084 1091 1316 1129 apotelesmata.
1339 1091 1498 1121 invenerit
1521 1099 1622 1128 neque
1645 1090 1701 1121 alii
1729 1090 1871 1120 sexcenti

480 1151 667 1181 exstiterint
712 1152 784 1181 libri
829 1152 958 1181 eandem
1001 1160 1066 1181 rem
1105 1152 1303 1186 tractantes,
1350 1160 1366 1181 e
1406 1151 1518 1188 quibus
1555 1151 1707 1181 Firmicus
1744 1150 1872 1181 haurire

479 1211 649 1248 potuisset.
696 1212 880 1241 Huiusmodi
916 1212 1020 1241 autem
1056 1212 1238 1241 sententias
1274 1212 1312 1242 de
1343 1211 1480 1241 siderum
1506 1211 1624 1241 viribus
1647 1211 1682 1240 in
1705 1211 1871 1240 humanam

479 1271 596 1300 sortem
621 1279 682 1300 non
706 1271 835 1299 multum
861 1271 946 1300 inter
969 1279 1001 1300 se
1026 1270 1152 1300 differre
1176 1270 1336 1308 potuisse.
1361 1270 1431 1308 ipsa
1454 1279 1504 1300 res
1527 1270 1618 1300 fidem
1639 1269 1737 1305 facit3
1754 1278 1826 1300 nam
1842 1269 1869 1299 si

480 1339 539 1367 qua
574 1330 637 1360 alia
672 1331 748 1360 haec
784 1339 858 1360 sane
893 1340 944 1360 ars
980 1331 1179 1360 inventorum
1213 1331 1409 1360 auctoritate
1433 1330 1615 1365 nitebatur,
1641 1331 1737 1368 atque
1760 1338 1814 1360 ore
1837 1331 1871 1360 et

479 1390 610 1427 scriptis
634 1399 734 1428 paene
758 1391 925 1420 immutata
948 1376 1154 1432 tradebatur)
1191 1391 1230 1420 cf.
1267 1391 1457 1420 Lenormant
1481 1390 1538 1420 sub
1562 1398 1638 1420 voce
1661 1389 1812 1420 Chaldaei
1837 1390 1869 1419 in

478 1450 696 1480 Dictionna-ire
731 1451 786 1480 des
821 1451 1005 1487 Antiquites
1039 1451 1197 1488 Grecques
1231 1452 1265 1480 et
1299 1450 1477 1480 Romaines.
1537 1450 1675 1480 Becher-t
1709 1450 1870 1487 componit

478 1510 570 1540 Firm.
603 1510 675 1540 VIII
708 1519 775 1548 cap.
809 1512 844 1540 ss:
893 1511 948 1546 „In
973 1511 1085 1541 arietis
1110 1512 1201 1549 parte
1225 1511 1348 1541 decima
1371 1511 1473 1540 oritur
1497 1510 1597 1540 navis.
1644 1509 1675 1540 Si
1701 1509 1771 1547 quis
1794 1518 1868 1547 ergo

477 1570 602 1600 oriente
638 1571 696 1599 hac
726 1572 818 1607 parte
843 1571 937 1600 natus
960 1570 1076 1605 fuerit,
1102 1593 1108 1600 .
1134 1593 1141 1600 .
1167 1593 1174 1600 .
1199 1571 1262 1600 erit
1286 1571 1495 1607 gubernator,
1519 1570 1684 1600 nauclerus
1707 1592 1715 1599 .
1739 1592 1746 1599 .
1772 1592 1779 1599 .
1804 1591 1812 1599 .
1835 1570 1870 1599 et

478 1630 529 1666 qui
565 1639 654 1659 omne
690 1630 775 1660 vitae
799 1639 874 1659 suae
899 1630 1036 1667 spatium
1061 1630 1193 1660 marinis
1217 1639 1340 1668 semper
1363 1631 1455 1668 optet
1477 1629 1606 1660 actibus
1629 1629 1810 1668 implicare’'
1836 1630 1869 1658 et

478 1689 600 1718 Manilii
626 1690 667 1723 V,
691 1690 749 1718 38:
784 1689 864 1725 „Sed
890 1698 955 1719 cum
980 1690 1080 1727 prima
1104 1698 1178 1720 suos
1199 1690 1314 1728 puppis
1339 1690 1502 1726 consurgit
1518 1690 1551 1719 in
1567 1689 1651 1726 ignis
1667 1705 1702 1710 -
1718 1689 1870 1726 quattuor

478 1749 509 1778 in
546 1751 654 1786 partes
690 1758 754 1779 cum
791 1749 941 1786 Corniger
976 1750 1092 1779 extulit
1127 1759 1182 1780 ora
1220 1767 1254 1771 —
1294 1750 1350 1779 illa
1374 1749 1516 1786 quisquis
1539 1749 1603 1779 erit
1626 1749 1722 1779 terris
1744 1749 1869 1779 oriente

478 1811 619 1840 creatus.
655 1810 759 1838 rector
795 1810 856 1838 erit
892 1810 1006 1847 puppis
1042 1810 1190 1846 clavoque
1226 1809 1396 1839 immobilis
1430 1810 1563 1839 haerens
1593 1809 1733 1839 mutabit
1755 1809 1868 1847 pelago

477 1870 582 1898 terras
605 1869 770 1905 ventisque
795 1870 943 1905 sequetur
967 1870 1158 1899 fortunam.”
1188 1869 1370 1900 Similitudo
1394 1869 1447 1899 hic
1463 1869 1556 1899 obvia
1572 1877 1635 1899 non
1651 1877 1688 1899 ea
1703 1869 1772 1904 est,
1789 1877 1869 1906 qnae

477 1929 568 1958 nobis
602 1928 791 1965 persuadeat
826 1928 991 1958 Firmicum
1025 1930 1188 1959 Manilium
1219 1930 1294 1959 ante
1317 1929 1424 1959 oculos
1446 1929 1612 1962 habuisse;
1647 1929 1780 1964 uterque
1803 1928 1870 1958 suis

478 1989 581 2018 verbis
612 1989 694 2018 artis
725 1989 844 2018 dictum
876 1989 1043 2026 expressit.
1089 1989 1170 2027 Quin
1201 1990 1262 2019 imo
1293 1989 1447 2020 Firminus
1478 1997 1545 2019 cum
1573 1988 1756 2027 scripserit:
1789 1988 1869 2024 „hoc

477 2049 564 2078 astro
599 2048 723 2078 oriente
760 2049 941 2078 Salmoneus
972 2051 1005 2078 et
1035 2049 1297 2087 Bellerophontes
1321 2059 1338 2079 a
1361 2049 1476 2087 priscis
1499 2034 1686 2079 auctoribus
1706 2048 1775 2078 nati
1799 2057 1869 2078 esse

477 2106 685 2142 narrantur'’,
721 2109 826 2136 tamen
867 2108 939 2137 inde
979 2117 1040 2138 non
1081 2108 1224 2138 evincere
1266 2109 1376 2146 potest
1413 2107 1551 2137 Bechert
1587 2107 1674 2136 illum
1705 2105 1867 2136 Manilium

477 2166 598 2196 imitari
634 2167 824 2196 scribentem
864 2168 901 2202 V,
937 2168 995 2198 91:
1033 2168 1128 2204 „hinc
1164 2168 1242 2197 mihi
1268 2167 1451 2197 Salmoneus
1474 2188 1483 2197 .
1507 2188 1515 2196 .
1539 2188 1548 2196 .
1572 2167 1743 2203 generatus
1765 2166 1869 2204 possit

478 2226 610 2261 haberi,
634 2227 694 2256 hoc
719 2227 858 2263 genitum
884 2228 993 2257 credas
1017 2228 1054 2257 de
1079 2228 1182 2257 sidere
1206 2228 1513 2265 Bellerophontem.’'

520 2286 691 2322 Utrumque
715 2287 753 2316 ab
778 2287 950 2323 astrologis
977 2287 1105 2325 saepius
1130 2287 1364 2317 commemorari
1388 2287 1421 2316 et
1445 2287 1604 2323 tamquam
1627 2285 1770 2324 exempla
1792 2285 1867 2324 poni

477 2353 538 2374 non
562 2346 672 2375 mirum
697 2347 764 2380 est;
790 2346 829 2375 cf.
855 2355 933 2382 quae
958 2347 995 2376 de
1021 2347 1268 2385 Bellerophonte
1292 2346 1340 2376 ait
1363 2346 1489 2376 Lucian.
1514 2346 1552 2376 de
1579 2345 1696 2376 Astrol.
1725 2354 1793 2384 cap.
1819 2345 1868 2375 13.

521 2405 579 2435 Sed
604 2407 705 2435 artum
722 2407 771 2435 est
788 2406 945 2435 vinculum
963 2406 1048 2436 inter
1064 2407 1146 2437 hanc
1164 2406 1381 2444 quaestionem
1399 2406 1433 2436 et
1449 2405 1598 2436 iudicium
1609 2428 1616 2441 ,
1634 2406 1716 2442 quod
1732 2405 1870 2435 Bechert

476 2465 554 2494 tulit
578 2465 615 2494 de
638 2465 766 2494 Firmici
792 2466 934 2495 fontibus
958 2475 1125 2503 eorumque
1148 2475 1216 2497 usu.
1263 2467 1400 2504 Scripsit
1423 2467 1504 2496 enim
1529 2475 1598 2504 pag.
1618 2466 1674 2496 19:
1715 2466 1868 2504 „Quorum

476 2524 610 2554 fontium
648 2525 721 2561 quin
758 2525 811 2554 ille
846 2525 1010 2563 plerosque
1042 2526 1263 2556 fraudulenter
1285 2525 1353 2563 ipse
1378 2525 1521 2560 finxerit,
1547 2525 1720 2555 ceterorum
1743 2525 1868 2561 autem,

476 2591 604 2620 quorum
641 2584 748 2614 aditus
776 2594 809 2614 re
833 2594 905 2614 vera
930 2586 957 2614 ei
981 2585 1107 2622 patuit,
1142 2586 1193 2615 vix
1218 2594 1310 2615 unum
1335 2585 1469 2620 adierit,
1494 2585 1523 2615 ei
1547 2593 1609 2615 non
1633 2585 1760 2614 dubium
1785 2574 1868 2615 vide-

475 2643 581 2678 bitur,
617 2644 669 2680 qui
705 2644 846 2680 quamvis
880 2644 1062 2681 refragante
1098 2645 1201 2675 animo
1238 2646 1270 2675 in
1305 2645 1439 2675 maxime
1473 2644 1614 2675 sterilem
1651 2644 1736 2674 illum
1761 2653 1867 2681 agrum

476 2703 649 2740 exspatiari
686 2704 719 2732 et
754 2703 914 2739 quaslibet
947 2704 1040 2734 binas
1074 2705 1207 2742 paginas
1243 2705 1340 2734 ieiuni
1366 2705 1452 2734 illius
1476 2705 1571 2741 atque
1595 2703 1678 2734 aridi
1702 2703 1869 2742 scriptoris

476 2762 635 2799 perlegere
671 2771 780 2800 passus
810 2763 904 2792 erit.'’
952 2764 1106 2794 Indicium
1141 2765 1225 2794 iusto
1250 2764 1408 2798 severius,
1431 2764 1479 2794 vel
1504 2764 1612 2802 potius
1634 2763 1766 2799 falsum,
1801 2771 1867 2793 cum

476 2822 573 2852 latum
611 2823 655 2852 sit
690 2823 727 2852 de
764 2823 854 2852 rebus
890 2824 923 2852 et
957 2824 1089 2861 scriptis
1126 2826 1216 2854 nobis
1253 2825 1383 2861 ignotis.
1430 2824 1570 2854 Ieiunum
1599 2832 1668 2854 esse
1690 2825 1723 2853 et
1746 2822 1866 2853 aridum

478 2883 509 2910 et
534 2882 701 2918 gloriosum
727 2883 913 2920 scriptorem
941 2883 971 2911 et
997 2885 1140 2914 sterilem
1167 2894 1291 2919 agrum.
1314 2892 1402 2920 quem
1422 2883 1522 2915 colat.
1545 2892 1633 2914 nemo
1650 2882 1795 2920 negabit.
1812 2883 1865 2912 sed
