1930 3320
756 325 970 366 -59-

107 427 201 467 quae
229 414 319 454 sola
347 413 400 454 ad
433 412 648 453 scientiam
682 417 886 466 spectant.
913 414 1014 454 Inde
1045 413 1251 454 immensa
1283 414 1477 467 quaedam
1510 415 1608 455 sub-

107 479 220 519 ditur
233 478 510 527 enumeratio,
530 491 628 530 qua‚
652 478 934 531 philosophiae
956 479 1141 527 nomine,
1164 479 1385 520 rhetoricae
1404 481 1613 520 facundiae

106 545 179 585 dat
213 544 415 592 habenas,
448 543 549 583 dum
581 555 834 595 magnorum
864 544 1050 584 virorum
1082 545 1221 584 sedem
1253 544 1433 585 lacteum
1464 546 1609 586 orbem

107 622 195 650 esse
226 608 475 662 suspicatur,
507 621 767 661 magnosque
799 609 911 649 viros
942 610 994 649 ab
1026 609 1185 649 Achille
1209 610 1261 649 ad
1290 609 1512 658 Gaesarem,
1536 623 1612 651 sua

107 686 316 728 quemque
344 685 392 712 ac
420 673 641 725 splendida
667 674 875 713 sententia
900 678 1108 723 notatum,
1138 675 1415 727 persequitur.
1441 677 1499 714 Ex
1526 689 1610 728 quo

107 751 193 779 non
218 737 373 790 injuria
393 738 565 790 colligat
585 738 752 790 aliquis,
775 752 861 779 non
888 752 913 779 a
936 739 1104 779 Manilio
1131 740 1175 778 in
1202 739 1451 790 explicanda
1480 745 1612 781 astro-

107 803 250 844 nomia
284 803 422 856 ipsam
460 804 764 844 astronomiam
798 805 946 857 quaeri‚
979 805 1053 844 sed
1086 817 1161 857 per
1192 804 1496 844 astronomiam
1529 805 1614 845 alia

109 869 302 922 quaedam
324 873 451 921 atque
471 868 531 908 illi
551 869 702 909 aliena.

162 935 244 974 Nec
266 935 357 986 jam
393 933 497 973 illud
529 934 571 973 in
604 934 909 975 dubitationem
942 935 1228 975 revocandum
1261 935 1355 983 erit,
1384 938 1610 987 postquam

108 1012 239 1039 unum
259 1000 432 1052 insuper
451 999 591 1039 locum
613 999 810 1049 attulero,
827 999 871 1038 in
890 1012 973 1056 quo
995 1012 1079 1039 non
1099 999 1344 1052 imprudens
1365 1000 1416 1039 ab
1438 999 1611 1040 Eudoxo

107 1063 264 1104 tradita
295 1065 535 1103 immutavit
563 1077 572 1104 ε
605 1077 687 1117 qua
716 1065 1009 1104 immutatione
1037 1077 1180 1103 sensus
1206 1064 1343 1104 omnis
1373 1077 1420 1105 ac
1458 1065 1611 1105 veritas

107 1129 274 1168 sublata
294 1132 370 1168 est.
388 1129 585 1168 Eudoxus
603 1133 758 1178 autem,
780 1141 873 1168 cum
896 1129 1066 1169 doceret
1083 1129 1164 1168 diei
1184 1130 1400 1181 noctisque
1420 1134 1613 1183 tempora

105 1193 333 1245 inaequalia
359 1206 434 1246 per
463 1206 619 1233 annum
654 1207 756 1246 esse,
784 1197 843 1243 ut,
870 1194 1227 1246 quemadmodum
1257 1199 1489 1234 crescerent
1516 1208 1610 1235 rur-

107 1270 259 1310 susque
276 1258 580 1306 minuerentur,
598 1259 792 1311 exemplo
812 1259 1056 1306 illustraret,
1074 1272 1198 1312 quem
1220 1260 1358 1299 locum
1378 1260 1609 1311 accolebat,

106 1323 288 1364 Gnidum
310 1323 448 1374 elegit,
471 1328 512 1363 et
539 1324 753 1376 quomodo
772 1324 829 1363 ibi
851 1337 926 1376 per
947 1324 1047 1363 anni
1064 1328 1257 1376 tempora
1277 1324 1364 1363 dies
1382 1329 1610 1377 noctesque

107 1401 150 1428 se
167 1388 385 1438 haberent,
403 1389 584 1440 solisque
602 1389 655 1428 ad
671 1402 939 1440 progressum
957 1401 1275 1440 regressumque
1290 1389 1607 1440 responderent,

108 1457 301 1493 accurate
323 1453 543 1492 demensus
567 1459 641 1492 est.
664 1454 716 1492 At
733 1458 858 1505 poeta
876 1457 1016 1493 noster
1037 1453 1327 1502 scholasticus,
1345 1466 1439 1493 cum
1458 1467 1609 1506 angus-

107 1522 197 1558 tam
218 1517 504 1570 humilemque
529 1518 694 1558 Eudoxi
714 1519 894 1570 patriam
920 1523 1149 1570 sperneret,
1175 1522 1375 1570 tanquam
1405 1531 1490 1558 non
1518 1532 1608 1558 ma-

109 1595 235 1635 gnam
270 1582 520 1635 eloquentiae
554 1583 776 1622 materiam
813 1583 1035 1635 praeberet,
1065 1596 1281 1622 mensuras
1315 1597 1475 1632 omnes,
1504 1583 1607 1623 nihil

109 1648 278 1701 quidem
299 1648 558 1697 immutatas,
573 1660 598 1687 a
618 1647 751 1687 Gnido
771 1648 824 1687 ad
844 1649 1072 1700 AEgyptum
1095 1649 1319 1696 transtulit,
1340 1649 1480 1700 sicque
1498 1649 1610 1687 viam

108 1713 187 1752 sibi
207 1712 372 1765 aperuit
392 1712 443 1751 ad
465 1713 736 1768 pangendam
755 1713 834 1751 Nili
855 1713 1179 1764 descriptionem
1198 1713 1520 1766 grandiloquam
1544 1726 1552 1752 :

297 1835 420 1882 Atque
439 1834 521 1870 haee
540 1834 622 1870 illas
643 1837 700 1870 est
720 1834 878 1870 demum
898 1846 1080 1871 mensura
1100 1846 1170 1881 per
1189 1846 1288 1879 oras,

298 1887 400 1930 Quas
420 1886 521 1935 rigat
538 1886 677 1923 aestivis
697 1887 874 1934 gravidus
894 1888 1127 1923 torrentibus
1149 1888 1274 1924 amuis

296 1940 418 1985 Nilus,
434 1942 472 1976 et
492 1951 696 1986 erumpens
712 1940 883 1976 imitatur
902 1941 1028 1976 sidera
1046 1941 1182 1977 mundi

299 1993 370 2028 Per
388 1995 537 2040 septem
555 1993 688 2028 fauces
707 1995 822 2040 atque
843 2005 911 2029 ora
930 1994 1101 2041 fugantia
1119 1996 1280 2041 pontum
1298 1997 1323 2030 ¹.

112 2108 271 2149 Rhetor
287 2113 362 2158 est,
387 2110 457 2162 qui
477 2110 537 2150 ita
555 2110 746 2151 veritatis
765 2111 992 2151 observans
1012 2114 1087 2150 est.

850 2327 890 2370 II

162 2455 237 2496 Hic
266 2455 409 2496 forsan
433 2455 584 2508 aliquis
614 2455 770 2495 Manilii
803 2455 1089 2495 defensionem
1119 2453 1332 2506 suscipiet,
1354 2453 1481 2506 idque
1508 2465 1614 2505 pro-

108 2525 251 2574 ponet,
287 2521 589 2561 astronomiam
626 2533 710 2561 non
747 2521 801 2560 ob
838 2520 951 2560 aliud
988 2521 1040 2559 ab
1079 2532 1128 2559 eo
1167 2519 1294 2572 paulo
1334 2518 1618 2570 negligentius

109 2584 315 2634 habitam,
338 2598 463 2638 quam
490 2587 603 2638 quod
628 2586 867 2637 astrologiae
896 2598 1065 2626 omnem
1093 2585 1256 2624 dederit
1282 2596 1453 2637 operam
1476 2596 1484 2622 :
1508 2583 1614 2623 sicut

111 2651 254 2690 Romae
274 2650 339 2691 vel
362 2651 415 2690 ab
439 2651 655 2704 epicureis,
683 2651 751 2692 vel
774 2664 798 2691 a
815 2651 955 2691 stoicis
985 2663 1070 2690 non
1097 2650 1244 2690 eadem
1270 2662 1371 2689 cura
1394 2649 1611 2701 physicam

110 2715 315 2755 rationem
339 2719 562 2756 tractatam
590 2717 728 2766 fuisse,
752 2730 879 2770 quam
907 2716 1089 2756 ethicam
1117 2719 1158 2756 et
1184 2728 1278 2768 quae
1310 2715 1364 2754 ad
1392 2714 1615 2753 instituen-

106 2779 208 2835 -dam
228 2781 357 2820 vitam
379 2782 620 2834 pertineret.

155 2906 185 2937 1.
207 2906 314 2947 Man„
334 2907 487 2945 Astron„
510 2908 568 2949 111,
589 2910 662 2941 2⁴11.
