1910 3250
942 238 1220 283 ...26-

336 382 384 412 eo
407 367 626 422 confugere
650 363 776 408 coacti
805 379 955 418 sumuS,
988 369 1032 406 ut
1061 378 1134 421 per
1154 364 1231 407 hoe
1261 363 1442 417 verbum,
1474 361 1524 407 de
1545 377 1625 421 quo
1646 359 1824 406 surrexit

336 436 542 487 dubitatio,
589 449 680 475 eum
720 432 937 488 significari
980 447 1094 488 posse
1134 432 1324 485 dicamus,
1367 433 1436 488 qui
1466 432 1691 488 aegerrime
1717 432 1822 474 vinci

336 504 471 559 possit,
490 502 515 556 l)
550 501 613 542 vel
642 501 698 541 sic
724 501 1058 555 interpretemur:
1103 505 1223 553 mogo
1251 515 1295 541 er
1326 501 1445 551 (trotz
1475 501 1547 542 der
1576 499 1823 554 Niederlage

336 572 406 612 des
421 569 568 622 Varus)
583 569 819 622 ungebeugt
834 568 966 620 sein‚2)
978 566 1046 608 sed
1060 573 1270 623 poetarum
1282 567 1464 609 licentiae
1475 569 1552 610 hoc
1567 566 1822 609 tribuendum

337 645 408 690 est,
447 637 515 693 qui
546 650 837 692 saepenumero
867 635 1005 676 laudes
1036 635 1286 690 virtutesque
1324 650 1475 690 augere
1504 641 1543 677 et
1572 648 1824 690 exaggerare

335 706 478 748 solent.
491 706 523 758 3)
584 705 724 759 Ipsum
755 710 890 744 autem
921 704 1074 745 Invicti
1102 717 1247 744 nomen
1270 703 1583 759 appellationem
1604 702 1823 745 Caesarum

338 788 423 815 esse
463 771 725 814 honorificam
765 777 806 812 et
840 770 1105 812 adulatoriam
1146 785 1168 812 e
1196 770 1408 824 Finckei4)
1452 770 1728 812 dissertatione
1767 769 1825 810 di-

336 855 434 884 seas.
476 840 689 893 Augustus
710 852 831 894 porro
861 852 1006 892 graves
1028 837 1160 879 clades
1182 836 1281 878 duas
1301 837 1464 880 omnino
1489 852 1561 879 nec
1584 837 1677 878 alibi
1701 851 1823 893 quam

339 909 379 949 in
421 907 643 950 Germania
680 921 753 961 per
793 906 946 960 legatos
988 905 1155 961 accepit,
1195 904 1422 947 Lollianam
1463 912 1502 948 et
1542 905 1824 956 Varianam,⁵)

336 976 563 1030 legatorum
591 980 725 1015 autem
748 973 988 1014 detrimenta
1014 987 1094 1014 non
1119 972 1170 1013 ad
1193 972 1324 1028 ipsum
1347 972 1581 1028 Augustum
1613 971 1826 1014 referenda

337 1050 442 1086 sunt.
503 1041 695 1084 Ceterum
727 1040 774 1084 C.
802 1041 926 1082 Iulius
957 1039 1108 1082 Cacsar
1137 1055 1298 1096 quoque
1326 1047 1366 1082 et
1392 1040 1500 1096 apud
1525 1039 1826 1096 Dyrrhachium

340 1111 469 1151 victus
500 1116 540 1151 et
570 1109 847 1150 Alexandriae
886 1109 926 1149 in
964 1123 1121 1149 summo
1153 1107 1330 1162 periculo
1361 1114 1542 1150 versatus
1573 1114 1633 1149 est
1661 1122 1708 1149 ae
1737 1107 1826 1164 plus

338 1193 463 1218 unum
499 1183 608 1219 certe
645 1177 790 1233 edepol
830 1178 963 1217 susum
1002 1177 1267 1231 fugatumque
1296 1175 1398 1217 vidit
1435 1176 1683 1231 legatumzss)
1727 1174 1827 1215 nihi-

338 1245 511 1287 lominus
542 1259 733 1300 responsa
763 1244 857 1285 data
887 1244 1010 1285 fuisse
1038 1243 1275 1285 dicebantur
1304 1258 1376 1298 por
1395 1250 1523 1284 totum
1551 1243 1690 1285 orbem
1718 1241 1826 1283 nasei

338 1316 533 1355 infode-tum
555 1313 854 1368 imperatorem.
868 1312 903 1363 ⁷)
963 1311 1108 1367 Neque
1137 1325 1188 1352 ne
1209 1310 1392 1352 aberrem
1413 1326 1436 1351 a
1455 1325 1576 1366 scopo
1604 1309 1827 1351 timendum

338 1381 424 1433 erit,
454 1380 487 1421 si
521 1379 733 1420 Horatium
764 1379 844 1420 huc
873 1393 1086 1430 arcessam,
1116 1377 1185 1433 qui
1214 1377 1254 1417 in
1286 1392 1319 1420 c.
1351 1377 1416 1419 ΙΙΙ
1447 1378 1499 1419 27
1530 1377 1671 1419 Iovem
1701 1379 1828 1419 invic-

338 1453 423 1489 tum
461 1447 660 1504 appellat,
708 1454 752 1488 ut
792 1447 913 1488 deum
956 1448 1271 1501 omnipotentem
1312 1445 1523 1501 significet.
1593 1446 1827 1500 Augustum

338 1515 445 1557 enim
476 1530 567 1556 cum
598 1515 696 1557 Iove
726 1514 886 1571 saepius
916 1520 1193 1570 comparatum
1222 1519 1344 1570 atque
1375 1515 1495 1555 etiam
1527 1529 1600 1570 pro
1631 1514 1731 1556 Iove
1759 1514 1827 1556 ha-

339 1583 467 1625 bitum
490 1583 654 1639 eiusque
684 1582 847 1624 nomine
868 1588 1142 1637 nuncupatum
1171 1595 1257 1623 esse
1284 1587 1423 1637 postea
1445 1581 1677 1625 viderimus.
1713 1582 1828 1624 Bene

339 1665 502 1707 quoque
542 1651 711 1691 fortasse
740 1664 898 1691 mecum
936 1649 1083 1704 agitur,
1126 1649 1160 1689 si
1190 1648 1417 1690 adulatores
1447 1651 1648 1691 Invictum
1677 1649 1828 1691 dixisse

339 1718 576 1773 Augustum
596 1718 778 1774 suspicor
799 1732 930 1773 neque
951 1717 1059 1757 hunc
1079 1716 1311 1772 repudiasse
1332 1730 1478 1758 nomen
1499 1716 1766 1759 adulatorium
1780 1719 1826 1771 2⁸)

475 1818 506 1862 ¹)
531 1820 627 1852 velut
657 1819 893 1862 superlatione
926 1819 1075 1860 quadam
1109 1818 1263 1850 adhibita
1288 1818 1381 1860 apud
1413 1818 1581 1851 Iustinum
1608 1818 1682 1862 (12,
1711 1819 1762 1861 15,
1787 1817 1827 1862 4]

339 1876 383 1908 in
409 1881 589 1909 mortem
614 1877 786 1908 animus
811 1876 1012 1908 invictus
1039 1877 1171 1918 legitur.

474 1932 506 1976 ²]
533 1933 622 1965 hano
645 1933 933 1975 significationem
959 1933 1064 1966 habet
1087 1933 1286 1966 invictus
1311 1931 1402 1973 apud
1427 1932 1511 1965 Hor.
1528 1935 1590 1965 art.
1607 1935 1696 1975 poet.
1714 1943 1744 1965 v.
1766 1933 1828 1964 123

340 1990 410 2029 (sit
434 1990 588 2022 Medea
611 1990 1050 2030 feroxinviotaque).
1621 1975 1626 1978 Ι

474 2045 506 2088 3)
534 2047 588 2079 Ob
620 2047 657 2078 id
690 2047 798 2088 ipsum
831 2057 862 2078 v.
889 2046 970 2079 Hor.
1005 2049 1067 2078 sat.
1099 2047 1132 2077 11
1167 2047 1197 2086 1,
1235 2048 1273 2078 11
1307 2046 1532 2086 (Caesaris
1565 2045 1729 2077 invicti
1761 2054 1829 2077 res

340 2102 509 2145 dicere)
535 2103 579 2134 ad
604 2108 736 2144 tempus
762 2103 988 2142 statuendum,
1024 2113 1091 2143 quo
1118 2103 1201 2133 baec
1224 2106 1337 2134 satura
1368 2103 1553 2143 composita
1575 2103 1628 2143 sit,
1660 2101 1747 2133 nihil
1772 2111 1829 2133 va·

338 2160 408 2191 lere
433 2160 593 2201 putarim,
620 2170 771 2200 namque
796 2163 925 2191 certum
951 2159 1034 2190 mihi
1061 2162 1111 2191 est
1136 2159 1203 2190 iam
1222 2163 1303 2191 ante
1329 2159 1503 2191 Actiacam
1529 2168 1678 2201 pugnam
1698 2156 1828 2201 (a.3l]

341 2216 570 2248 Octavianum
594 2227 614 2247 a
639 2219 742 2256 poeta
767 2216 986 2247 invictum
1011 2215 1179 2257 appellari
1204 2215 1354 2256 potuisse
1378 2217 1550 2256 reportata
1567 2214 1743 2246 dumtaxat
1759 2214 1828 2245 vic-

341 2273 429 2305 toria
446 2273 561 2304 navali
587 2282 617 2303 a.
643 2274 686 2304 36
712 2272 771 2313 (cf.
797 2273 876 2305 Dio.
898 2272 990 2304 Cass.
1007 2273 1061 2313 49,
1090 2274 1131 2304 14
1149 2275 1183 2303 et
1203 2269 1275 2313 15),
1302 2272 1342 2303 of.
1360 2271 1463 2303 etiam
1482 2270 1684 2313 Kiesslingii
1701 2272 1828 2302 notam.

473 2328 506 2371 4)
533 2329 660 2361 Alfred.
686 2329 818 2360 Fineke
850 2329 892 2363 de
923 2328 1214 2371 appellationibus
1241 2328 1425 2360 Caesarum
1459 2326 1654 2360 honorificis
1687 2329 1721 2359 et
1744 2325 1828 2358 adu-

342 2386 473 2418 latoriis
498 2389 560 2417 etc.
585 2386 781 2427 Regimonti
808 2386 905 2417 1867.

474 2441 507 2485 ⁵]
533 2442 622 2483 quod
646 2445 827 2473 attestatur
852 2442 944 2474 Suet.
970 2442 1044 2476 Oct,
1070 2441 1123 2472 23.

473 2500 504 2538 θ)
531 2500 572 2530 cf.
596 2498 685 2530 Suet.
713 2498 786 2530 Oct.
811 2499 865 2530 36.

477 2554 508 2597 7)
532 2555 630 2586 Haeo
654 2565 674 2586 a
691 2553 856 2587 Suetonio
881 2554 918 2586 in
944 2553 1098 2587 Caesaris
1124 2553 1206 2593 vita,
1232 2553 1326 2585 cuius
1344 2552 1554 2594 principium
1581 2552 1740 2585 mutilum
1766 2557 1828 2596 est,

340 2622 359 2644 e
383 2611 634 2644 commentariis
660 2621 680 2642 a
697 2610 816 2643 Servio
842 2611 884 2642 ad
904 2609 1051 2652 Vergilii
1075 2609 1264 2641 Aeneidem
1294 2608 1353 2652 (cf.
1378 2611 1409 2649 6,
1438 2607 1521 2651 799]
1547 2608 1680 2652 scriptis
1703 2609 1830 2642 tradita

341 2670 444 2701 fuisse
469 2669 602 2701 scimus.

476 2723 508 2766 S]
536 2728 573 2756 ut
597 2723 794 2765 exemplum
819 2723 970 2764 afferam,
996 2723 1188 2754 blanditiae
1218 2726 1251 2755 et
1267 2722 1504 2755 assentationis
1522 2732 1624 2754 causa
1647 2722 1712 2755 hoe
1728 2733 1827 2755 voea-

340 2781 459 2814 bulum
492 2781 527 2812 in
554 2781 764 2823 panegyrico
797 2779 1019 2812 Constantino
1046 2779 1183 2812 Caesari
1209 2778 1239 2811 d.
1265 2779 1455 2811 adhibitum
1480 2782 1530 2812 est
1552 2779 1589 2810 iu
1615 2778 1828 2811 allocutione

343 2838 506 2875 Caesar
530 2838 722 2878 invicte,
749 2837 788 2868 cf.
814 2837 988 2873 Baehrens
1012 2846 1132 2884 paneg.
1158 2837 1231 2869 Lat.
1260 2837 1340 2878 Lps.
1367 2836 1466 2877 1874,
1490 2847 1524 2885 p.
1543 2835 1624 2875 148;
1649 2838 1828 2884 praeterea
