1930 3320
728 283 942 324 -47-

79 374 174 422 fuit,
193 373 281 413 fato
303 371 446 413 omnia
466 370 684 421 subjicere.
712 371 830 411 Multi
853 371 963 411 enim
984 375 1081 412 ante
1109 373 1320 412 Zenonem
1342 384 1514 424 gravem
1534 386 1584 414 ac

79 439 265 479 divinam
287 437 514 491 quamdam
538 436 581 475 in
602 436 725 476 rebus
751 437 948 477 humanis
974 437 1058 477 vim
1082 440 1340 490 putaverunt
1364 438 1583 491 explicari,

79 517 174 558 quae
195 507 346 544 cuncta
373 502 558 542 traheret
580 502 880 554 fortunamque
912 503 1061 555 cuique
1088 503 1351 551 informaret,
1377 507 1423 542 ut
1449 516 1585 556 neque

79 581 171 609 eam
193 568 362 616 mutari,
385 579 521 619 neque
545 567 581 606 ei
607 567 766 607 obstari
785 567 942 607 liceret.
974 568 1219 607 Homericus
1243 567 1399 608 scilicet
1420 569 1586 621 Jupiter

76 634 167 686 ipse
197 636 329 687 μοῖραν
363 632 484 682 colit,
519 632 919 685 dilectissimumque
961 633 1094 672 filium
1133 633 1314 685 exigenti
1353 634 1440 673 fato
1477 634 1580 675 dat:

78 711 206 752 quam
232 697 426 738 eamdem
452 698 632 738 ferream
653 697 812 751 ἀναγκὴν
834 699 1050 749 tragoediae
1078 699 1162 738 fere
1184 710 1330 738 omnes
1356 699 1399 737 in
1420 700 1585 752 magnis

77 763 255 803 heroum
293 776 340 803 ac
373 776 521 815 regum
560 762 692 803 ruinis
724 775 772 803 ac
812 763 987 803 miseriis
1023 762 1262 803 ostendunt.
1298 763 1419 814 Apud
1451 765 1582 804 Hero-

76 829 224 869 dotum
246 841 413 881 quoque
439 829 526 868 fato
554 829 697 880 urgeri
716 828 916 868 mortales
938 828 1130 881 plurimis
1153 827 1254 868 locis
1276 828 1548 879 intelligimus
1570 842 1581 870 ;

77 893 176 934 hinc
209 893 282 934 illa
313 894 406 947 ipsa
440 894 653 934 fluxerunt
678 894 872 946 exempla
901 893 1052 946 quibus
1079 893 1272 934 Manilius
1299 893 1434 933 satum
1461 906 1580 934 com-

78 960 231 1013 probat
253 971 263 1000 :

265 1077 385 1124 Inque
406 1087 500 1123 rogo
521 1077 692 1112 Croesum
699 1103 771 1111 .....

434 1157 505 1167 .....
530 1130 630 1172 Quid
649 1131 823 1174 Xerxem,
847 1129 975 1176 majus
1001 1132 1039 1165 et
1059 1129 1141 1176 ipso

263 1183 516 1230 Naufragium
542 1183 685 1231 pelago
707 1185 734 1219 ¹.

126 1295 213 1347 Age
233 1307 349 1344 vero,
372 1308 423 1334 ne
443 1294 665 1335 Graiorum
686 1294 857 1346 quidem
879 1293 1133 1346 sapientium
1162 1293 1236 1332 illa
1257 1292 1332 1332 fati
1352 1291 1468 1332 velut
1486 1290 1580 1331 reli-

76 1359 144 1410 gio
164 1359 243 1399 fuit
268 1374 276 1399 z
300 1360 443 1400 multis
462 1361 589 1400 etiam
612 1363 708 1399 ante
726 1360 862 1411 annis,
885 1372 979 1399 cum
1001 1359 1078 1398 seri
1098 1362 1138 1398 et
1158 1357 1305 1398 inculti
1323 1371 1398 1410 per
1419 1361 1581 1397 montes

75 1428 116 1464 et
142 1425 286 1464 littora
312 1425 481 1465 Graeciae
509 1429 713 1475 errarent,
745 1424 881 1464 omnis
907 1428 1049 1464 autem
1077 1423 1319 1463 humanitas
1342 1435 1470 1475 penes
1491 1434 1579 1470 eOS,

76 1490 147 1541 qui
183 1494 330 1543 postea
360 1490 530 1530 barbari
565 1489 767 1542 appellati
799 1493 910 1538 sunt,
935 1488 1127 1537 florebat,
1161 1488 1308 1528 eadem
1349 1488 1423 1527 illa
1454 1486 1577 1527 Chal-

75 1554 155 1594 daei
185 1556 380 1607 docuere,
409 1569 502 1608 quae
529 1557 639 1595 Zeno
667 1568 751 1594 non
782 1567 892 1594 nova
919 1554 1092 1602 invenit,
1116 1554 1188 1593 sed
1214 1553 1428 1594 revocavit
1457 1564 1577 1606 paene

75 1619 301 1660 obliterata
324 1635 332 1660 z
360 1625 560 1672 cognatas
592 1621 701 1659 inter
726 1633 769 1659 se
803 1624 974 1660 cunctas
1006 1619 1152 1658 mundi
1179 1623 1335 1671 partes,
1363 1619 1577 1669 Deumque

74 1685 190 1726 omni
223 1698 364 1725 rerum
394 1685 495 1724 moli
518 1685 704 1724 infusum
738 1697 917 1736 cumque
939 1684 1113 1735 singulis
1149 1683 1339 1736 partibus
1369 1682 1574 1732 habitare,

72 1750 298 1803 omniaque
327 1754 369 1790 et
398 1762 601 1803 prospera
636 1754 677 1789 et
713 1750 891 1790 adversa
925 1754 966 1788 et
993 1749 1105 1788 bona
1129 1752 1170 1787 et
1198 1748 1312 1787 mala
1345 1749 1431 1787 fato
1466 1748 1580 1787 trahi

72 1819 324 1868 aeternaeque
375 1815 630 1855 necessitatis
669 1814 815 1855 iisdem
864 1827 1030 1867 semper
1070 1813 1248 1853 vinculis
1290 1826 1383 1852 cum
1433 1813 1579 1852 mundi

71 1880 210 1932 figura
237 1885 531 1933 astrorumque
556 1880 738 1920 motibus
774 1893 862 1919 esse
891 1879 1053 1932 juncta.
1085 1879 1206 1925 Quod
1236 1891 1287 1918 ex
1317 1878 1581 1930 apertissimo

73 1945 261 1985 Philonis
277 1945 412 1985 Judaei
438 1945 531 1985 loco
555 1945 613 1985 sic
635 1944 906 1985 manifestum
935 1944 1115 1984 exstabit
1142 1947 1187 1983 ut
1210 1943 1314 1982 nihil
1338 1943 1446 1982 ultra
1467 1956 1581 1996 quae-

74 2010 255 2050 aendum
276 2011 342 2050 sit.
371 2010 542 2050 Judaeus
563 2014 704 2049 autem
725 2010 1003 2062 philosophus
1023 2009 1083 2049 ita
1103 2009 1291 2060 loquitur
1311 2021 1319 2048 ε
1352 2024 1371 2045 «
1393 2008 1582 2048 Chaldaei

74 2079 170 2115 ante
199 2079 358 2115 ceteras
387 2079 533 2127 gentes
559 2075 885 2115 astronomicam
911 2078 1044 2114 artem
1075 2079 1117 2114 et
1144 2073 1451 2125 genethliacam
1479 2086 1579 2126 pro-

75 2141 253 2181 movisse
274 2141 495 2180 videntur:
518 2152 633 2195 nam,
654 2140 752 2180 dum
775 2139 989 2180 terrestria
1010 2152 1104 2179 cum
1127 2139 1287 2190 superis
1307 2142 1577 2187 connectunt,

73 2205 306 2257 caelumque
328 2206 460 2245 infero
482 2218 576 2245 cum
608 2205 724 2254 orbe,
749 2218 798 2244 ex
826 2205 906 2244 hac
936 2208 1183 2244 cunctarum
1214 2204 1359 2243 mundi
1394 2204 1576 2255 partium

72 2274 221 2310 mutua
246 2270 512 2323 cognatione,
540 2270 659 2318 loeis,
686 2283 771 2310 non
794 2274 947 2309 natura
966 2269 1225 2321 distantium,
1250 2269 1479 2321 quamdam
1503 2282 1577 2308 ex-

72 2348 259 2388 pressere
273 2336 555 2388 harmoniam,
572 2349 665 2388 quae
681 2348 751 2375 eas
766 2335 950 2387 quodam
968 2335 1081 2375 velut
1098 2334 1254 2374 musico
1274 2338 1478 2374 concentu
1495 2334 1582 2373 vin-

72 2400 187 2441 ciret.
210 2400 270 2442 Ac
296 2401 528 2454 conjecem,
552 2401 697 2441 orbem
719 2401 831 2440 hunc
854 2400 925 2452 qui
953 2399 1143 2440 sensibus
1165 2399 1318 2439 nostris
1342 2399 1576 2451 subjicitur,

70 2466 203 2506 Deum
221 2479 323 2516 esse,
340 2467 425 2507 sive
441 2479 516 2519 per
532 2479 575 2506 se
595 2466 748 2520 ipsum,
766 2466 850 2506 sive
866 2465 1081 2506 communi
1095 2464 1243 2504 saltem
1265 2477 1349 2516 qua
1369 2463 1582 2504 animatur

71 2543 120 2571 ae
151 2531 252 2572 vivit
276 2536 436 2582 mente3
454 2532 640 2585 dumque
665 2535 848 2572 mentem
879 2531 996 2570 illam
1022 2531 1099 2570 fati
1124 2530 1294 2570 nomine
1326 2542 1373 2569 ac
1402 2530 1579 2569 necessi·

71 2596 169 2636 tatis
207 2601 395 2646 sacrant,
435 2597 669 2638 humanam
704 2598 833 2637 vitam
871 2597 1006 2636 multa
1044 2596 1259 2648 impietate
1297 2595 1575 2643 foedaverunt,

73 2672 169 2700 cum
204 2661 428 2702 suaderent
465 2662 747 2714 phaenomena
776 2663 919 2702 omnia
949 2661 1075 2701 nullis
1109 2674 1159 2701 ex
1189 2660 1279 2700 aliis
1312 2660 1446 2700 causis
1479 2660 1579 2699 oriri

73 2738 201 2777 quam
233 2739 327 2779 quae
363 2727 494 2767 oculis
526 2728 830 2781 percipiuntur,
860 2731 900 2768 et
924 2727 1026 2778 sole,
1049 2739 1097 2766 ac
1128 2726 1244 2776 luna,
1278 2725 1579 2776 stellarumque

117 2866 147 2897 1.
164 2864 272 2905 Man..
288 2865 441 2903 Astron„
462 2865 520 2906 lv,
537 2866 589 2906 64,
611 2867 663 2898 65.
