1936 3392
766 879 947 922 CAPUT
977 880 1243 923 TERTIUM.

367 1037 419 1079 In
470 1038 745 1094 disputatione
797 1040 930 1092 brevi,
983 1055 1087 1095 quae
1140 1042 1367 1096 praecedit,
1416 1042 1705 1085 demonstrasse

306 1114 421 1156 nobis
446 1116 629 1157 videmur
649 1117 866 1159 Manilium
887 1133 971 1160 non
988 1120 1227 1160 astronomis
1245 1135 1326 1161 esse
1344 1120 1702 1163 adnumerandum.

305 1191 454 1234 Merita
486 1194 592 1244 eius,
638 1195 671 1234 si
705 1209 785 1249 qua
816 1199 935 1246 sunt,
969 1210 1047 1237 non
1082 1195 1127 1237 in
1161 1196 1397 1252 disciplina,
1432 1212 1552 1252 quam
1583 1197 1705 1239 tradi-

304 1269 389 1319 dit,
423 1274 521 1311 sunt
554 1272 782 1324 quaerenda
793 1290 804 1322 3
839 1272 1025 1323 ubinam,
1062 1288 1173 1315 nunc
1205 1280 1266 1315 est
1298 1275 1640 1329 investigandum.

363 1346 559 1403 Tempora
591 1348 811 1390 multorum
844 1349 1094 1392 saeculorum
1118 1350 1330 1392 intervallo
1353 1367 1376 1392 a
1397 1351 1514 1393 nobis
1535 1356 1701 1403 remota,

303 1424 440 1478 qualia
489 1425 692 1466 Ciceronis
741 1430 781 1467 et
828 1428 1006 1482 Augusti
1053 1433 1173 1479 sunt,
1224 1443 1304 1470 non
1341 1430 1506 1484 penitus
1537 1443 1703 1484 cognos-

303 1508 452 1545 cuntur
490 1519 538 1545 ex
571 1503 759 1559 operibus
794 1504 1103 1546 clarissimorum
1135 1506 1375 1560 scriptorum
1408 1510 1448 1547 et
1478 1507 1704 1562 prominen-

300 1582 417 1623 tium.
481 1581 533 1623 In
565 1596 745 1632 recessu,
779 1588 923 1636 atque,
958 1586 1002 1623 ut
1036 1584 1094 1624 ita
1125 1582 1274 1634 dicam,
1323 1583 1486 1625 illorum
1519 1583 1702 1626 claritate

297 1660 525 1714 suppressi,
558 1659 748 1701 vivebant
774 1659 1028 1714 agebantque
1050 1675 1167 1715 saepe
1189 1675 1268 1701 non
1292 1659 1488 1715 ignobilia
1509 1661 1697 1715 ingenia,

298 1751 424 1791 quae,
465 1751 706 1791 quamquam
740 1738 786 1778 in
818 1737 940 1778 solem
974 1741 1015 1778 et
1046 1736 1253 1792 pulverem
1286 1751 1369 1778 non
1401 1737 1696 1792 procedebant,

297 1814 366 1856 sed
399 1813 517 1856 rebus
550 1813 773 1856 forensibus
806 1813 1086 1865 abstinebant,
1119 1819 1256 1855 tamen
1283 1818 1445 1870 propter
1467 1829 1634 1857 acumen
1657 1819 1698 1857 et

296 1892 557 1934 altitudinem
590 1892 712 1934 animi
746 1892 869 1948 digna
901 1896 1013 1943 sunt,
1046 1907 1146 1946 quae
1169 1893 1213 1933 in
1235 1907 1276 1934 se
1299 1895 1537 1934 convertant
1559 1892 1697 1935 oculos

298 1985 435 2012 eorum
457 2001 469 2021 ‚
534 1970 606 2024 qui
668 1970 779 2011 illius
837 1969 980 2012 aetatis
1042 1970 1216 2011 rationes
1280 1973 1403 2024 atque
1467 1970 1696 2012 voluntates

296 2063 533 2105 cognoscere
580 2048 761 2089 student.
825 2048 924 2089 Eius
973 2048 1129 2103 generis
1172 2047 1246 2088 viri
1278 2051 1376 2088 sunt
1407 2046 1624 2089 Lucretius
1655 2051 1697 2089 et

297 2126 490 2168 Manilius
502 2143 514 2177 3
564 2140 635 2181 pro
682 2125 803 2167 variis
835 2123 1083 2180 temporibus
1116 2125 1237 2175 varii,
1283 2124 1384 2165 alter
1415 2139 1548 2166 amore
1579 2123 1697 2166 liber·

294 2205 390 2246 tatis
437 2208 478 2245 et
524 2205 679 2259 patriae
727 2203 869 2244 ardens
887 2234 899 2254 ,
948 2202 1049 2244 alter
1095 2202 1344 2243 summissior
1387 2206 1427 2243 et
1463 2203 1695 2258 imperatori

296 2282 478 2333 deditus,
542 2281 684 2324 multis
731 2281 906 2323 numeris
952 2281 1058 2322 inter
1105 2295 1145 2321 se
1193 2280 1391 2335 oppositi,
1441 2279 1510 2321 ille
1563 2281 1694 2322 omnis

294 2359 502 2414 religionis
549 2359 874 2408 inimicissimus,
924 2358 990 2399 hic
1036 2356 1219 2412 quamvis
1267 2357 1444 2412 vulgaris
1487 2358 1694 2413 religionis
1732 2404 1733 2409 ¹

295 2451 377 2478 non
409 2437 582 2487 amicus,
616 2440 753 2478 tamen
785 2434 1036 2477 credulitatis
1068 2449 1198 2476 errore
1231 2442 1395 2490 captus,
1430 2440 1600 2490 uterque
1617 2435 1694 2477 sibi

295 2519 483 2556 constans
537 2518 576 2556 et
619 2529 731 2555 suam
764 2512 1060 2570 philosophiam
1092 2513 1262 2553 ferventi
1295 2513 1428 2554 animo
1462 2512 1693 2555 defendens.

357 2592 552 2633 Manilius
600 2598 685 2632 erat
735 2591 796 2631 vir
826 2605 907 2631 non
939 2589 1131 2631 mediocri
1163 2589 1316 2643 ingenii
1349 2589 1563 2641 facultate,
1597 2590 1694 2632 satis

294 2668 474 2710 eruditus
506 2673 628 2721 atque
662 2667 827 2717 doctus,
862 2670 908 2707 ut
929 2680 1050 2721 supra
1072 2666 1280 2720 apparuit,
1305 2665 1487 2717 subtilis,
1511 2667 1556 2708 in
1578 2667 1692 2708 cuius

296 2751 426 2786 mente
474 2746 595 2786 insita
638 2749 721 2784 erat
763 2742 1018 2798 philosophia
1061 2742 1278 2795 quaedam,
1321 2757 1400 2796 qua
1432 2743 1578 2784 ductus
1610 2747 1693 2784 stu-

242 2837 246 2840 ·
294 2822 414 2863 debat
463 2828 507 2862 ut
555 2836 683 2862 rerum
735 2820 965 2860 varietatem
1014 2834 1093 2859 uno
1143 2818 1305 2860 vinculo
1338 2806 1692 2874 comprehenderet

293 2906 414 2955 atque
447 2904 623 2947 teneret,
659 2897 719 2937 vir
751 2896 882 2951 gravis
917 2903 955 2936 et
989 2910 1169 2945 severus,
1205 2896 1272 2948 qui
1309 2895 1470 2937 divitias
1492 2901 1532 2937 et
1554 2895 1690 2956 volup-
