1910 3250
940 218 1216 260 ..16..α

330 342 437 398 regit
464 341 615 394 orbem,
645 340 711 397 qui
734 356 814 383 non
845 341 1007 395 invitus,
1033 357 1174 383 verum
1195 350 1338 400 suapte
1363 345 1476 400 quasi
1507 352 1651 401 sponte
1673 344 1820 388 sanetis

330 410 488 464 legibus
519 415 647 464 paret.
706 408 923 450 Praeterea
967 409 1000 449 si
1040 409 1191 451 Caesar
1231 411 1307 452 hoc
1350 411 1437 453 loco
1475 420 1580 454 esset
1618 413 1817 466 Tiberius,

330 477 638 517 admirationem
675 476 772 516 mihi
814 475 977 530 quidem
1023 477 1142 517 etiam
1195 493 1298 533 quae
1336 486 1560 534 sequuntur
1599 481 1817 522 inicerent:

333 545 570 586 Concessum
602 546 727 598 patri
765 544 967 584 mundum
1006 545 1108 586 deus
1155 547 1241 600 ipse
1287 549 1469 589 mereris.
1526 549 1564 589 Is
1605 548 1729 602 igitur
1768 547 1820 588 ad

330 627 450 668 quem
488 627 531 652 se
571 611 770 652 convertit
811 611 1055 666 alloquendo
1096 619 1226 667 poeta,
1268 614 1464 655 mundum
1502 614 1549 669 (i.
1580 629 1615 658 e.
1647 615 1820 668 caelum)

330 688 518 731 meretur,
552 679 618 734 qui
650 679 753 733 patri
785 686 878 719 ante
915 693 1005 719 eum
1046 694 1277 721 concessum
1309 688 1391 733 est,
1427 682 1532 736 quod
1573 682 1819 738 quicumque

332 747 489 802 legerit,
522 747 606 787 eius
633 747 790 786 animus
831 761 878 787 co
910 747 993 787 fere
1024 747 1192 799 labetur,
1234 755 1280 788 ut
1315 756 1470 803 patrem
1501 756 1616 805 putet
1644 750 1819 806 primum

331 815 466 866 fuisse,
499 815 561 855 cui
594 813 767 854 mundus
795 814 1102 855 concederetur:
1141 822 1226 855 tum
1259 831 1354 857 vero
1390 817 1593 872 temporis,
1633 833 1714 873 quo
1746 818 1821 859 fuit

330 883 532 934 Manilius,
565 882 763 933 omnibus,
796 896 886 922 cum
915 882 965 923 de
995 883 1158 923 homine
1187 883 1227 923 iu
1258 884 1426 924 deorum
1447 899 1660 926 numerum
1691 885 1818 927 relato

332 965 464 992 sermo
495 956 592 1002 crat,
630 949 748 1005 primi
780 949 820 990 in
853 956 1028 991 mentem
1062 951 1250 992 veniebat
1281 951 1363 992 divi
1395 951 1487 992 Iulii
1518 951 1716 1005 Caesaris,
1756 954 1820 994 cui

332 1019 463 1074 primo
493 1033 514 1059 e
543 1023 667 1072 gente
695 1017 799 1057 Iulia
827 1032 1059 1058 concessum
1087 1026 1146 1059 est
1175 1019 1352 1060 caelum:
1384 1019 1416 1060 is
1446 1019 1570 1075 igitur
1597 1026 1713 1076 pater
1739 1027 1818 1062 est:

332 1086 439 1126 filius
479 1092 613 1126 autem
660 1084 706 1126 C.
747 1084 875 1125 Iulius
910 1084 1060 1127 Caesar
1105 1085 1349 1129 Octavianus
1388 1087 1586 1129 secundus
1622 1087 1817 1130 mundum

330 1160 521 1195 meretur.
582 1152 948 1194 Verumenimvero
976 1153 1185 1195 Tiberium
1225 1155 1256 1194 si
1287 1162 1404 1210 poeta
1434 1169 1481 1196 eo
1512 1155 1612 1208 loco,
1651 1155 1702 1197 de
1739 1171 1818 1211 quo
1863 1154 1867 1155 ⁷

329 1221 476 1275 agitur,
508 1219 704 1260 allocutus
735 1227 850 1272 esset,
883 1235 954 1261 cur
985 1220 1148 1262 tandem
1178 1222 1381 1263 omitteret
1411 1221 1462 1265 C.
1496 1222 1649 1264 Iulium
1672 1221 1819 1264 Caesa-

332 1304 430 1341 rem,
473 1287 653 1342 intellegi
695 1288 860 1328 minimc
890 1295 1036 1343 posset.
1097 1288 1264 1344 Iamque
1303 1290 1450 1330 summi
1479 1290 1530 1330 ad
1558 1296 1667 1332 recte
1696 1290 1818 1331 inter·

331 1355 573 1412 pretandum
603 1355 796 1396 momenti
824 1370 910 1396 csse
937 1362 1035 1411 puto
1065 1356 1166 1398 haec
1195 1357 1340 1398 verba:
1384 1358 1462 1398 das
1499 1359 1661 1400 animos
1695 1359 1820 1399 vires-

331 1439 406 1479 que
434 1425 555 1478 facis
596 1425 653 1464 ad
687 1428 806 1465 tanta
846 1425 1034 1465 canenda
1064 1455 1073 1465 .
1118 1456 1126 1465 .
1167 1456 1178 1467 .
1219 1456 1228 1467 .
1268 1424 1341 1466 hoc
1384 1425 1457 1466 sub
1492 1439 1600 1480 pace
1635 1430 1766 1468 vacat.
1783 1425 1817 1478 ¹)

331 1492 578 1536 Octavianus
611 1492 789 1547 profecto
821 1491 935 1533 bellis
964 1492 1159 1544 civilibus,
1199 1493 1344 1548 quibus
1374 1500 1492 1535 antea
1521 1493 1730 1535 universus
1757 1508 1818 1535 or-

331 1560 390 1600 bis
422 1567 505 1600 tum
528 1560 712 1614 cognitus
735 1566 911 1600 vastatus
933 1567 1030 1612 erat,
1055 1560 1292 1615 profligatis,
1322 1575 1412 1602 cum
1435 1561 1534 1612 orbi,
1549 1563 1584 1614 ²)
1614 1567 1700 1602 tum
1730 1561 1820 1602 urbi

329 1628 554 1683 Italiaeque
584 1643 726 1683 pacem
758 1628 936 1681 dederat,
969 1635 1012 1668 ut
1041 1627 1180 1680 Musis,
1212 1643 1303 1669 cum
1334 1635 1452 1670 antea
1482 1629 1587 1670 inter
1613 1643 1725 1670 arma
1754 1628 1822 1674 ob·

329 1696 580 1748 mutuissent,
627 1711 765 1736 rursus
796 1695 906 1736 locus
936 1696 1246 1748 concederetur3
1287 1704 1410 1752 atque
1439 1697 1529 1752 quis
1559 1696 1724 1738 tandem
1753 1710 1822 1737 ne-

328 1765 403 1805 scit
420 1765 607 1818 Augusto
629 1763 854 1818 imperante
876 1771 919 1804 ut
935 1779 1075 1805 omnes
1098 1772 1203 1806 artes
1221 1764 1420 1816 liberales,
1442 1763 1498 1805 ita
1515 1764 1654 1820 poesin
1675 1764 1822 1806 mirum

330 1838 526 1887 quantum
556 1830 773 1872 floruisse?
832 1832 1044 1886 Augustus
1068 1832 1195 1887 poetis
1223 1847 1357 1874 nonne
1378 1832 1556 1874 maxime
1582 1830 1715 1873 favit?
1741 1846 1822 1873 non

330 1913 571 1956 quacunque
602 1906 759 1954 poterat
789 1900 943 1940 ratione
973 1900 1204 1953 adiuvabat,
1232 1899 1454 1942 laudabat?
1511 1899 1717 1956 Expediet
1743 1899 1822 1950 forss

330 1974 435 2009 tasse
475 1966 615 2009 Ovidii
648 1966 875 2008 recordatio
910 1967 978 2023 qui
1008 1967 1058 2008 ad
1091 1968 1326 2022 Augustum
1365 1982 1454 2010 sese
1490 1973 1729 2010 convertens
1767 1966 1824 2007 sic

331 2041 392 2076 est
437 2034 617 2076 locutus:
677 2037 870 2090 aspicias,
923 2041 1126 2091 quantum
1168 2037 1331 2078 dederis
1373 2035 1477 2077 mihi
1517 2038 1703 2090 pectoris
1739 2036 1826 2090 ipse

332 2103 453 2154 (trist.
498 2101 554 2154 ΙΙ,
589 2102 714 2156 561);
760 2109 801 2144 et
828 2103 868 2143 in
901 2102 1028 2158 Verg.
1061 2103 1146 2144 Ecl.
1183 2107 1218 2157 l,
1259 2120 1297 2148 V.
1329 2104 1354 2145 6
1382 2119 1442 2159 sq.
1482 2104 1676 2145 habemus
1704 2103 1825 2146 haec:

335 2171 368 2211 O
409 2169 620 2224 Meliboee,
661 2171 758 2212 deus
799 2171 916 2213 nobis
952 2171 1052 2213 haec
1096 2174 1182 2214 otia
1218 2172 1338 2226 feeit.
1407 2172 1600 2228 Namque
1635 2173 1715 2213 erit
1755 2171 1826 2213 ille

330 2238 434 2279 mihi
474 2252 631 2292 semper
679 2239 780 2280 deus
819 2246 894 2283 etc.
965 2239 1047 2282 Ubi
1092 2239 1142 2281 de
1190 2231 1616 2295 Tiberio'quidquam
1660 2238 1825 2281 simile?

332 2306 459 2348 Cuius
489 2307 564 2347 sub
592 2306 775 2362 imperio,
807 2309 879 2348 etsi
907 2314 1014 2349 artes
1043 2308 1231 2350 liberales
1248 2308 1456 2363 utriusque
1482 2307 1644 2363 generis
1673 2307 1823 2349 studio·

330 2375 486 2422 sissime
527 2388 619 2415 eum
657 2375 829 2416 coluisse
866 2374 1085 2418 Suetonius
1126 2383 1263 2416 narrat
1299 2376 1402 2429 (Tib.
1444 2375 1525 2429 70),
1562 2375 1717 2416 litteras
1757 2375 1826 2416 vix

331 2449 489 2484 renatas
516 2449 721 2498 tamquam
750 2443 957 2498 quiescere
989 2451 1111 2499 atque
1138 2444 1315 2485 carmina
1338 2450 1548 2500 poetarum
1578 2443 1699 2484 silere
1716 2442 1826 2485 vide-

333 2526 436 2554 muS.
477 2510 512 2551 E
533 2511 733 2552 contrario
763 2511 838 2552 sub
870 2513 1073 2566 Augusto,
1106 2512 1294 2567 quoniam
1326 2513 1455 2554 honos
1484 2512 1542 2554 eis
1572 2526 1650 2553 non
1683 2510 1824 2563 defuit,

333 2579 544 2620 alebantur
572 2585 679 2619 artes
708 2578 876 2634 eiusque
914 2594 1087 2634 regnum
1129 2595 1258 2636 paene
1288 2580 1493 2636 Apollinis
1523 2593 1696 2634 regnum
1734 2579 1824 2633 fuit,

334 2661 410 2688 nec
449 2646 589 2688 dubito
629 2646 729 2687 mihi
767 2647 1013 2703 persuadere
1049 2648 1089 2688 in
1121 2648 1247 2704 Verg.
1281 2647 1363 2704 Gg.
1394 2648 1468 2702 IV,
1506 2648 1562 2692 10
1589 2646 1825 2704 Apollinem

469 2761 492 2800 1)
518 2760 562 2792 de
586 2760 739 2793 lectione
762 2764 895 2793 vacat
918 2761 988 2794 vid.
1014 2762 1162 2795 Becterti
1187 2763 1266 2794 diss.

469 2817 494 2861 ²)
521 2817 562 2849 cf.
587 2816 651 2852 Ov.
677 2817 761 2850 Met.
785 2817 862 2861 XV,
887 2818 952 2852 832
979 2819 1069 2852 Pace
1093 2819 1175 2852 data
1199 2819 1347 2854 terris.

1901 771 1910 817 ἑ
