1942 3308
932 224 1209 269 -68—

327 349 378 381 De
411 348 534 391 quibus
570 347 624 380 hic
658 348 747 389 illic,
784 348 990 391 ubicumque
1023 360 1075 382 res
1109 351 1240 385 ferebat
1271 356 1374 395 atque
1407 355 1558 396 occasio,
1593 354 1812 389 exornandae

325 405 488 438 orationis
514 415 618 436 causa
642 404 738 436 libris
763 405 834 437 suis
859 405 996 437 abunde
1022 406 1160 439 notitias
1185 409 1371 442 admiscere
1396 421 1614 453 nequaquam
1639 413 1758 454 potuit,
1783 413 1812 444 si

325 462 445 503 hospes
470 471 509 492 ac
534 461 735 502 peregrinus
761 461 794 491 in
827 461 970 493 historia
996 463 1224 495 Romanorum
1250 465 1366 498 suisset
1392 471 1494 508 atque
1518 472 1634 510 poetas
1659 468 1812 510 primori-

325 518 388 549 bus
415 517 512 549 modo
538 516 644 549 labris
670 516 888 558 gustavisset.

461 572 651 612 Quaerenti
677 577 803 615 autem,
831 574 913 615 quid
939 575 1075 607 tandem
1102 576 1202 608 suerit
1227 588 1360 619 causae,
1387 589 1446 611 cur
1464 581 1625 613 transiret
1642 581 1813 614 Romanos

324 632 440 670 poetas
460 629 632 671 Manilius,
658 630 800 661 consilio
827 634 948 672 poe-tae
973 631 1072 673 illud,
1099 644 1165 665 non
1185 635 1401 676 ignorantiae
1419 637 1555 669 videtur
1577 638 1814 671 tribuendum.

323 684 451 717 Audias
476 686 525 717 sic
550 686 747 727 loquentem
775 687 801 725 (I
827 688 870 718 49
897 689 966 728 sq):

573 743 601 774 Ο
616 752 710 773 mne
735 752 842 784 genus
867 754 974 775 rerum
1002 744 1120 777 doctae
1143 747 1296 779 cecinere
1319 759 1469 787 sorores;

578 798 732 830 Omnis
757 799 800 830 ad
826 809 977 832 accessus
1004 801 1179 834 Heliconis
1203 805 1324 836 semita
1347 806 1427 837 trita
1451 810 1511 848 est,

575 855 620 886 Et
644 855 711 886 iam
738 856 870 887 confusi
897 861 1037 889 manant
1062 858 1102 890 de
1128 860 1280 892 sontibus
1305 871 1432 902 amnes,

574 911 644 943 Nec
670 913 812 952 capiunt
835 912 995 946 haustum
1023 916 1226 958 turbamque
1252 917 1293 948 ad
1321 922 1402 950 nota
1426 923 1590 952 ruentem.

326 968 420 1007 Quae
455 977 526 998 cum
554 967 646 1006 dicit,
681 978 749 1000 non
784 969 892 1001 solum
924 980 944 1001 a
970 971 1118 1014 Graecis,
1152 983 1265 1004 verum
1298 985 1318 1006 a
1343 975 1503 1007 Romanis
1539 987 1674 1018 quoque
1706 968 1818 1018 poetis

324 1025 418 1056 tritas
443 1027 476 1055 et
500 1025 698 1066 absumptas
731 1035 845 1057 omnes
877 1027 994 1068 copias
1018 1038 1092 1060 esse
1117 1029 1268 1072 intellegi
1295 1031 1377 1063 velit
1409 1042 1546 1065 necesse
1569 1037 1629 1066 est.
1676 1033 1764 1070 Nam
1785 1033 1814 1066 si

325 1081 471 1113 Graecos
496 1081 583 1113 solos
609 1082 825 1123 respexisset,
853 1083 902 1114 nil
927 1094 1008 1116 sane
1033 1095 1110 1116 eum
1135 1085 1328 1127 impediret,
1355 1089 1536 1130 quominus
1561 1098 1618 1121 eas
1642 1099 1708 1131 res,
1733 1100 1816 1132 quus

325 1138 368 1169 ab
394 1136 465 1168 illis
491 1140 652 1169 tractatas
676 1138 789 1178 sciret,
809 1139 972 1171 Romanis
991 1150 1128 1182 quoque
1151 1148 1355 1183 proponeret
1371 1145 1524 1176 versibus
1543 1145 1682 1178 vinctas.
1707 1147 1751 1178 At
1766 1146 1816 1179 sic

324 1194 430 1225 nostri
455 1194 560 1225 verba
585 1194 847 1235 interpretanda
864 1197 1044 1238 contendo,
1070 1202 1109 1229 ut
1134 1198 1225 1229 dicat
1250 1209 1285 1230 se
1304 1210 1369 1231 non
1395 1201 1512 1232 sicut
1537 1205 1708 1235 ceteros
1735 1203 1814 1234 Ro-

325 1259 548 1282 manorum
583 1256 738 1293 poetas
771 1263 824 1284 res
849 1252 928 1284 illas
962 1254 1030 1284 iam
1057 1264 1075 1286 e
1102 1254 1234 1287 Graeca
1266 1256 1360 1298 poesi
1386 1261 1486 1289 notas
1510 1262 1691 1291 retractare
1714 1258 1814 1300 velle,

322 1306 383 1337 sed
407 1316 528 1338 novam
556 1308 684 1350 eligere
709 1310 896 1349 materiam,
926 1320 1026 1351 quam
1046 1310 1168 1343 Graeci
1194 1312 1346 1344 nondum
1372 1313 1438 1345 sibi
1464 1315 1676 1346 tractandam
1701 1325 1816 1356 sump-

325 1363 441 1395 serint.
466 1365 580 1406 Atque
605 1365 704 1397 facile
729 1366 865 1407 quidem
892 1367 1077 1408 Romanos,
1103 1367 1167 1400 etsi
1191 1379 1258 1400 non
1284 1370 1518 1412 nominantur,
1542 1380 1584 1402 ex
1606 1373 1816 1413 argumentis

323 1421 589 1453 commemoratis
613 1423 858 1461 subaudimus3
893 1423 982 1464 quod
1009 1433 1053 1455 ne
1076 1424 1298 1467 neglegamus
1322 1428 1365 1459 ab
1395 1426 1470 1470 ipso
1495 1437 1607 1470 paene
1630 1432 1732 1471 poeta
1755 1427 1814 1460 ad-

323 1478 451 1510 moneri
476 1479 644 1520 videmur,
668 1489 742 1511 cum
768 1479 899 1512 locutus
925 1480 968 1512 de
994 1480 1143 1513 Homero
1169 1481 1252 1513 haec
1276 1482 1389 1515 addit:

989 1538 1150 1579 cuiusque
1176 1549 1217 1570 ex
1244 1549 1300 1570 ore
1324 1540 1478 1581 profusos

618 1591 766 1624 Omnis
797 1592 978 1634 posteritas
1003 1594 1120 1626 latices
1143 1594 1179 1625 in
1206 1595 1357 1627 carmina
1383 1595 1481 1628 duxit

615 1649 830 1690 Amnemque
854 1649 888 1681 in
915 1653 1034 1682 tenues
1060 1660 1143 1683 ausa
1167 1655 1218 1683 est
1243 1650 1409 1684 deducere
1435 1652 1525 1684 rivos

617 1704 729 1737 Unius
753 1705 900 1737 fecunda
925 1705 1035 1739 bonis.

325 1758 503 1790 Omnem
537 1759 654 1802 igitur,
687 1770 754 1793 non
789 1761 953 1794 Graecam
988 1763 1223 1796 tantummodo
1254 1765 1484 1806 posteritatem
1517 1774 1558 1796 ex
1591 1764 1650 1796 illo
1675 1765 1774 1806 quasi
1798 1769 1819 1796 e

326 1815 501 1847 communi
534 1817 627 1848 fonte
660 1817 814 1850 hausisse
847 1818 939 1850 dicit.
987 1820 1038 1851 Ac
1061 1819 1113 1851 sui
1148 1821 1271 1860 cuique
1306 1821 1537 1853 Romanorum
1570 1820 1658 1852 haec
1687 1821 1819 1863 legenti

325 1871 471 1914 Vergilii
504 1872 540 1902 in
574 1876 722 1905 mentem
757 1875 872 1906 venire
906 1875 1036 1917 debuit,
1068 1877 1158 1908 sicut
1191 1877 1408 1918 insequentes
1442 1877 1484 1909 de
1516 1876 1667 1909 Hesiodo
1702 1887 1820 1911 vmus

328 1927 474 1968 Vergilii
503 1928 671 1971 Georgica
694 1930 730 1961 in
753 1931 883 1964 animos
910 1937 1071 1964 revocant
1097 1943 1220 1974 cosque
1244 1937 1373 1975 poetas,
1401 1934 1456 1975 qui
1483 1933 1524 1965 de
1549 1943 1663 1966 rerum
1687 1933 1822 1975 origine

323 1984 546 2026 scripserunt,
572 1989 608 2018 ut
633 1986 812 2018 Lucretius
838 1991 943 2029 atque
968 1989 1070 2020 etiam
1098 1989 1254 2022 Ovidius.
1302 1989 1399 2021 Adde
1425 1990 1516 2031 quod
1550 1989 1725 2032 quidam
1750 1989 1818 2030 illi,

324 2040 399 2081 qui
433 2045 658 2073 astrorum
692 2042 843 2075 varias
873 2043 1047 2086 figuras
1081 2045 1238 2078 dixere
1270 2049 1314 2088 (v.
1343 2045 1398 2087 25)
1430 2057 1496 2079 non
1525 2046 1647 2079 Graeci
1671 2045 1737 2079 soli
1761 2046 1820 2078 de·

324 2097 405 2128 bent
437 2107 521 2137 esse,
556 2099 718 2138 quoniam
755 2099 875 2132 Cicero
900 2101 996 2132 Arati
1031 2101 1269 2142 phaenomena
1303 2103 1406 2134 vertit
1443 2105 1478 2134 et
1502 2102 1646 2135 Ovidius
1679 2111 1820 2144 quoque

324 2153 517 2194 composuit
541 2154 791 2196 phaenomena,
817 2166 945 2198 eaeque
971 2158 1122 2199 fabulae,
1148 2168 1234 2200 quas
1261 2158 1324 2190 hoc
1350 2159 1423 2190 loco
1441 2162 1542 2200 poeta
1566 2161 1819 2199 commemorat,

324 2209 359 2240 in
387 2210 716 2253 Metamorphosibus
741 2212 975 2246 inveniuntur.
1015 2215 1087 2246 Iam
1105 2225 1204 2246 versu
1233 2214 1251 2248 4
1270 2219 1303 2246 et
1326 2215 1550 2256 sequentibus
1574 2215 1617 2246 ad
1635 2214 1820 2247 Aemilium

325 2266 489 2306 Macrum,
523 2267 582 2308 qui
609 2272 645 2299 ut
669 2269 940 2310 ornitbologiam,
976 2271 1027 2302 ita
1052 2271 1202 2302 theriaca
1228 2271 1372 2302 confecit
1404 2275 1437 2302 et
1467 2271 1509 2303 de
1534 2270 1648 2303 herbis
1672 2270 1819 2313 scripsit,

324 2332 364 2354 ac
383 2322 551 2354 Grattium
572 2324 753 2364 Faliscum,
778 2327 1014 2368 Cynegeticon
1034 2331 1215 2367 auctorem,
1235 2327 1388 2368 aliosque
1406 2327 1561 2359 alludere
1577 2326 1684 2359 videri
1699 2330 1819 2368 potest.

326 2379 401 2417 Qua
427 2379 462 2410 in
489 2390 524 2412 re
549 2380 656 2421 pluris
682 2381 835 2422 interest,
869 2384 985 2424 qualia
1009 2387 1207 2425 argumenta
1233 2393 1335 2424 quam
1362 2393 1451 2425 quae
1477 2387 1653 2425 poetarum
1678 2384 1820 2416 nomina

324 2434 454 2467 laudet.
501 2436 625 2476 Itaque
650 2436 824 2470 Romanos
849 2439 1050 2471 nominatim
1077 2450 1144 2471 non
1165 2439 1287 2471 allatos
1313 2449 1384 2472 esse
1408 2450 1427 2471 a
1445 2439 1590 2471 Manilio
1615 2439 1818 2472 crediderim

326 2501 395 2522 non
423 2491 483 2533 qui
508 2492 646 2524 nonnisi
672 2493 852 2526 meditanti
877 2496 1060 2536 adfuerint,
1091 2495 1150 2527 sed
1185 2494 1226 2527 de
1252 2495 1418 2527 industria
1442 2499 1529 2527 tecte
1553 2505 1610 2528 eos
1633 2494 1818 2538 signifieat,

326 2548 425 2589 quasi
450 2548 536 2580 nihil
559 2549 623 2580 nisi
649 2550 771 2582 imitati
795 2551 864 2582 sint
880 2555 913 2582 et
930 2552 1173 2592 exscripserint
1191 2552 1399 2584 Graecorum
1426 2556 1561 2594 poetas:
1589 2561 1656 2594 qua
1680 2551 1818 2594 quidem

325 2615 362 2636 re
386 2605 498 2636 laudis
523 2615 636 2637 eorum
663 2606 796 2648 aliquid
822 2607 1071 2648 quodammodo
1097 2617 1299 2649 concerpere
1322 2607 1456 2639 videtur
1481 2608 1515 2639 in
1541 2608 1656 2640 animo
1682 2607 1820 2648 habere,

327 2671 395 2703 quo
421 2660 581 2692 maiorem
607 2661 682 2702 ipse
706 2663 739 2693 in
766 2663 906 2703 gloriam
934 2664 1062 2705 veniat,
1088 2664 1145 2705 qui
1172 2664 1345 2696 Pieridum
1373 2666 1480 2696 fontes
1506 2664 1696 2706 extendere
1718 2673 1817 2695 eone·

325 2722 389 2758 tur,
415 2722 451 2749 ut
475 2718 523 2749 ait
547 2717 621 2760 ipse
645 2719 680 2749 in
706 2718 798 2750 tertii
824 2719 902 2751 libri
927 2719 1039 2761 init-io,
1064 2720 1122 2752 ubi
1148 2730 1260 2753 rursus
1284 2731 1353 2753 non
1378 2724 1445 2752 tam
1465 2721 1606 2753 nomina
1629 2723 1818 2767 poetarum,

327 2785 427 2816 quam
454 2784 506 2806 res
532 2778 566 2806 et
591 2779 794 2817 argumenta
818 2780 1081 2809 commemorata
1105 2776 1276 2809 videmus:
1303 2777 1392 2819 quod
1413 2777 1534 2809 iterum
1559 2776 1596 2808 in
1614 2776 1816 2808 memoriam

325 2841 462 2864 revoces
487 2831 600 2863 velim.
648 2833 771 2876 ltaque
793 2843 834 2865 ex
858 2833 910 2866 his
929 2833 1021 2875 locis,
1041 2833 1081 2865 de
1103 2833 1224 2875 quibus
1242 2834 1341 2865 modo
1359 2832 1590 2874 disseruimus,
1617 2832 1704 2884 nibil
1721 2833 1819 2881 nobis
