1936 3392
811 307 861 353 19

118 459 215 504 tur’'
264 465 511 517 postremam
558 459 806 501 sententiam
855 457 1036 500 nobilem
1076 472 1097 499 e
1133 456 1308 498 Manilio
1342 461 1555 499 mutuatus

118 554 204 583 esse
258 538 445 590 videtur,
494 537 684 590 1759:
751 535 877 589 „Huc
927 537 1107 593 migrant
1139 551 1189 578 ex
1222 535 1318 578 orbe
1351 551 1555 592 suumque

117 617 348 662 habitantia
370 617 527 659 caelum
545 616 752 659 aethereos
767 616 913 658 vivunt
926 630 1052 657 annos
1066 614 1303 670 mundoque
1315 615 1555 657 fruuntur.''

179 696 247 740 Ad
297 695 518 739 Manilium
561 696 686 738 etiam
731 695 871 737 referri
905 695 1036 751 possit
1067 708 1208 736 versus
1247 696 1332 737 230
1368 695 1554 746 Aetnae,

117 774 229 832 quod
262 790 425 818 carmen
458 775 667 818 Lucilium
701 775 903 817 iuniorem
930 778 1138 817 auctorem
1164 773 1313 816 habere
1337 774 1492 817 dicitur
1506 775 1529 831 ¹)
1542 793 1554 827 ;

116 855 177 899 ibi
208 855 362 912 legitur
394 856 531 898 enim:

181 935 268 988 „Et
300 935 417 978 firma
449 938 614 977 aeterno
648 933 823 990 religata
855 937 915 976 est
951 933 1140 975 machina
1163 933 1342 989 (mundi)
1376 933 1554 976 vinclo.''

118 1014 244 1072 Apud
291 1014 513 1057 Manilium
545 1018 683 1056 autem
716 1013 810 1065 III,
848 1015 930 1056 55:

181 1094 431 1149 „Staretque
463 1098 629 1136 aeterno
651 1093 684 1150 2)
718 1093 917 1150 religatus
950 1092 1109 1135 foedere
1144 1092 1368 1135 mundus.”
1391 1092 1421 1149 ³)

118 1253 158 1284 de
194 1252 333 1284 fontium
370 1261 448 1287 usu,
485 1260 554 1282 cum
590 1251 687 1288 longe
721 1250 824 1281 maior
859 1259 934 1288 pars
971 1250 1020 1280 vel
1054 1251 1164 1288 potius
1189 1259 1299 1280 omnes
1323 1251 1467 1280 aetatem
1494 1260 1557 1281 non

118 1314 280 1350 tulerint,
305 1314 411 1344 iustus
435 1313 532 1343 iudex
557 1312 663 1343 dicet:
691 1321 774 1348 „non
799 1311 937 1348 liquet?

163 1375 304 1406 Bechert
338 1375 379 1406 ad
415 1374 614 1405 sententiam
647 1382 736 1404 suam
772 1373 1005 1403 stabiliendam
1031 1373 1096 1403 alia
1121 1373 1239 1403 attulit
1263 1375 1298 1403 et
1323 1374 1403 1404 haec
1427 1374 1556 1404 Firmici

120 1437 218 1467 verba
241 1437 262 1466 1.
287 1436 328 1466 IV
354 1445 422 1474 cap.
451 1437 508 1469 10,
533 1445 564 1474 p.
590 1435 651 1465 98:
680 1443 781 1472 „quae
807 1434 936 1464 divinus
960 1434 1015 1464 ille
1040 1434 1202 1465 Abraham
1227 1435 1262 1465 et
1286 1435 1559 1472 prudentissimus

122 1497 264 1528 Achilles
313 1497 492 1527 verissimis
532 1497 642 1527 conati
683 1496 759 1525 sunt
798 1496 982 1526 rationibus
1022 1496 1169 1525 invenire
1206 1496 1240 1525 et
1275 1496 1370 1526 nobis
1406 1497 1558 1526 tradere”

123 1561 254 1596 tumque
282 1558 458 1588 exclamat:
496 1558 559 1588 sie!
608 1557 669 1587 Sed
694 1566 749 1587 cur
775 1557 931 1587 tandem?
978 1557 1139 1587 Abraham
1165 1559 1254 1587 certe
1279 1566 1342 1587 non
1366 1558 1431 1587 fuit
1456 1560 1559 1589 astro-

123 1618 230 1656 logus,
255 1619 311 1648 sed
335 1619 532 1648 habebatur:
569 1616 827 1669 μνημονεύει
846 1612 894 1655 δέ
911 1619 985 1655 τοῦ
1001 1614 1162 1668 πατρὸς
1180 1616 1301 1667 ήμῶν
1320 1612 1559 1671 Ἀβράμου

123 1678 352 1732 Βηρωσσός
375 1710 385 1729 ,
431 1676 507 1718 οὐκ
558 1676 786 1731 ὀνομάζων
805 1711 816 1730 ,
867 1675 1004 1727 λέγων
1058 1675 1097 1718 δ’
1109 1677 1257 1726 οὕτως·
1310 1680 1449 1731 ,μετὰ
1482 1679 1558 1721 τὸν

122 1737 424 1793 κατακλυσμὸν
460 1737 616 1796 δεκάτῃ
652 1747 778 1795 γενεᾷ
813 1742 933 1794 παρὰ
956 1738 1205 1789 Χαλδαίοις
1230 1756 1294 1788 τις
1319 1736 1371 1793 ἦν
1391 1739 1559 1790 δίκαιος

121 1803 230 1858 ἀνὴρ
280 1803 352 1844 καὶ
400 1801 534 1857 μέγας
585 1804 660 1845 καί
699 1806 754 1845 τὰ
787 1804 970 1858 οὐράνια
1004 1802 1254 1857 ἐ’μπειρος.”
1322 1803 1559 1853 “Εκαταῒος

99 1860 167 1907 Ὕδὲ
218 1865 291 1907 καὶ
343 1869 416 1908 τοῦ
466 1870 717 1921 μνησθῆναι
768 1864 902 1909 πλέον
936 1881 978 1907 τι
1012 1867 1246 1920 πεποίηκε·
1268 1865 1443 1924 βιβλίον
1479 1869 1560 1922 γὰρ

121 1928 222 1984 usqi*
270 1927 403 1971 αὐτοῦ
453 1928 774 1983 συνταξάμενος
825 1927 1030 1972 κατέλιπε
1046 1963 1057 1976 ,
1109 1931 1230 1974 κ.τ.ἑ.
1296 1942 1384 1972 Flav.
1421 1943 1484 1972 Ios.
1511 1944 1560 1975 ed.

123 2007 248 2039 Bekker
282 2008 450 2039 Archaeol.
488 2010 519 2042 Ι,
560 2011 589 2044 7,
626 2009 646 2039 2
672 2011 759 2048 (pag.
786 2009 856 2047 30);
888 2009 926 2039 de
952 2010 1089 2046 reliquis
1113 2010 1315 2040 testimoniis
1341 2010 1381 2040 cf.
1406 2009 1560 2040 Weidleri

122 2068 270 2107 Historia
315 2070 560 2106 Astronomiae,
608 2070 836 2108 Vitembergae
886 2070 967 2101 1741
1022 2080 1094 2109 pag.
1146 2071 1284 2101 19-23.
1338 2089 1371 2092 -
1423 2072 1560 2102 Achillis

123 2120 354 2172 Εῖσαγωγὴ
405 2121 464 2168 εἷς
507 2121 563 2162 τὰ
612 2119 814 2175 Ἀράτον
858 2121 1114 2175 Φαινόμενα
1146 2133 1266 2171 partim
1303 2137 1462 2172 superest.
1512 2135 1558 2166 Cf.

122 2191 221 2230 Pauly
260 2193 480 2232 Real-Encyol.
519 2194 576 2224 sub
614 2203 690 2224 voce
726 2194 870 2225 Achilles
906 2195 940 2225 et
976 2195 1093 2226 Weidl.
1118 2196 1205 2226 Hist.
1231 2197 1362 2228 Astron.
1387 2207 1459 2236 pag.
1490 2199 1559 2228 191.

122 2255 303 2286 Modestius
338 2265 431 2293 quam
467 2256 609 2286 Bechert
643 2256 683 2286 de
720 2256 781 2286 hac
818 2265 852 2286 re
888 2257 1047 2287 iudicavit
1079 2257 1236 2294 Pingreus
1264 2267 1337 2296 pag.
1377 2259 1467 2290 VIII.
1506 2260 1560 2289 lx.

123 2316 148 2346 A
177 2318 271 2355 parte
295 2316 447 2356 opposita
471 2318 541 2348 stat
566 2317 760 2352 Salmasius,
796 2318 849 2355 qui
878 2319 977 2356 negat
1001 2318 1173 2348 Firmicum
1199 2328 1215 2348 e
1241 2319 1376 2350 Manilio
1402 2320 1561 2351 hausisse.

123 2376 172 2408 Cf.
196 2378 313 2409 Bernh.
338 2378 375 2409 R.
399 2378 432 2410 L.
456 2387 530 2418 pag.
556 2379 630 2410 556.

168 2436 194 2477 ι)
242 2439 289 2470 Cf.
314 2441 423 2471 tamen
447 2440 624 2471 Baehrens.
648 2441 739 2472 Poet.
764 2441 834 2472 Lat.
860 2442 936 2472 min.
963 2442 1025 2472 vol.
1053 2442 1101 2477 11,
1127 2451 1199 2480 pag.
1226 2443 1284 2479 30,
1310 2443 1361 2473 31.

170 2497 199 2538 ²)
246 2506 392 2532 aeterno.-
414 2501 462 2532 sio
486 2502 556 2533 sine
581 2502 678 2532 dubio
705 2511 773 2532 cum
799 2503 908 2533 Bentl.
935 2503 986 2533 est
1010 2503 1198 2540 legendum,
1225 2513 1288 2534 non
1314 2505 1449 2535 alterno.

167 2558 195 2600 ³)
241 2561 288 2592 Ab
327 2562 404 2593 aliis
439 2563 524 2594 aliae
559 2564 717 2594 notantur
752 2564 950 2594 Manilianae
987 2565 1175 2595 sententiae
1210 2566 1267 2595 aut
1301 2566 1400 2596 verba
1429 2567 1461 2596 in
1487 2567 1562 2597 aliis

77 2639 80 2642 ⁴
125 2622 342 2670 scriptoribus
377 2624 490 2660 obvia,
523 2633 604 2662 quae
628 2625 739 2655 tamen
764 2634 781 2655 e
805 2625 940 2655 Manilio
967 2627 1097 2664 sumpta
1122 2635 1193 2656 esse
1219 2636 1310 2664 nego.
1360 2627 1463 2658 Pauca
1489 2628 1561 2658 affe-

124 2692 203 2716 ram.
248 2685 432 2716 Fridericus
457 2687 552 2716 Iacob
577 2687 610 2716 111
635 2686 751 2717 Lucilii
777 2686 920 2717 Iunioris
944 2687 1050 2718 Aetna
1074 2688 1159 2726 Lips.
1189 2689 1272 2718 1826
1306 2689 1345 2718 ad
1372 2698 1416 2718 vs.
1438 2690 1516 2719 104:

838 2765 876 2770 --
904 2749 939 2779 et
965 2749 1070 2786 qualis
1094 2759 1228 2780 acervus

437 2808 540 2839 Exilit
565 2808 734 2848 inparibus
760 2809 859 2840 iactis
883 2818 922 2840 ex
946 2810 1093 2849 tempore
1118 2812 1227 2847 saxis,

129 2865 180 2898 nit
201 2865 356 2898 Lucilium
381 2866 507 2899 Manilii
531 2869 623 2906 sequi
648 2869 708 2899 hos
731 2877 842 2899 versus
866 2869 892 2900 Ι.
920 2869 999 2900 165:

440 2929 605 2960 Emersere
629 2930 727 2961 fretis
751 2930 879 2961 montes
903 2931 1055 2969 orbisque
1079 2941 1137 2970 per
1160 2932 1262 2962 undas

439 2990 582 3028 exsiliit,
608 2993 701 3023 vasto
726 2992 854 3022 clausus
878 2992 988 3024 tamen
1015 2993 1156 3030 undique
1179 2994 1291 3031 ponto,
