1936 3392
22 2878 51 2908 *gr*

182 822 300 867 Inter
330 826 473 881 poetas
506 822 712 865 Romanos
744 820 928 877 Augusti
961 835 1060 863 aevo
1093 819 1286 862 fiorentes
1316 819 1460 862 nullus
1482 819 1565 862 fere

119 903 224 947 adeo
270 903 379 945 iacet
425 889 641 958 neglectus
657 934 669 953 ,
716 901 820 956 quin
861 899 1050 943 nostrum
1095 899 1309 942 saeculum
1328 933 1342 952 ,
1378 899 1564 941 omnium

120 989 257 1027 rerum
287 982 562 1026 humanarum
596 984 722 1036 atque
746 980 982 1022 divinarum
1000 979 1260 1031 studiosum,
1285 979 1426 1021 studia
1445 979 1567 1021 docta

120 1062 175 1105 ad
221 1062 311 1104 eius
357 1076 482 1119 opera
523 1061 736 1116 vitamque
779 1059 1050 1117 applicaverit
1067 1077 1079 1111 ς
1125 1064 1168 1101 at
1210 1074 1320 1102 unus
1365 1059 1567 1102 Manilius

122 1141 308 1184 animum
348 1145 613 1197 mentemque
657 1140 876 1182 doctorum
908 1139 954 1181 in
987 1154 1030 1181 se
1064 1144 1301 1181 convertere
1334 1138 1565 1194 nequibat3

121 1235 218 1263 nam
257 1220 383 1278 pauci
413 1220 502 1272 illi,
537 1220 610 1276 qui
642 1234 727 1262 non
749 1233 916 1276 prorsus
941 1233 1036 1261 eum
1055 1217 1569 1274 neglegebant,videntur

123 1299 328 1342 censuisse
384 1298 608 1342 Manilium
662 1299 714 1341 ad
768 1298 908 1341 studia
962 1298 1234 1353 grammatica
1288 1297 1568 1355 promovenda

123 1378 414 1421 tantummodo
479 1379 654 1435 dignum
718 1391 808 1420 esse
825 1410 839 1430 ,
895 1378 969 1432 qui
1023 1376 1245 1434 legeretur.
1311 1376 1426 1430 Quin
1482 1378 1568 1435 ipse

124 1457 305 1501 Jaeobus
322 1491 334 1511 ‚
379 1459 453 1514 qui
494 1458 573 1500 hoc
615 1457 778 1500 saeculo
822 1457 1049 1514 plurimum
1093 1471 1239 1513 operae
1290 1457 1388 1499 huic
1420 1457 1567 1514 poetae

125 1537 356 1594 impendit,
425 1537 474 1579 ad
529 1538 617 1580 eius
676 1552 821 1593 poema
875 1541 924 1578 ut
977 1536 1236 1578 anatomicus
1290 1535 1342 1578 ad
1397 1535 1570 1579 cadaver

126 1617 299 1660 accessit
307 1649 321 1669 ‚
386 1631 534 1673 nempe
597 1620 646 1658 ut
709 1614 1009 1673 particularum
1069 1615 1330 1670 quarundam
1385 1616 1467 1657 vim
1523 1632 1569 1659 ac

126 1699 321 1741 natm-am*
367 1694 533 1753 plenius
581 1693 660 1738 sibi
710 1695 900 1752 aperiret.
969 1694 1048 1746 Et,
1095 1694 1214 1750 quasi
1259 1710 1354 1737 eum
1396 1695 1572 1752 puderet

123 1774 284 1832 ingentii
311 1773 491 1817 ¹labores
522 1775 567 1816 in
598 1778 764 1831 poetam
794 1773 1050 1830 astrologum
1074 1773 1324 1827 contulisse,
1364 1780 1413 1817 ut
1430 1779 1571 1817 tantae

123 1854 348 1901 temeritati
403 1854 692 1910 ¹audaciaeque
758 1869 856 1896 suae
905 1854 1163 1911 ignosceres,
1231 1855 1320 1913 ipse
1363 1855 1570 1911 professus

125 1933 313 1977 videm-2
368 1933 511 1990 „quod
565 1938 706 1976 autem
757 1934 847 1990 ipse
900 1949 965 1976 me
1020 1933 1146 1976 altius
1200 1934 1246 1976 in
1303 1934 1570 1991 astrologicas

126 2014 440 2072 superstitiones
456 2006 755 2070 immergerem,
774 2013 818 2055 in
837 2028 959 2055 causa
976 2018 1062 2055 erat
1075 2015 1165 2070 ipsa
1175 2014 1256 2056 ista
1269 2014 1568 2070 particularum

127 2092 423 2136 consectatio.”
456 2094 484 2150 ¹)
547 2093 704 2136 Eadem
751 2097 890 2135 autem
935 2108 1058 2136 causa
1097 2093 1148 2136 ad
1192 2094 1369 2136 eundem
1403 2099 1567 2151 poetam

127 2171 246 2232 duxit
296 2169 531 2216 Malvinum
585 2172 786 2225 Bechert‚
836 2172 973 2216 virum
1019 2173 1104 2215 iam
1151 2187 1264 2216 nunc
1311 2174 1468 2230 optime
1518 2173 1569 2215 de

126 2252 303 2297 Manilio
350 2254 569 2306 meritum,
631 2253 705 2308 qui
753 2252 874 2310 plura
911 2258 1051 2295 tamen
1066 2285 1080 2305 ,
1135 2268 1284 2296 novam
1318 2253 1567 2306 editionem,

125 2331 244 2375 nobis
291 2337 552 2390 exoptatam,
606 2331 811 2390 promisit.
884 2330 1162 2384 „Instituenti
1210 2332 1343 2384 mihi,
1394 2333 1536 2388 inquit
1553 2366 1565 2384 ‚

126 2412 312 2471 proximo
345 2428 454 2457 anno
487 2413 532 2455 in
559 2411 622 2456 M.
645 2411 813 2455 Manilii
833 2415 980 2469 poetae
1003 2427 1126 2454 usum
1142 2416 1269 2468 atque
1286 2412 1566 2455 elocutionem

126 2493 382 2546 accuratim,
431 2508 556 2549 quam
598 2493 735 2536 adhuc
777 2493 934 2546 factum
977 2507 1064 2534 esse
1106 2491 1320 2544 videbam,
1355 2492 1567 2548 inquirere
1628 2533 1629 2537 ,

125 2573 267 2616 statim
309 2573 526 2630 apparuit,
569 2573 622 2616 iis
665 2572 834 2628 quidem
883 2571 1076 2624 auxiliis,
1122 2587 1227 2628 quae
1259 2586 1371 2615 nunc
1403 2578 1567 2630 praesto

128 2657 226 2695 sunt
241 2685 254 2706 ‚
304 2653 421 2696 nullo
469 2657 590 2712 pacto
633 2652 686 2696 ad
727 2657 886 2696 certum
928 2652 1052 2695 finem
1095 2653 1302 2709 perveniri
1344 2652 1509 2709 posse.'’
1535 2655 1566 2709 ²)

173 2809 200 2851 ¹)
246 2813 297 2844 Fr.
321 2811 439 2849 Jacob,
463 2812 509 2844 De
532 2812 575 2843 M.
599 2809 736 2844 Manilio
761 2813 870 2851 poeta.
896 2811 1006 2848 Progr.
1031 2808 1158 2841 Liibeck
1187 2809 1286 2847 1832,
1311 2816 1384 2849 pag.
1410 2811 1441 2840 ι).

172 2873 199 2913 ²)
245 2875 292 2905 De
315 2875 358 2905 M.
381 2875 507 2907 Manilii
533 2873 725 2906 emendandi
744 2874 874 2905 ratione
894 2873 1031 2911 scripsit
1047 2873 1209 2903 Malvinus
1227 2872 1378 2902 Bcchert.
1399 2871 1565 2909 Leipzigcr

130 2935 267 2966 Studien
291 2945 345 2965 zur
370 2936 563 2966 classischen
590 2935 783 2971 Philologio.
822 2936 933 2965 Erstcr
947 2935 1055 2969 Hand,
1075 2935 1180 2963 vrstcs
1197 2934 1288 2964 Hcft.
1310 2934 1404 2964 1375.
1423 2933 1564 2970 Leipzig.

130 2997 247 3028 Hirzel.
