1910 3250
762 255 1013 302 ..9-

50 382 54 427 Ξ
123 391 488 432 commemoratum
529 384 729 440 videmus,
777 400 925 443 neque,
972 385 1047 428 etsi
1095 384 1189 444 plus
1234 384 1331 428 inde
1382 385 1649 429 emolumenti

54 455 55 459 ¹
123 457 281 516 percipi
309 456 475 514 poterit,
509 455 533 497 l.
562 455 626 497 IV
658 472 696 500 v,
730 456 784 498 23
814 462 1068 512 ceterosque,
1102 456 1249 513 quibus
1273 456 1472 513 temporis
1494 456 1651 498 ratione

6 562 9 563 ν
123 527 264 571 habita
284 526 569 569 Romanorum
602 524 813 567 fortissimi
838 525 915 566 viri
939 525 1180 579 afferuntur,
1212 525 1282 582 qui
1314 532 1359 567 ut
1380 526 1470 568 urbi
1493 525 1651 568 Romae

122 610 309 640 summae
339 594 505 637 utilitati
539 600 686 647 essent,
718 594 986 637 satisfactum
1019 594 1231 636 audimus:
1265 595 1357 636 fatis
1381 595 1488 637 enim
1508 596 1651 637 orbem

47 665 53 690 s
123 665 212 723 regi
242 665 436 723 quoniam
469 663 753 706 demonstrare
780 663 856 704 sibi
879 664 1094 720 proposuit
1117 664 1194 706 hoc
1217 663 1320 717 loco,
1352 679 1524 707 exorsus
1555 664 1652 707 inde

55 760 57 762 -
123 735 177 779 ab
204 734 359 778 eversis
389 733 540 776 Troiae
572 733 787 775 moenibus
828 748 875 774 ae
904 733 1064 775 Romae
1094 734 1197 775 casis
1230 741 1375 775 enatae
1407 733 1567 790 origine
1599 733 1651 775 ad

60 828 62 831 v
124 804 369 848 clarissimos
397 802 584 845 homines
616 810 737 859 poeta
762 802 918 853 transit,
952 803 1022 859 qui
1054 803 1304 859 reipublicae
1334 803 1486 845 liberae
1519 809 1652 845 aetate

111 873 208 918 ‘suis
258 872 428 929 egregie
470 872 732 930 profuerant,
779 887 941 928 pugnas
978 887 1026 913 ae
1068 872 1178 914 bella
1219 887 1312 914 cum
1353 872 1489 929 gloria
1534 879 1652 929 gesta

47 937 51 939 ⁵
125 949 432 995 commemorat,
477 941 719 998 perstringit
750 940 973 983 discordias
1003 941 1157 995 civiles,
1196 941 1422 999 alloquitur
1450 941 1651 997 Magnum

54 1011 57 1023 ἱ
124 1011 383 1067 Pompeium,
417 1011 538 1053 affert
558 1016 767 1067 postremo
791 1010 912 1052 huius
935 1010 1182 1053 domitorem
1208 1011 1491 1069 victoremque
1513 1010 1561 1055 C.
1585 1011 1652 1052 Iu-

59 1075 62 1083 ²
125 1082 226 1125 lium
258 1079 480 1125 Caesarem
512 1080 574 1121 his
603 1079 739 1122 verbis
772 1095 868 1121 usus
901 1079 979 1135 (IV
1011 1081 1066 1123 57
1098 1080 1195 1136 sq.):

331 1161 412 1206 Ille
434 1164 561 1205 etiam
593 1163 704 1204 caelo
733 1164 902 1218 qen-itus
933 1163 1126 1219 caeloque
1158 1168 1346 1219 receptus

336 1233 440 1275 Cum
470 1232 566 1274 bene
592 1234 831 1287 compositis
855 1235 988 1274 ve'etor
1018 1232 1211 1275 civilibus
1240 1235 1374 1275 armis

333 1302 450 1344 ιῙτινα
474 1307 594 1358 toqae
620 1307 789 1358 repleret,
820 1305 971 1344 totiens
984 1304 1215 1358 praedicta-
1246 1316 1391 1344 cavere

342 1372 533 1414 Vulnera
563 1387 648 1414 non
669 1374 814 1428 potuit
844 1377 926 1414 toto
959 1377 1167 1428 spectante
1194 1378 1344 1415 senatu

332 1442 550 1485 Indicium
578 1442 731 1484 (lextra
755 1444 939 1485 retinens
964 1456 1194 1499 nomenque
1222 1455 1372 1484 cruore

334 1511 502 1554 Delevit
522 1514 720 1568 proprio,
744 1517 915 1567 possent
945 1517 991 1554 ut
1020 1514 1185 1555 vincere
1202 1512 1324 1567 fata.

50 1638 54 1639 ⁷
128 1590 254 1638 Unde
320 1607 451 1650 usque
509 1593 561 1634 ad
630 1593 850 1637 Octaviani
917 1599 1105 1651 tempora
1167 1599 1332 1650 poetam
1395 1591 1653 1634 descendisse

126 1668 251 1719 patet.
283 1686 333 1694 -
367 1662 566 1720 Inspicias
600 1663 721 1704 velim
754 1663 781 1708 l.
815 1664 834 1704 1
866 1679 903 1705 v.
933 1663 1016 1706 750
1040 1679 1116 1720 sq.,
1150 1663 1299 1720 quibus
1327 1662 1378 1704 de
1399 1662 1498 1704 orbe
1530 1676 1652 1718 quem

127 1730 268 1774 dicunt
298 1731 429 1774 lacteo
457 1731 596 1788 agitur
627 1732 746 1789 eique
778 1739 1024 1775 enarrantur
1055 1732 1145 1786 viri,
1179 1747 1354 1789 quorum
1379 1731 1539 1773 animae
1566 1746 1653 1773 cor·

49 1813 54 1826 ³
126 1815 228 1859 pore
259 1815 449 1858 egressae
480 1801 577 1843 illue
613 1801 896 1858 migraverint.
958 1801 1088 1844 Poeta
1126 1809 1344 1859 postquam
1377 1801 1531 1858 priscos
1563 1801 1653 1843 illos

127 1870 314 1914 homines
344 1870 516 1928 protulit
546 1885 773 1928 eorumque
804 1871 914 1912 huno
946 1870 1075 1924 illum,
1119 1871 1188 1928 qui
1230 1871 1338 1912 inter
1369 1869 1551 1913 Graecos
1582 1885 1653 1911 seu

17 1943 23 1954 ⁵
58 1936 61 1937 ⁷
126 1939 238 1998 pacis
255 1955 328 1983 seu
359 1939 455 1982 belli
484 1940 641 1981 artibus
663 1940 914 1983 excellentes
937 1940 1194 1993 exstiterant,
1226 1940 1278 1983 de
1299 1940 1496 1982 Romanis
1523 1939 1652 1996 loqui-

53 2003 64 2035 s¹
128 2017 216 2053 tur:
246 2009 368 2052 affert
399 2016 538 2052 autem
570 2024 690 2066 reges
730 2016 854 2066 atque
900 2011 1006 2052 serie
1046 2016 1280 2067 temporum
1312 2010 1345 2051 si
1378 2024 1459 2052 non
1491 2024 1655 2051 accura-

54 2077 57 2079 ’
128 2079 295 2133 tissime,
328 2085 510 2121 attamen
542 2079 581 2120 in
616 2079 855 2121 universum
887 2086 1050 2121 servata
1078 2080 1148 2136 qui
1180 2085 1272 2136 post
1302 2080 1376 2122 hos
1406 2079 1654 2136 reipublicae

129 2148 235 2192 bene
259 2148 541 2191 consuluerint
571 2163 746 2205 eamque
768 2149 987 2206 triumphis
1009 2150 1270 2192 ornaverint:
1303 2147 1514 2201 Camillos,
1545 2148 1651 2190 Mar-

58 2237 66 2254 :
130 2217 270 2272 cellos,
302 2217 427 2271 alios3
458 2218 578 2260 affert
608 2217 812 2272 Metellos,
843 2217 1059 2272 Catonem,
1091 2219 1281 2261 fortunae
1304 2218 1513 2271 victorem,
1535 2217 1656 2259 affert

51 2305 66 2342 j
129 2287 378 2346 Agrippam,
418 2288 538 2330 affert
579 2288 758 2345 denique
798 2288 958 2345 prolem
991 2289 1152 2342 Iuliam,
1197 2302 1303 2345 quae
1334 2288 1447 2330 caelo
1486 2287 1654 2330 descen-

8 2354 9 2357 *
130 2357 237 2400 derit
275 2357 519 2414 caelumque
565 2358 810 2415 repleverit:
860 2358 969 2415 quod
1014 2373 1160 2414 regere
1201 2358 1456 2414 Augustum.
1519 2357 1654 2399 Huius

51 2456 80 2483 5,
130 2440 228 2470 vero
259 2427 424 2471 nomine
452 2427 672 2470 enarrandi
704 2428 829 2470 finem
853 2428 950 2470 facit
982 2443 1058 2471 nee
1087 2428 1237 2470 deinde
1262 2428 1428 2484 longius
1454 2426 1654 2485 procedit.

268 2496 414 2541 Simile
442 2496 597 2554 aliquid
615 2497 656 2539 in
681 2497 762 2539 alia
792 2497 976 2539 eiusdem
1006 2497 1098 2539 libri
1121 2503 1237 2555 parte
1262 2496 1472 2540 observari
1505 2503 1653 2554 potest.

9 2557 14 2559 Δ
59 2572 68 2604 ἑ
131 2565 384 2624 Temporum
415 2566 524 2608 enim
556 2567 720 2609 ordines
750 2567 791 2608 in
824 2582 961 2610 rerum
995 2567 1269 2624 descriptione
1297 2567 1420 2609 etiam
1452 2582 1476 2608 a
1498 2583 1536 2610 v,
1570 2567 1653 2608 906

57 2626 76 2675 J
131 2650 261 2694 usque
290 2635 343 2678 ad
371 2652 412 2680 v,
443 2636 528 2678 926
565 2636 718 2678 servati
758 2644 867 2681 sunt.
928 2637 1084 2693 Tangit
1114 2637 1309 2679 Manilius
1349 2637 1458 2679 bella
1498 2636 1652 2677 civilia:

45 2715 73 2722 ’“
131 2705 285 2748 mentio
313 2705 361 2747 fit
389 2720 555 2762 pugnae
586 2706 866 2764 Philippensis
898 2706 955 2762 (v,
978 2707 1080 2760 909)
1113 2713 1154 2749 et
1172 2707 1435 2748 Pharsalicae
1468 2706 1522 2761 (v.
1552 2705 1654 2759 913)

131 2788 266 2832 neque
308 2774 510 2818 omittitur
551 2774 703 2817 bellum
735 2776 952 2818 Actiacum
985 2776 1043 2832 (v,
1074 2777 1176 2831 914)
1216 2783 1287 2818 aut
1316 2776 1358 2817 id
1388 2775 1498 2832 quod
1528 2775 1656 2831 gessit

47 2826 94 2887 ⁷
133 2843 288 2888 Sextus
322 2845 545 2902 Pompeius
577 2847 634 2900 (V.
665 2845 789 2900 920):
831 2846 1048 2889 deducitur
1085 2846 1266 2903 denique
1306 2845 1486 2887 narratio
1525 2859 1655 2901 usque

132 2913 185 2956 ad
216 2914 398 2971 Augusti
430 2921 606 2958 aetatem
638 2929 773 2971 neque
803 2915 871 2957 hic
900 2916 994 2957 finis
1024 2915 1233 2970 transitur,
1266 2915 1338 2957 sed
1355 2921 1470 2971 optat
1501 2914 1540 2955 in
1572 2914 1655 2956 fine
