1910 3250
0 113 12 170 ,wf-
0 0 14 104 —p-vxrv—

951 291 1013 307 .--
1076 271 1234 309 38—-

382 395 482 443 ipse,
511 396 556 430 ut
583 403 617 430 a.
638 392 753 430 1832:
781 389 939 428 laudem
964 389 1074 427 illam
1099 393 1193 439 post
1212 389 1423 429 Octaviani
1442 394 1608 431 mortem
1626 393 1827 442 scriptam,

381 472 416 498 a.
455 461 574 498 1846:
609 457 861 507 impertiente
898 468 982 494 eam
1015 460 1135 506 poeta
1163 457 1366 495 Tiberium
1391 459 1433 496 in
1460 459 1628 508 imperio
1657 459 1832 498 nondum

384 526 619 564 successisse
647 524 788 562 iisdem
816 524 996 562 versibus
1025 524 1323 562 demonstraret.
1361 547 1408 552 —
1448 525 1570 563 Cuius
1596 526 1674 564 viri
1700 531 1832 576 poste-

380 594 465 632 rior
504 592 644 642 opinio
680 591 793 628 vanis
831 591 1074 640 argumentis
1108 594 1364 631 sustentatur.
1418 592 1574 631 Horum
1601 594 1833 633 carducum

382 661 425 698 in
459 658 690 708 participio,
729 660 836 706 quod
870 661 932 696 est
958 659 1256 708 ‚‚recturus“‚
1292 660 1378 697 solo
1405 663 1595 708 versetur,
1630 661 1742 699 nullo
1770 674 1835 700 ne-

381 729 496 778 gotio
531 727 766 775 effringitur.
819 727 937 764 Licet
971 726 1074 764 enim
1109 738 1154 764 ea
1190 726 1300 764 verbi
1328 726 1454 764 forma
1482 728 1632 777 optimo
1661 727 1833 767 iure'ita

381 795 453 843 uti,
489 797 535 831 ut
569 794 816 842 significetur
851 805 932 831 non
968 794 1014 842 is,
1051 794 1118 842 qui
1153 794 1258 831 haud
1292 794 1349 831 ita
1381 794 1506 831 multo
1541 799 1636 844 post
1667 796 1717 834 ad
1752 808 1835 836 rem

380 861 581 912 publicam
614 871 841 900 accessurus
875 866 947 909 est,
983 861 1050 898 sed
1085 862 1131 910 is,
1167 862 1229 898 cui
1256 861 1392 898 Rhodi
1427 862 1599 900 moranti
1625 862 1703 900 iam
1730 863 1832 902 fato

382 929 628 968 destinatum
664 932 724 966 est
758 928 974 976 aliquando
1008 927 1215 977 imperium
1242 929 1484 966 submittere.
1536 928 1641 967 Nam
1666 929 1834 968 Rhodus

382 1010 455 1036 nec
490 997 687 1035 scribente
722 999 845 1045 poeta
879 999 940 1033 est
975 994 1150 1044 principi
1185 996 1404 1044 hospitium
1432 1008 1503 1034 nec
1529 996 1607 1034 fuit
1632 999 1751 1035 antea
1775 1009 1835 1036 re-

383 1064 506 1114 genti,
543 1063 649 1112 quod
684 1064 947 1111 subsequente
976 1062 1138 1110 „tum‘⁴
1168 1063 1368 1111 particula
1395 1074 1468 1112 per
1495 1074 1536 1100 se
1562 1063 1693 1112 ipsum
1719 1064 1834 1103 intel-

384 1132 543 1181 legitur.
601 1131 733 1179 Quare
770 1126 965 1168 orationis
1001 1130 1177 1167 brevitas
1210 1142 1234 1167 a
1268 1129 1438 1167 Manilio
1473 1130 1621 1180 passim
1653 1130 1835 1169 affectata

384 1199 634 1237 commendat
665 1209 778 1236 usum
803 1197 1010 1247 participii
1038 1197 1194 1243 Futuri,
1231 1198 1272 1234 in
1301 1209 1378 1245 quo
1409 1209 1507 1245 quae
1533 1198 1632 1236 insit
1658 1198 1719 1236 vis
1747 1210 1836 1248 sup·

385 1267 495 1317 pleta
534 1266 680 1315 „olim“
715 1265 914 1315 particula
947 1265 1157 1303 admodum
1187 1270 1367 1314 apparet.
1410 1287 1456 1292 -
1497 1265 1653 1303 Deinde
1689 1265 1834 1304 Jacobi

385 1335 526 1373 verba:
545 1333 885 1383 ,‚Praesentis‚
906 1333 1037 1379 credo,
1056 1333 1203 1370 saeculi
1219 1332 1449 1370 felicitatem
1463 1332 1646 1370 laudaret
1667 1333 1835 1383 (poeta),

386 1401 420 1439 si
447 1402 525 1439 iam
551 1400 760 1451 imperium
787 1399 930 1437 fuisset
956 1399 1124 1448 adeptus
1158 1399 1402 1448 (Tiberius);
1437 1399 1504 1437 sed
1531 1399 1574 1436 in
1601 1399 1686 1438 eius
1713 1399 1836 1438 socie-

386 1471 509 1507 tatem
543 1470 747 1517 acceptum
779 1469 863 1505 tum
896 1467 973 1505 iam
1007 1467 1129 1505 fuisse
1164 1479 1213 1504 ex
1245 1458 1307 1505 h'is
1341 1467 1474 1505 verbis
1508 1467 1748 1507 concludas“
1787 1488 1836 1495 —

387 1537 484 1586 quid
518 1536 644 1574 velint
680 1535 862 1584 equidem
895 1547 975 1572 non
1004 1534 1038 1572 is
1067 1547 1163 1584 sum,
1199 1535 1267 1583 qui
1296 1535 1536 1584 intellegam.
1591 1534 1708 1572 Talia
1733 1534 1837 1573 enim

384 1604 523 1654 posuit
554 1603 724 1653 proinde
763 1603 876 1652 quasi
909 1606 1068 1652 praeter
1104 1606 1253 1640 ceteras
1286 1603 1471 1652 regiones
1503 1602 1671 1640 Rhodus
1705 1602 1837 1640 insula

385 1669 549 1708 Tiberio
592 1669 804 1706 continuae
845 1680 959 1706 curae
1001 1668 1143 1706 fuisset
1177 1671 1218 1706 et
1251 1669 1481 1707 diuturnum
1517 1670 1747 1718 hospitium.
1788 1691 1837 1698 —-

386 1738 487 1775 Item
513 1736 647 1786 pergit
674 1737 924 1782 hallucinari,
953 1749 1001 1774 ne
1032 1736 1126 1784 quid
1155 1737 1316 1785 gravius
1345 1737 1485 1784 dicam,
1513 1749 1599 1775 cum
1626 1737 1668 1775 in
1687 1737 1836 1787 pagina

386 1804 646 1852 subsequenti
675 1805 833 1842 scribit:
862 1806 934 1853 „In
962 1804 1075 1841 libris
1103 1804 1244 1852 primis
1274 1817 1354 1841 non
1382 1805 1501 1842 semel
1524 1805 1729 1843 Tiberium
1753 1806 1837 1843 tum

386 1872 428 1910 in
479 1873 609 1909 insula
653 1872 799 1910 Rhodo
846 1872 1071 1910 latitantem
1115 1871 1386 1920 Romanisque
1431 1872 1602 1910 invisum
1643 1872 1838 1922 carpsisse

386 1940 685 1978 animadverto“
714 1941 833 1988 idque
861 1944 906 1977 ut
931 1940 1087 1988 probet,
1118 1939 1405 1988 Capricornum
1425 1939 1578 1977 Tiberii
1604 1951 1723 1977 causa
1747 1951 1838 1988 pro·

389 2021 481 2046 num
509 2012 549 2046 et
575 2011 725 2046 tortum
752 2007 832 2045 dici
861 2007 1013 2044 statuit.
1067 2007 1175 2054 Quid
1204 2007 1306 2045 enim
1332 2007 1558 2056 perversius
1586 2006 1839 2056 excogitatur

389 2087 505 2124 quam
529 2076 646 2114 haec:
675 2075 784 2124 „Sub
807 2075 1055 2125 Capricorno
1084 2078 1200 2112 natus
1229 2077 1314 2112 erat
1334 2074 1531 2123 Tiberius,
1558 2073 1710 2112 invisus
1737 2073 1839 2122 urbi,

388 2156 474 2182 cum
510 2144 630 2193 primi
664 2143 706 2181 hi
739 2143 835 2181 libri
864 2143 1145 2181 scriberentur.
1198 2141 1297 2180 Inde
1325 2142 1507 2190 ambigue
1535 2142 1733 2190 ‚‚tortum⁴‘
1768 2141 1839 2191 (ΙΙ,

388 2213 477 2261 290)
516 2212 542 2250 i.
578 2223 610 2250 e.
645 2212 855 2250 obscurum
889 2215 930 2248 et
963 2211 1146 2248 dolosum
1179 2210 1255 2247 hoc
1283 2209 1392 2247 sidus
1420 2213 1634 2258 nuncupat.
1686 2208 1840 2247 Eodem

387 2279 531 2327 refero,
568 2278 673 2327 quod
703 2290 822 2328 supra
854 2278 1037 2316 similiter
1064 2277 1245 2315 alludens
1274 2277 1492 2326 „p1·onum“
1527 2276 1598 2326 (11,
1627 2276 1717 2324 253)
1753 2288 1840 2314 eum

389 2347 516 2385 iacere
553 2347 724 2384 dicebat.
778 2346 826 2383 In
858 2346 989 2383 insula
1016 2345 1162 2382 Rhodo
1191 2349 1286 2382 tunc
1314 2344 1380 2381 ille
1410 2343 1612 2392 neglectus
1639 2343 1688 2381 ab
1717 2343 1839 2381 omni-

381 2414 458 2451 bus
509 2413 736 2451 latitabat.“
804 2413 893 2460 Quo
933 2413 1093 2450 tandem
1131 2412 1248 2450 modo
1290 2413 1396 2449 intra
1435 2411 1623 2449 tredecim
1663 2409 1839 2453 aunosffi)

383 2480 586 2530 Scorpius
615 2492 654 2518 se
683 2481 805 2518 vertit
832 2481 874 2517 in
899 2479 1212 2529 Capricornum?
1253 2479 1345 2516 Hoc
1373 2479 1528 2527 signum
1546 2478 1725 2527 Augusti
1752 2478 1839 2527 fuit,

379 2560 461 2586 non
509 2546 720 2590 Tiberii.¹⁴)
789 2547 857 2584 An
906 2547 1013 2587 cadit
1060 2548 1102 2584 in
1143 2547 1378 2586 Suetonium
1424 2545 1556 2583 subito
1597 2557 1643 2584 ac
1681 2548 1840 2596 poetam

471 2700 511 2744 ¹³)
538 2699 610 2738 Ofr,
643 2699 768 2743 Progr.
795 2698 886 2733 Lub.
911 2710 946 2743 p.
974 2701 994 2732 7
1018 2703 1055 2733 et
1079 2699 1134 2733 ed.
1160 2710 1192 2743 p.
1219 2700 1261 2732 57
1286 2703 1378 2733 extr.
1429 2698 1470 2743 ¹⁴)
1497 2697 1568 2732 Cfr.
1594 2695 1712 2732 Germ.
1736 2696 1840 2732 Arat.

379 2768 411 2791 v.
435 2757 501 2795 558
525 2758 562 2791 et
601 2755 672 2803 huj.
698 2755 782 2790 diss.
807 2765 842 2799 p.
868 2755 923 2797 28,
948 2756 1002 2790 33.
