1930 3320
402 389 495 427 Jam
515 398 612 425 vero
638 384 760 423 tertia
787 388 912 423 tantae
941 385 1154 435 tragoediae
1178 398 1370 437 persona,
1391 390 1622 426 monstrum
1648 387 1875 440 inducitur,

404 462 487 501 quo
508 461 593 489 non
616 448 751 500 ipsum
772 447 875 486 illud
894 448 1160 488 Theramenis
1181 453 1419 500 portentum
1439 451 1663 491 immanius
1682 455 1743 491 est
1765 464 1774 493 :

821 576 1002 612 Gravidus
1017 577 1098 623 jam
1117 587 1271 623 surgere
1288 579 1425 624 pontus

589 631 773 676 Coeperat,
796 632 859 664 aut
880 630 991 675 longo
1013 629 1209 675 fugiebant
1227 629 1378 675 agmine
1400 630 1534 666 fluctus

588 682 806 727 Impellentts
826 691 914 716 onus
933 683 1095 716 monstri.
1119 681 1238 727 Caput
1264 681 1403 716 eminet
1419 681 1531 717 undis

590 733 820 775 Frendentis,
841 734 1070 779 pelagusque
1086 733 1218 778 vomit,
1241 735 1479 769 circumsonat
1497 744 1619 779 aequor

591 785 776 828 DentibuS,
799 786 909 829 inque
926 786 1004 830 ipso
1023 785 1194 830 rapidum
1214 795 1311 820 mare
1331 786 1478 829 naviyat
1499 795 1570 820 ore.

589 836 680 871 Hinc
695 835 789 871 vasti
808 838 962 881 turgent
979 835 1172 870 immensis
1189 835 1382 882 torquibus
1401 836 1525 879 orbes,

589 890 775 932 Ter-quque
794 891 1006 923 consumunt
1021 888 1196 932 pelaqus;
1218 890 1323 922 sonat
1342 887 1508 934 undique
1527 887 1707 934 Phorcys;

587 939 707 985 Atque
722 940 797 984 ipsi
815 942 978 974 metuunt
991 943 1126 975 montes
1141 940 1345 984 scopulique
1365 942 1543 976 ruentem.

403 1068 493 1107 Tali
512 1068 760 1108 adventante
780 1069 933 1117 bellua,
956 1069 1070 1109 locus
1091 1069 1178 1120 jam
1200 1073 1332 1121 poetae
1353 1068 1514 1108 videtur
1539 1081 1624 1108 esse
1647 1066 1875 1108 Androme-

401 1132 498 1171 dam
518 1131 772 1185 alloquendi,
793 1132 923 1184 cujus,
946 1133 1083 1183 credo,
1107 1133 1263 1172 tristior
1281 1133 1417 1172 vultus
1436 1132 1530 1172 fuit.

588 1257 718 1292 Infelix
739 1258 859 1305 virgo,
879 1259 1052 1304 quamvis
1073 1259 1143 1294 sub
1163 1258 1307 1294 vindice
1326 1260 1447 1302 tanto,

590 1309 680 1351 Quae
698 1312 764 1344 tua
782 1313 874 1344 tunc
889 1310 1014 1345 fuerat
1037 1310 1175 1345 facies?
1196 1311 1292 1351 Quas
1311 1311 1408 1354 fuqz‘t
1428 1311 1468 1344 in
1487 1320 1596 1345 auras

589 1360 774 1406 Spiritus?
792 1363 833 1396 ut
851 1364 931 1396 toto
952 1363 1150 1396 caruerunt
1169 1361 1352 1408 sanguine
1372 1360 1569 1396 membra?

588 1413 682 1448 Cum
700 1416 763 1449 tua
781 1415 860 1457 fata
878 1417 974 1449 cavis
995 1417 1014 1448 e
1034 1414 1189 1459 rupibus
1209 1416 1290 1459 ipsa
1305 1414 1458 1458 videres,

588 1465 862 1511 Adncmtemque
882 1467 947 1501 tibi
957 1476 1114 1511 poenam,
1137 1465 1368 1512 pelagusque
1388 1465 1588 1509 ferentem,

588 1517 780 1559 Quantula
798 1518 927 1564 praeda
946 1517 1080 1554 maris!

400 1647 545 1698 Pugna
565 1652 703 1688 autem
727 1648 985 1701 aliquantum
1005 1649 1141 1700 friget,
1163 1649 1238 1688 etsi
1258 1652 1380 1701 poeta
1399 1660 1484 1687 non
1513 1645 1750 1688 communia
1776 1657 1872 1697 rep·

402 1711 508 1762 perit
530 1725 538 1751 :

868 1815 1015 1858 Quassis
1034 1815 1094 1852 hic
1117 1816 1287 1852 subvolat
1306 1815 1375 1851 alis

585 1868 743 1903 Perseus
761 1869 797 1902 et
816 1869 906 1903 caelo
926 1868 1093 1914 pendens
1102 1867 1290 1913 jaculatur
1310 1867 1347 1902 in
1361 1867 1522 1908 hostem,

587 1920 786 1965 Gorgoneo
809 1920 967 1955 tinctum
989 1920 1155 1966 defigens
1173 1918 1353 1965 sanguine
1377 1918 1534 1954 serrum.

587 1971 653 2006 Illa
674 1972 774 2006 subit
793 1974 936 2016 contra,
958 1982 1179 2018 versamque
1201 1982 1222 2006 a
1246 1970 1394 2017 gurgite
1416 1970 1582 2005 frontem

532 2037 534 2039 ·
586 2023 716 2070 Erigit,
738 2027 775 2059 et
794 2024 902 2059 tortis
922 2024 1084 2059 innitens
1105 2023 1256 2059 orbibus
1275 2024 1348 2058 alte

586 2075 743 2120 Emicat,
766 2087 808 2111 ac
822 2078 903 2112 toto
923 2076 1094 2112 sublimis
1110 2086 1266 2122 corpore
1285 2075 1417 2111 fertur.

587 2127 660 2163 Sed
680 2131 870 2173 quantum
888 2128 953 2164 illa
975 2128 1087 2172 subit,
1110 2138 1285 2174 spumam
1307 2126 1496 2172 ejuculata
1516 2124 1720 2172 profundo,

585 2179 626 2214 In
645 2181 795 2214 tantum
812 2180 967 2223 revolat,
987 2180 1191 2225 laxumque
1211 2190 1279 2226 per
1294 2179 1435 2214 aethera
1450 2177 1547 2212 ludit

586 2231 757 2275 Perseus,
779 2234 816 2266 et
834 2231 907 2267 ceti
927 2232 1122 2267 subeuntis
1140 2231 1312 2266 verberat
1325 2241 1403 2266 ora.

584 2282 658 2318 Neo
677 2284 777 2318 cedit
794 2285 922 2318 tamen
941 2283 1006 2318 illa
1025 2283 1117 2326 viro,
1134 2283 1196 2318 sed
1215 2284 1316 2318 soevit
1331 2283 1371 2317 in
1391 2290 1501 2316 auras

583 2336 775 2380 Morsibus,
791 2338 825 2371 et
842 2337 930 2371 vam·
947 2337 1127 2380 crepitant
1143 2337 1217 2370 sine
1234 2335 1380 2370 vulnere
1398 2334 1518 2367 dentes
1530 2342 1546 2374 ;

583 2387 699 2431 Efflat
720 2391 752 2422 et
771 2389 809 2422 in
828 2388 954 2422 caelum
969 2388 1138 2432 pelayus,
1155 2386 1366 2432 mergitque
1382 2384 1569 2420 volantem

585 2438 810 2484 sanguineis
830 2439 953 2484 undis,
975 2443 1196 2484 pontumque
1217 2438 1373 2473 eoestillat
1392 2438 1431 2472 in
1457 2439 1565 2471 astra.

586 2489 787 2535 Spectabat
802 2502 967 2536 pugnam
981 2491 1174 2536 puqnandi
1199 2500 1310 2525 causa
1327 2489 1472 2535 puella;

583 2543 743 2588 Jamque
765 2543 880 2578 oblita
899 2542 955 2577 sui
974 2542 1109 2587 metuit
1128 2553 1195 2588 pro
1216 2541 1359 2577 vindice
1379 2541 1446 2576 tali

583 2593 794 2640 suspirans,
817 2597 1005 2638 animoque
1022 2595 1138 2638 maqz's
1158 2605 1266 2640 quam
1282 2604 1425 2638 corpore
1441 2592 1589 2638 pendet.

583 2647 750 2682 Tandem
771 2647 954 2682 confossis
973 2646 1141 2682 subsedit
1159 2646 1285 2681 bellua
1304 2645 1485 2680 membris

583 2699 695 2733 Plena
713 2698 840 2741 maris,
864 2709 1106 2744 summasque
1132 2698 1270 2733 iterum
1291 2697 1471 2733 remeavit
1495 2696 1543 2732 ad
1568 2693 1706 2738 undas,

583 2751 628 2785 Et
643 2760 826 2797 magnum
845 2754 951 2786 vasto
972 2750 1135 2786 contexit
1155 2761 1309 2796 corpore
1329 2751 1507 2796 pontum;

583 2804 682 2839 Tunc
699 2814 848 2851 quoque
867 2803 1055 2848 terribilis,
1077 2814 1139 2839 nec
1153 2804 1305 2848 viminis
1321 2813 1380 2838 ore
1394 2801 1564 2838 videnda.
