1930 3320
760 866 1019 923 Caput
1063 866 1108 911 1.

587 973 656 1016 De
687 971 915 1015 carminis
948 969 1282 1024 inscriptione.

293 1087 407 1136 Hinc
443 1087 669 1126 disserendi
706 1087 867 1124 initium
906 1090 951 1124 ut
983 1097 1195 1134 sumamus,
1231 1082 1477 1122 auctoritate
1506 1091 1678 1118 commo-

191 1169 330 1196 vemur
357 1157 550 1203 Bentleii,
583 1157 733 1207 quippe
764 1157 833 1206 qui
866 1159 1015 1206 nepote
1045 1157 1148 1194 teste
1166 1153 1340 1204 primum
1359 1164 1407 1191 ex
1429 1152 1519 1202 ipso
1541 1149 1677 1200 operis

189 1226 313 1265 titulo
343 1226 504 1264 abunde
526 1226 716 1265 statuerit
735 1226 891 1274 liquere
911 1229 1117 1264 auctorem
1135 1226 1318 1273 tempore
1338 1221 1521 1271 Augusti
1541 1219 1678 1258 fuisse.

190 1294 338 1344 Atque·
358 1307 406 1333 eo
437 1295 667 1333 accuratius
698 1299 738 1333 et
766 1294 1010 1344 exponenda
1039 1306 1085 1332 ea
1113 1305 1176 1332 res
1206 1296 1246 1330 et
1273 1290 1540 1330 diiudicanda
1569 1287 1679 1327 vide-

192 1368 271 1415 tur,
303 1375 382 1413 quo
415 1364 580 1414 longius
608 1363 658 1402 de
688 1376 734 1402 ea
763 1363 834 1402 alii
865 1363 1125 1402 dissentiunt.

152 1428 154 1432 ’
294 1433 460 1472 Accidit
495 1433 600 1471 enim
637 1433 694 1470 M.
731 1432 920 1483 Manilio,
957 1437 1002 1471 ut
1036 1445 1060 1471 a
1096 1431 1209 1470 nullo
1245 1427 1510 1478 antiquitatis
1548 1438 1678 1476 neque

190 1507 315 1553 poeta
357 1514 486 1551 neque
533 1506 696 1540 oratore
739 1514 870 1552 neque
917 1502 1181 1554 grammatico
1229 1511 1406 1549 unquam
1452 1498 1493 1535 in
1540 1501 1678 1548 partes

190 1573 357 1610 vocatus
394 1570 498 1622 sit.¹)
559 1570 778 1622 Extemplo
820 1572 948 1621 igitur
984 1571 1148 1610 exsistit
1183 1569 1383 1621 quaestio,
1431 1579 1510 1617 qua
1546 1569 1678 1605 aetate

190 1640 278 1690 ipse
320 1640 516 1679 floruerit.
571 1639 715 1689 Neque
759 1652 855 1679 vero
901 1641 987 1678 eius
1030 1639 1164 1678 facilis
1202 1639 1280 1677 erit
1315 1642 1355 1676 et
1389 1640 1582 1688 prompta
1619 1647 1678 1674 re-

190 1700 383 1760 sponsio:
422 1709 613 1758 quoniam
641 1709 772 1759 testis,
812 1722 928 1759 quem
958 1708 1233 1759 posteriorum
1263 1711 1490 1758 temporum
1517 1705 1680 1743 unicum

189 1778 398 1828 habemus,
429 1777 654 1817 Gerbertus
683 1779 873 1829 pontifex
904 1778 1064 1817 saeculo
1094 1790 1133 1828 p.
1157 1777 1253 1816 Chr.
1282 1776 1438 1815 decimo
1469 1776 1520 1814 ab
1550 1774 1678 1813 amico

189 1847 248 1886 M.
290 1847 454 1886 Manilii
503 1847 632 1886 libros
684 1847 733 1886 de
784 1847 1013 1897 astrologia
1062 1850 1206 1897 petens
1251 1846 1292 1884 in
1335 1844 1514 1896 epistola
1555 1842 1680 1881 nullis

189 1928 358 1966 prorsus
411 1916 502 1966 quis
542 1920 666 1967 poeta
707 1917 830 1956 fuerit
873 1916 1086 1966 quandove
1124 1915 1275 1954 vixerit
1315 1914 1451 1953 verbis
1492 1910 1679 1962 docuit,2)

191 1983 322 2023 facere
365 1997 448 2023 non
496 1997 734 2035 possumus,
781 1985 879 2034 quin
932 1985 1093 2024 illarum
1134 1996 1267 2023 rerum
1308 1983 1460 2021 indicia
1499 1994 1520 2021 e
1561 1980 1679 2020 libris

191 2065 314 2091 manu
343 2053 508 2104 scriptis
537 2065 733 2092 eruamus.

298 2121 407 2170 Quid
445 2126 578 2161 autem
615 2122 884 2172 proficiemus,
920 2123 954 2161 si
989 2125 1177 2162 monente
1206 2120 1388 2161 Bentleii
1417 2122 1566 2170 nepote
1594 2130 1678 2157 car-

193 2190 313 2229 minis
349 2191 363 2228 i
380 2203 406 2228 n
422 2202 439 2229 s
456 2203 477 2229 c
495 2204 517 2230 r
533 2192 546 2229 i
561 2203 587 2242 p
604 2195 622 2230 t
637 2191 650 2229 i
667 2203 690 2234 ο
709 2204 732 2229 n
752 2204 772 2230 e
791 2192 847 2242 8³)
878 2191 1162 2242 collegerimus
1192 2191 1467 2240 collectasque
1495 2189 1678 2228 contule·

193 2259 346 2300 rimus?
395 2260 490 2299 Hoc
519 2261 553 2298 si
583 2273 767 2311 quaeras⁹
796 2261 922 2300 libere
951 2261 1162 2300 fatendum
1189 2265 1252 2300 est
1278 2260 1452 2311 primum
1480 2269 1678 2309 apparere

192 2341 241 2368 ne
269 2341 416 2368 nomen
447 2327 609 2378 quidem
636 2333 784 2380 poetae
803 2342 935 2381 posse
965 2334 1085 2370 stare.
1111 2350 1113 2353 f
1140 2330 1305 2369 Etenim
1342 2329 1484 2377 codeX,
1519 2328 1589 2377 qui
1617 2339 1678 2366 ce-

192 2402 303 2438 teros
330 2401 532 2437 vetustate
563 2398 648 2437 sinc
677 2399 803 2438 dubio
834 2404 1012 2451 superat,
1042 2400 1197 2438 nullum
1225 2412 1249 2438 a
1268 2399 1399 2450 prima
1418 2410 1537 2438 manu
1555 2397 1680 2436 habet

194 2471 353 2517 nomen,
381 2467 431 2505 ab
461 2466 590 2506 altera
617 2467 775 2506 demum
804 2480 904 2507 saec.
934 2468 1033 2508 XV.
1063 2468 1265 2508 additum:
1294 2464 1483 2507 Malius
1511 2470 1678 2517 poeta.

193 2533 254 2573 At
281 2534 323 2572 iu
351 2535 660 2586 recentioribus,
697 2537 765 2586 qui
795 2537 973 2576 eiusdem
1001 2537 1084 2576 fere
1113 2536 1262 2576 aetatis
1293 2535 1336 2585 (i.
1366 2548 1399 2575 e.
1429 2547 1530 2574 saec.
1558 2534 1677 2584 XV.)

195 2615 333 2643 omues
369 2607 475 2653 sunt,
511 2604 604 2643 aliis
641 2617 798 2645 carmen
837 2607 1014 2646 traditur
1050 2618 1137 2646 esse
1164 2605 1286 2645 Arati
1315 2604 1556 2656 philosophi
1585 2603 1678 2642 aliis

300 2759 326 2804 ¹)
357 2758 475 2794 Merk.
498 2758 594 2797 Prol.
618 2772 654 2807 p.
676 2761 758 2796 400.
826 2762 854 2806 ²)
886 2761 1048 2798 Fabricii
1072 2762 1160 2799 bibl.
1185 2762 1272 2798 Lat.
1297 2761 1339 2805 I.‚
1370 2772 1406 2807 p.
1438 2761 1507 2796 499
1532 2759 1589 2796 ed.
1613 2759 1677 2794 Er-

196 2816 305 2854 nesti.
353 2815 381 2861 3)
406 2815 480 2852 Ofr.
504 2818 589 2855 Jac.
613 2818 728 2864 praef.
752 2829 790 2865 p.
812 2818 998 2856 V.—XI1.

1428 2885 1470 2922 1⁴}
