1930 3320
776 247 1057 286 -17-

277 371 539 415 Elisionis
599 372 794 428 longae
857 371 984 414 inde
1043 387 1068 414 a
1126 373 1312 429 quinti
1362 370 1510 428 pedis
1563 369 1671 412 arsi

162 455 295 484 unum
326 444 448 484 extat
478 441 752 497 exemplum:
800 441 867 482 III
899 443 980 483 423
1011 441 1057 483 id
1085 442 1220 484 ducito
1249 441 1296 483 in
1325 452 1492 494 aequa-3,
1539 453 1668 495 quam

162 510 408 563 lectionem,
442 523 701 566 quamquam
732 510 984 552 defenditur
1013 525 1038 552 a
1062 511 1325 554 Froehdio
1347 510 1394 566 ¹),
1428 523 1558 566 supra
1580 508 1671 552 dixi

161 579 266 622 mihi
279 579 417 623 videri
434 579 685 622 mutandam
706 594 803 622 esse
825 594 923 622 cum
936 580 986 622 L.
999 580 1160 623 Muell
1173 595 1258 623 ero
1281 581 1325 622 in
1342 579 1466 621 diduc
1481 578 1537 630 id,
1557 577 1672 634 quod

161 664 187 693 a
208 649 405 694 codicum
425 649 628 702 lectione,
651 650 723 705 qui
745 649 791 691 id
810 649 925 691 ducit
945 650 998 706 (G
1015 650 1112 707 due)
1134 650 1355 707 praebent,
1378 663 1513 706 prope
1531 649 1670 691 abest.

274 718 517 761 Elisionem
559 719 754 775 syllabae
794 719 839 760 in
872 732 933 760 -m
964 721 1164 762 exeuntis
1205 720 1341 776 semel
1379 718 1533 762 eodem
1574 718 1670 760 loco

161 787 391 831 admisisse
437 791 614 845 poetam
654 787 695 829 V
729 789 808 829 735
847 788 1091 840 proximum
1135 791 1314 842 equester
1354 801 1485 844 supra
1524 786 1672 828 monui

160 856 261 915 ‘pag.
307 859 386 911 71,
438 857 514 899 ubi
559 857 612 900 de
660 857 886 914 dactylicis
931 858 976 899 in
1025 871 1085 898 -m
1141 857 1400 900 exeuntibus
1462 859 1671 912 sequente

160 928 285 971 brevi
315 927 420 970 dixi.

274 996 491 1052 Longas
538 995 775 1052 syllabas
818 995 867 1036 in
899 995 1089 1038 breves
1121 995 1292 1037 elisas
1337 995 1478 1037 nullas
1523 994 1671 1036 inveni

161 1070 337 1124 praeter
367 1079 459 1119 eas,
510 1079 616 1121 quas
649 1079 779 1122 supra
810 1064 1082 1117 enumeravi,
1134 1064 1209 1106 ubi
1241 1063 1293 1107 de
1326 1063 1506 1106 elisione
1540 1078 1671 1120 spon-

162 1135 383 1178 diacorum
415 1138 624 1190 sequente
655 1134 779 1176 brevi
809 1134 944 1176 verba
975 1133 1080 1182 feci3
1131 1147 1262 1175 unum
1308 1132 1478 1176 accedit
1522 1147 1670 1176 exem-

161 1205 280 1262 plum
323 1203 391 1246 111
436 1206 518 1246 507
565 1202 664 1245 Non
706 1203 789 1246 seri
818 1206 855 1245 te
885 1202 1018 1245 obitus
1064 1203 1139 1255 (ex
1169 1202 1358 1246 Bentleii
1407 1202 1669 1256 coniectura,

163 1275 217 1319 cf.
251 1289 382 1332 supra
410 1288 510 1332 pag.
544 1272 629 1330 70).

277 1344 537 1387 Elisionis
564 1344 614 1385 in
637 1343 782 1386 sexti
803 1342 953 1400 pedis
976 1343 1124 1386 thesi
1144 1357 1279 1385 unum
1299 1342 1502 1399 indagavi
1521 1355 1672 1384 exem-

162 1415 282 1472 plum
299 1413 367 1455 III
384 1415 465 1456 238
483 1426 613 1467 neque
633 1412 779 1454 ullam.
810 1412 998 1455 Elisae
1020 1414 1215 1470 longae
1238 1413 1288 1455 in
1310 1413 1417 1455 arsi
1439 1411 1673 1455 secunda

163 1484 247 1527 hae
296 1486 413 1526 sunt:
463 1482 486 1523 I
534 1484 607 1524 171
663 1481 834 1535 Ictaque
880 1485 1024 1525 contra
1069 1483 1174 1525 actis
1233 1482 1374 1538 (codd.
1421 1482 1673 1537 contractis),

163 1553 208 1595 H
237 1554 320 1595 826
364 1551 528 1593 Tertius
557 1564 684 1604 aeque
714 1551 782 1593 illi
805 1550 971 1603 pollens
1007 1550 1148 1606 (codd.
1181 1554 1304 1605 atque
1333 1550 1445 1607 illi),
1491 1550 1558 1592 III
1590 1551 1671 1593 378

163 1621 329 1676 Effuyit
366 1634 460 1675 erqo
495 1621 640 1671 oculos,
670 1620 738 1661 III
769 1622 849 1662 507
892 1619 1000 1662 Nou>
1021 1621 1104 1662 seri
1135 1623 1171 1662 te
1201 1620 1335 1662 obitus
1364 1620 1436 1676 (cf.
1470 1619 1672 1677 supra)2).

277 1690 510 1733 Vocales
529 1689 765 1732 Graecas
797 1689 984 1732 breves
1017 1689 1131 1746 apud
1147 1689 1376 1732 Manilium
1407 1689 1674 1746 deprehendi

165 1761 321 1815 elisas,
359 1760 445 1803 nisi
476 1759 578 1816 quid
617 1773 686 1802 me
723 1759 855 1816 fugit,
887 1759 989 1801 has:
1040 1759 1062 1800 I
1096 1761 1146 1801 14
1177 1763 1279 1801 aera
1309 1764 1409 1802 ante
1440 1762 1490 1812 et,
1539 1758 1560 1800 I
1591 1761 1672 1800 446

163 1831 280 1872 notia
328 1834 429 1873 ante
478 1829 658 1884 antiqui,
705 1829 750 1870 II
782 1831 834 1872 28
885 1827 1042 1870 Persea
1073 1832 1173 1871 ante
1212 1831 1251 1871 et
1300 1829 1378 1886 (ex
1425 1828 1674 1871 coniectura

165 1898 399 1956 Scaligeri⁷
457 1899 578 1942 codd.
627 1898 798 1953 Persi),
864 1897 908 1939 II
952 1900 1034 1940 695
1083 1897 1408 1941 dodecatemoria
1461 1902 1562 1940 ante
1616 1898 1675 1949 iu,

163 1967 206 2011 V
237 1970 319 2010 434
349 1967 488 2011 Nerea
519 1971 620 2011 ante
652 1971 701 2011 et.

164 2082 240 2126 De
283 2084 550 2141 positione
591 2084 792 2126 vocalis
834 2083 1016 2126 brevis
1056 2083 1110 2125 in
1147 2086 1388 2126 extremo
1422 2083 1675 2126 vocabulo

746 2158 798 2196 et
828 2153 893 2196 de
925 2153 1095 2196 hiatu.

279 2236 414 2292 Legis
461 2237 568 2291 eius,
617 2236 853 2280 secundum
893 2251 1020 2293 quam
1058 2237 1199 2279 vocali
1235 2230 1359 2280 brevi
1401 2238 1445 2279 in
1475 2237 1677 2279 vocabuli

164 2306 250 2348 fine
272 2306 429 2363 posita,
464 2306 501 2349 si
533 2310 769 2362 sequantur
802 2321 1018 2349 consonae
1051 2306 1177 2360 duae,
1209 2321 1319 2363 quae
1342 2321 1428 2349 non
1451 2307 1536 2349 sint
1559 2311 1679 2349 muta

165 2389 262 2417 cum
302 2374 486 2431 liquida,
535 2376 706 2431 syllaba
745 2375 1031 2433 producatur,
1079 2376 1194 2433 apud
1238 2375 1465 2418 Manilium
1512 2377 1678 2418 nullum

166 2445 414 2501 exemplum
460 2445 564 2501 legi.
623 2445 734 2488 Nam
782 2447 985 2502 exempla
1030 2446 1106 2488 illa
1152 2445 1235 2488 duo
1285 2447 1478 2502 syllabae
1524 2446 1678 2489 eadem

167 2513 420 2558 condicione
438 2514 688 2572 productae,
711 2530 821 2572 quae
840 2517 885 2558 in
897 2516 1046 2558 Iacobi
1064 2515 1256 2559 editione
1276 2521 1519 2568 occurrunt,
1544 2517 1678 2559 corri-

168 2583 311 2640 genda
339 2597 437 2627 esse
460 2584 621 2627 dudum
642 2585 956 2628 intellexerunt
979 2586 1060 2628 viri
1082 2585 1219 2636 docti;
1252 2591 1352 2629 sunt
1383 2590 1528 2629 autem
1550 2587 1677 2629 haec:

254 2663 324 2706 III
355 2666 408 2706 89
448 2664 679 2719 Utcunque
709 2667 895 2709 stellae
926 2669 1077 2720 septem
1107 2667 1324 2710 laeduutve
1354 2668 1548 2709 iuvantve

284 2732 326 2775 V
359 2735 439 2775 136
472 2733 699 2788 Suspensa
728 2737 1009 2790 strepitus,
1048 2737 1285 2791 levibusque
1321 2737 1499 2779 obnoxia
1530 2737 1678 2779 causis.

264 2894 289 2937 ¹)
314 2892 353 2927 in
378 2892 510 2928 Philol.
536 2893 586 2928 XI
611 2906 646 2939 p.
672 2894 750 2930 541.
791 2896 805 2939 ιι
846 2899 874 2940 2)
900 2896 943 2932 ef.
969 2896 1172 2932 Froehde
1198 2897 1236 2931 in
1262 2896 1393 2931 Philol.
1421 2896 1471 2930 xi
1497 2908 1531 2941 p.
1558 2895 1634 2931 537.
