1910 3250
753 259 1040 300 ..49-

155 384 312 425 Tiberii
353 384 489 424 sensui
528 383 755 422 blandituri
795 383 905 422 fuere
946 381 989 421 id
1029 392 1158 432 genus
1200 391 1353 429 versus,
1402 379 1549 429 quibus
1592 389 1633 416 se

155 455 287 506 ipsum
328 466 447 505 aegre
489 453 592 492 ferre
634 465 748 491 usum
785 451 1031 491 Graecorum
1067 451 1274 490 nominum
1308 452 1434 500 poeta
1467 447 1634 486 indicat.

153 523 218 562 Ex
245 523 308 562 his
336 524 379 562 in
406 523 579 562 medium
606 522 789 572 proferre
816 522 931 561 lubet
958 521 1199 560 nonnullos:

234 614 283 660 11,
307 615 392 651 693:
428 615 606 661 Perspice
631 624 728 649 nunc
751 616 899 648 tenuem
924 613 1004 648 visu
1028 623 1117 656 rem,
1142 611 1307 658 pondere
1331 620 1504 656 magnam

428 673 484 708 Et
507 675 683 708 tantum
709 669 850 706 Graio
876 669 1060 716 dignari
1083 669 1263 704 nomine
1289 679 1486 715 passam.

233 729 284 775 H,
306 731 394 768 829:
640 729 737 764 inter
761 727 897 763 Graias
921 728 1151 773 horoscopus
1175 727 1294 774 editur
1318 727 1428 762 urbes

428 787 522 824 Nec
548 789 676 834 capit
699 788 958 829 externum,
983 785 1132 832 proprio
1158 785 1244 831 quia
1268 784 1414 820 nomine
1439 783 1589 829 gaudet.

231 846 282 890 H,
305 846 389 883 89¹7:
425 846 655 883 Daemonien
680 846 885 880 memorant
910 842 999 878 Grai
1024 862 1069 868 -
1093 843 1296 878 Romana
1321 853 1390 888 per
1414 852 1480 877 ora

429 904 675 948 Quaeritur
698 903 741 938 in
765 912 902 938 versu
925 900 1102 936 titulus.

214 962 284 1007 ΠΙ,
331 963 394 999 40:
428 963 479 998 Et
503 961 534 997 si
559 972 632 1007 qua
656 962 810 996 externa
834 960 1036 995 referentur
1060 959 1208 994 nomina
1230 957 1368 1004 lingua,

429 1020 515 1055 Hoc
540 1019 674 1065 operis,
698 1029 771 1055 nou
795 1019 891 1053 vatis
917 1017 1003 1060 erit3
1029 1028 1115 1052 non
1141 1016 1291 1052 omnia
1315 1015 1452 1051 flecti

427 1077 632 1112 Possunt
655 1078 694 1111 et
717 1076 867 1122 propria
892 1074 1019 1110 melius
1045 1075 1112 1110 sub
1138 1084 1228 1110 voce
1253 1075 1437 1110 notantur.

247 1136 278 1177 1,
302 1136 389 1172 333:
426 1134 538 1170 Grais
562 1134 766 1180 ophiuchos
792 1133 938 1169 nomine
963 1132 1094 1168 dictus.

248 1193 279 1238 1,
301 1194 388 1230 446:
426 1191 531 1235 Quae
555 1192 659 1227 notia
684 1191 824 1236 antiqui
850 1192 1022 1226 dixerunt
1047 1190 1170 1226 sidera
1194 1192 1310 1226 vates.

154 1285 351 1326 conferas
394 1287 450 1324 sis
491 1285 611 1323 etiam
652 1284 709 1335 ΙΙ,
754 1286 972 1333 888-909,
1017 1287 1108 1333 916,
1154 1285 1242 1333 937,
1286 1282 1364 1333 ΙΙΙ,
1413 1284 1499 1332 162,
1547 1284 1632 1333 190,

151 1354 230 1405 IV,
262 1357 352 1405 818,
379 1355 434 1403 V,
462 1356 549 1395 546.
606 1354 718 1403 Quos
746 1367 885 1394 versus
914 1355 983 1393 ubi
1011 1355 1185 1405 primum
1214 1354 1410 1404 adspectu
1437 1352 1631 1403 dignatus

153 1425 246 1475 eris,
292 1426 361 1464 vix
400 1428 441 1464 te
483 1424 599 1463 fallet
640 1423 889 1464 Graecorum
929 1424 1223 1463 vocabulorum
1265 1422 1571 1463 excusationem
1610 1435 1634 1462 a

151 1497 278 1544 poeta
305 1494 444 1544 quaeri
472 1506 519 1532 ac
553 1495 763 1534 contextui
798 1495 986 1534 carminis
1015 1495 1139 1533 inseri
1169 1507 1250 1533 non
1279 1494 1385 1545 ideo,
1415 1495 1524 1545 quod
1552 1494 1635 1532 Lu-

152 1564 374 1603 cretianam
407 1563 634 1604 orationem
662 1565 919 1615 propositam
947 1565 999 1603 ad
1027 1565 1268 1604 imitandum
1295 1564 1456 1615 habeat,
1493 1564 1564 1604 sed
1592 1568 1637 1602 ut

151 1633 367 1672 consilium
402 1633 605 1682 quoddam
633 1633 684 1672 ad
711 1645 951 1684 praesens
981 1636 1170 1684 spectans
1199 1633 1395 1684 perficiat.
1450 1632 1539 1672 Nec
1567 1645 1635 1672 ne-

149 1701 267 1752 gabis
306 1702 342 1740 si
367 1688 457 1740 -11011
493 1701 762 1751 manifestum,
804 1702 1020 1752 probabile
1055 1707 1189 1741 tamen
1223 1714 1311 1742 esse
1349 1715 1451 1752 eum,
1493 1715 1517 1741 a
1554 1714 1635 1752 quo

150 1770 328 1810 0011111110
356 1782 428 1810 sua
455 1771 537 1820 legi
564 1771 654 1822 vult
681 1770 892 1819 Manilius,
926 1770 1043 1810 valde
1072 1771 1235 1810 taedere
1263 1772 1461 1810 sermonis
1491 1771 1636 1810 Latini

151 1839 319 1880 Graecis
354 1840 525 1879 vocibus
560 1833 763 1890 exornati,
798 1852 927 1890 neque
963 1840 1084 1879 huius
1119 1841 1179 1879 rei
1213 1841 1357 1879 famam
1391 1841 1442 1880 ad
1470 1843 1634 1891 poetam

149 1909 384 1960 pervenisse
419 1909 478 1948 ita
511 1910 638 1948 multo
675 1914 768 1948 ante
797 1922 915 1959 quam
943 1911 1091 1949 librum
1119 1910 1338 1950 secundum
1365 1911 1632 1950 incohaverit.

149 1977 294 2028 Neque
322 1978 427 2017 enim
454 1990 624 2027 usquam
651 1979 693 2017 in
722 1979 853 2029 primo
882 1979 1001 2029 petit,
1035 1982 1080 2018 ut
1108 1979 1142 2018 is
1172 1980 1241 2030 qui
1270 1979 1517 2020 carminibus
1547 1980 1632 2019 suis

152 2059 317 2098 operam
343 2047 513 2086 daturus
542 2047 609 2098 sit,
637 2048 759 2087 etiam
783 2051 951 2087 externa
970 2049 1011 2086 in
1032 2048 1082 2086 iis
1103 2049 1228 2088 verba
1246 2049 1422 2100 benigne
1442 2049 1632 2100 accipiat,

153 2115 224 2155 ned
250 2115 371 2155 venia
397 2116 448 2154 ab
477 2128 524 2155 eo
555 2129 637 2155 non
665 2116 884 2166 implorata
912 2129 1030 2168 saepe
1059 2129 1123 2156 res
1151 2130 1294 2168 graece
1317 2122 1537 2169 nuncupat,
1565 2130 1630 2157 ve·

152 2185 215 2224 lut
241 2185 275 2235 1,
303 2186 390 2234 565,
419 2187 506 2235 268,
535 2187 622 2234 331,
651 2187 726 2225 353
752 2186 866 2224 alias.
912 2185 1005 2225 Hoc
1033 2190 1167 2225 autem
1194 2186 1403 2225 fastidium
1431 2187 1480 2226 de
1509 2186 1630 2226 Octa-

150 2254 273 2293 viano
307 2253 523 2293 memoriae
558 2255 767 2305 proditum
800 2255 1007 2294 invenitur
1041 2255 1150 2306 apud
1186 2256 1342 2295 nullum
1376 2256 1463 2295 eius
1499 2269 1631 2295 rerum

151 2323 411 2374 scriptorem3
445 2335 466 2362 0
494 2324 700 2362 0011110110
730 2323 952 2363 Suetonius
989 2323 1099 2375 (Oct.
1130 2337 1161 2364 c.
1192 2327 1253 2374 71,
1282 2327 1344 2372 87,
1371 2325 1439 2374 99)
1474 2325 1632 2364 aceedit

148 2392 281 2443 testis,
323 2393 392 2442 qui
430 2392 656 2443 principem
697 2392 804 2431 hunc
846 2393 991 2432 doceat
1031 2394 1158 2444 magis
1199 2405 1329 2444 aequo
1372 2394 1630 2433 consuevisse

149 2460 257 2501 inter
291 2461 417 2500 latine
452 2465 494 2500 et
521 2461 768 2511 loquendum
796 2465 838 2501 et
866 2463 1122 2502 scribendum
1149 2476 1173 2502 a
1202 2461 1369 2502 Graecis
1398 2476 1481 2503 non
1508 2463 1629 2503 modo

150 2530 350 2570 vocabula
389 2542 527 2569 verum
568 2531 689 2570 etiam
721 2533 832 2570 totas
868 2532 1090 2571 sententias
1125 2533 1314 2571 mutuari.
1376 2531 1469 2572 Tali
1502 2533 1631 2583 igitur

151 2611 286 2640 coram
321 2599 483 2639 homine
521 2599 604 2638 sive
631 2600 740 2639 Divo
774 2600 884 2639 haud
919 2613 1023 2650 opus
1058 2601 1138 2640 fuit
1169 2580 1332 2652 poetam
1368 2612 1628 2651 quaecunque

150 2670 275 2708 verba
302 2668 510 2707 cotidiano
539 2680 615 2706 usu
641 2669 705 2708 vel
731 2669 824 2707 aliis
844 2669 1096 2720 astrologiae
1115 2671 1352 2709 auctoribus
1372 2674 1469 2709 tunc
1486 2682 1630 2720 parum

150 2737 428 2777 commendata
461 2737 708 2789 viderentur,
745 2739 866 2777 etiam
899 2739 1041 2778 mirum
1075 2739 1118 2778 in
1154 2740 1315 2779 modum
1350 2761 1398 2767 -
1433 2739 1545 2778 velut
1571 2739 1628 2789 II,

151 2807 239 2847 897.
272 2807 352 2858 ΙΙΙ,
386 2809 437 2847 40
471 2829 517 2834 -
554 2807 814 2847 excusatione
843 2808 1097 2850 necessitatis
1125 2808 1354 2849 defendere.
1382 2830 1431 2836 -
1467 2807 1558 2857 Qua
1585 2808 1627 2846 in

1376 2884 1399 2919 4
