1930 3320
625 887 832 934 CAPUT
868 886 1175 944 QUARTUM

149 1111 275 1151 QUAM
311 1111 557 1143 RHETORICE
591 1111 800 1143 MANILIUS
837 1112 926 1142 REM
960 1111 1303 1144 ASTROLOGICAM
1338 1111 1650 1145 TRACTAVERIT..

201 1300 295 1340 Fuit
316 1299 509 1340 Manilius
532 1303 676 1339 noster
696 1312 835 1339 merus
862 1312 909 1340 ac
939 1300 1126 1340 sincerus
1153 1299 1324 1339 omnino
1353 1299 1510 1340 rhetor.
1536 1299 1655 1348 Quod

154 1364 310 1405 multos
331 1369 442 1413 ante,
460 1364 533 1417 qui
548 1365 839 1404 Astronomica
859 1364 1119 1414 evolverunt,
1137 1377 1224 1404 non
1243 1365 1368 1416 fugit3
1390 1369 1433 1405 at
1453 1377 1537 1405 non
1554 1364 1655 1405 satis

151 1433 228 1478 est,
251 1430 285 1469 si
306 1430 398 1482 quis
414 1430 550 1469 multa
574 1429 780 1469 rhetorice
809 1429 919 1469 dicta
940 1429 1053 1481 apud
1075 1430 1293 1470 Manilium
1313 1433 1431 1470 notat
1454 1441 1464 1469 ε
1487 1433 1655 1482 oportet

150 1500 288 1535 totum
309 1507 460 1547 poema
488 1507 512 1533 a
537 1494 702 1534 rhetore
729 1494 853 1534 fuisse
875 1495 1090 1534 conditum
1110 1507 1404 1546 agnoscamus.
1425 1495 1519 1534 Jam
1542 1494 1653 1535 enim

152 1573 246 1612 quae
278 1573 413 1613 nuper
439 1559 637 1613 patefeci,
664 1572 748 1599 non
776 1559 893 1599 illum
921 1560 1108 1600 veritatis
1137 1573 1276 1611 causa,
1303 1559 1374 1599 sed
1401 1559 1651 1611 splendoris,

150 1637 227 1665 nec
245 1626 298 1665 ad
318 1625 628 1678 explicandam,
645 1625 715 1664 sed
737 1625 791 1664 ad
812 1625 1045 1664 ornandam
1065 1625 1285 1665 materiam
1305 1624 1462 1664 multos
1482 1637 1503 1664 e
1523 1624 1655 1664 stoica

151 1689 374 1743 disciplina
400 1695 621 1742 ceteraque
646 1690 915 1742 philosophia
942 1689 1057 1730 locos
1090 1690 1375 1742 assumpsisse,
1399 1702 1534 1742 neque
1555 1690 1654 1742 quia

149 1755 332 1796 vividam
359 1756 627 1796 astronomiae
659 1755 784 1795 fidem
815 1759 855 1794 et
880 1755 968 1808 ipse
995 1755 1170 1795 haberet
1195 1759 1236 1795 et
1257 1755 1490 1806 legentibus
1517 1755 1652 1795 facere

146 1820 286 1869 vellet,
308 1821 402 1861 ideo
424 1820 630 1861 rationem
649 1821 738 1872 ejus
755 1820 956 1860 doctrinae
975 1820 1191 1870 evolvisse,
1209 1821 1279 1860 sed
1296 1820 1430 1872 gloria
1449 1823 1651 1873 susceptae

148 1879 347 1926 novitatis
361 1890 651 1938 superataeque
672 1885 931 1925 difficultatis
946 1886 998 1925 ad
1012 1885 1280 1926 scribendum
1295 1885 1492 1926 allectum
1510 1885 1650 1934 fuisse,

148 1963 199 1991 ea
219 1951 408 2003 profecto
427 1951 636 1991 rhetorem
657 1951 757 1990 satis
776 1951 978 1991 indicant.
1002 1952 1214 2002 Attamen,
1237 1951 1271 1990 si
1291 1950 1495 2003 quasdam
1515 1949 1653 2003 operis

147 2019 303 2068 partes,
326 2019 366 2055 et
388 2015 532 2055 tenuia
549 2016 742 2068 quaedam
763 2028 811 2055 ac
832 2016 995 2055 minuta
1012 2016 1255 2067 singillatim
1276 2015 1651 2065 considerabimus,

150 2081 284 2121 multo
306 2081 567 2120 manifestius
587 2080 831 2133 apparebit,
854 2081 926 2133 qui
946 2080 1124 2132 scriptor
1143 2080 1210 2120 hic
1231 2081 1369 2120 fuerit.

204 2145 283 2186 Sed
300 2145 452 2198 aliquis
474 2146 616 2185 forsan
634 2145 909 2197 interrogabit
932 2145 1288 2197 quemadmodum
1310 2144 1471 2185 homini
1492 2143 1652 2184 rhetori

74 2247 81 2251 .
146 2210 290 2252 venire
315 2210 358 2249 in
385 2215 567 2250 mentem
597 2210 780 2262 potuerit
806 2223 893 2250 rem
921 2215 1007 2249 tam
1041 2210 1261 2250 obscuram
1285 2210 1475 2262 tantique
1495 2208 1652 2249 laboris

147 2275 358 2329 explicare
382 2287 391 2315 :
412 2288 510 2315 nam
531 2275 650 2315 illum
677 2275 864 2315 novitate
892 2279 932 2315 et
955 2274 1202 2314 difficultate
1224 2275 1334 2314 trahi
1356 2274 1538 2326 potuisse
1556 2286 1652 2314 con-

146 2340 304 2390 tendet,
318 2340 388 2380 sed
403 2340 462 2380 ini
481 2340 515 2380 is
530 2345 692 2380 tantum
709 2353 802 2392 quae
822 2353 906 2380 non
920 2340 1034 2392 vulgi
1048 2340 1240 2379 notitiam
1260 2339 1365 2379 adeo
1386 2339 1649 2379 excederent.

143 2405 199 2446 At
220 2405 422 2455 rhetores,
440 2418 534 2446 cum
556 2406 662 2445 miro
684 2405 847 2445 dicendi
867 2410 908 2445 et
927 2405 1133 2445 scribendi
1152 2418 1245 2458 quae
1265 2405 1434 2456 plausus
1455 2404 1653 2444 elicerent

146 2470 284 2510 studio
304 2470 641 2520 incenderentur,
664 2483 750 2510 non
770 2483 819 2510 ea
839 2475 1004 2511 tantum
1026 2470 1289 2509 rimabantur
1308 2482 1402 2522 quae
1422 2469 1476 2509 ad
1493 2469 1653 2509 litteras

146 2535 330 2588 quodam
349 2536 475 2576 modo
490 2536 758 2588 pertinerent.
777 2535 1018 2576 Trahebant
1033 2549 1053 2575 e
1069 2535 1347 2588 philosophiae
1364 2534 1652 2575 remotissimis

148 2599 349 2640 doctrinis
368 2604 493 2653 atque
521 2614 571 2641 ex
591 2601 706 2642 omni
726 2601 913 2642 historiae
935 2613 983 2641 ac
1013 2601 1195 2641 scientiae
1223 2604 1357 2652 parte,
1380 2600 1492 2653 quod
1520 2612 1651 2652 usque

147 2676 224 2716 per
248 2676 290 2704 se
319 2665 628 2715 admirandum,
659 2666 796 2706 verbis
825 2666 984 2706 illustre
1011 2666 1101 2706 fieri
1127 2670 1280 2718 posset,
1317 2666 1464 2718 suique
1495 2663 1652 2716 ingenii

148 2729 306 2768 famam
330 2728 413 2769 late
438 2730 704 2772 diffunderet.
726 2732 808 2771 Nec
832 2744 880 2771 eo
910 2731 1112 2779 contenti,
1141 2735 1337 2771 naturam
1365 2742 1532 2771 omnem
1552 2728 1650 2767 diri-

150 2793 338 2846 piebant,
355 2794 578 2847 omniaque
599 2808 693 2847 quae
708 2796 752 2835 in
775 2808 824 2836 ea
844 2809 1022 2849 usquam
1041 2796 1337 2849 conspicienda
1351 2798 1484 2841 erant,
1502 2797 1649 2843 terras,

148 2869 372 2911 oceanum,
400 2871 513 2908 aera,
542 2872 657 2909 saxa,
685 2872 831 2913 aquas,
859 2861 1039 2914 plantas,
1069 2861 1285 2910 animalia,
1314 2870 1537 2911 rerumque
1564 2869 1653 2911 om·
