1936 3392
357 335 411 374 34

354 449 503 503 sidera]
534 461 607 503 per
637 449 786 502 sydera
817 474 869 477 —
904 450 970 489 83.
1002 452 1110 490 sorte
1141 449 1216 503 est]
1242 453 1356 504 parte
1381 454 1442 491 est
1474 475 1527 479 —
1560 451 1625 491 85.
1653 449 1810 504 Cetera]

355 519 523 559 Caetera
553 543 608 548 -—
640 518 823 572 haerent]
853 519 998 559 herent
1036 542 1083 547 —-
1116 519 1182 559 86.
1207 520 1252 559 in
1277 519 1432 573 orbem]
1458 520 1502 560 in
1529 519 1627 560 orbe
1658 544 1712 548 —
1745 520 1811 560 88.

353 592 501 629 natura
530 587 583 642 et]
614 587 804 629 fortunae
837 613 889 616 —
923 588 989 628 89.
1018 587 1239 642 Utcunque
1269 589 1408 630 stellae
1438 592 1596 643 septem
1625 589 1812 630 laedunt—

354 658 419 711 ve]
453 657 510 698 Ut
538 659 592 699 sit
616 671 713 698 cum
738 658 879 698 stellae
903 657 1014 698 -VII-
1039 657 1184 698 ledunt
1208 671 1259 698 ve
1290 683 1344 687 —
1378 659 1442 699 90.
1467 657 1620 712 movet]
1646 661 1814 700 movent

355 752 408 757 —-
450 729 513 768 93.
552 727 741 781 solemni]
777 727 968 768 sollemni
1005 751 1056 756 —
1099 728 1164 768 98.
1196 727 1404 768 haerentia
1435 727 1598 782 cuncta]
1629 727 1814 769 herentia

354 801 475 838 cauta
518 822 572 826 —
618 798 682 838 99.
715 797 789 850 qui
819 795 885 850 sit]
920 797 1012 850 quis
1043 797 1097 837 sit
1140 821 1194 825 -—
1240 798 1333 838 101.
1363 796 1578 851 fulgentis]
1609 796 1812 852 fulgentes

354 892 408 897 —
441 865 590 920 sidera]
622 866 772 918 sydera
809 891 862 895 —
903 866 997 906 103.
1029 864 1249 920 Quodque]
1283 865 1480 920 Quaeque
1518 891 1571 896 —
1606 867 1699 907 104.
1730 867 1813 908 Ac-

354 936 490 978 cidere
527 935 729 989 adsuevit]
767 936 966 989 Accipere
1004 936 1186 976 assuevit
1228 960 1281 965 —-
1328 936 1422 977 108.
1460 935 1595 991 saepe]
1632 948 1727 990 sepe
1757 961 1811 966 —-

356 1007 452 1047 112.
489 1005 799 1059 Fortunamque
836 1005 948 1046 inest
990 1029 1043 1034 -——
1091 1005 1184 1045 114.
1221 1005 1483 1060 Impositum]
1520 1005 1721 1060 Imposita
1757 1029 1811 1035 ——

357 1077 450 1117 119.
475 1078 690 1130 utcunque
714 1074 879 1130 regunt]
908 1078 1134 1129 utcumque
1158 1078 1309 1130 gerunt
1334 1099 1387 1104 —
1414 1074 1563 1130 sidera]
1583 1075 1733 1128 sydera
1757 1100 1812 1105 —

356 1145 450 1186 121.
488 1144 636 1199 socios]
675 1145 867 1198 sot(?)ios
906 1169 959 1174 —
998 1147 1039 1185 et
1075 1145 1264 1198 comiteS,
1299 1145 1368 1185 hic
1397 1143 1586 1199 hospitis]
1618 1148 1659 1186 et
1688 1146 1813 1186 comi-

353 1219 487 1256 tantes
523 1215 696 1268 hospitis
734 1239 787 1243 —
829 1215 922 1254 122.
959 1213 1120 1268 foedus]
1158 1214 1302 1255 faedus
1334 1239 1387 1244 —-
1423 1215 1516 1255 126.
1549 1213 1706 1269 Sidera]
1737 1213 1813 1268 Sy-

353 1285 450 1326 dera
482 1309 535 1314 --
571 1285 664 1324 127.
695 1283 899 1338 censetur]
933 1287 1152 1325 censentur
1183 1309 1236 1313 —
1272 1285 1365 1325 129.
1392 1283 1488 1338 qua]
1516 1297 1598 1338 quo
1630 1309 1684 1314 —-
1719 1285 1812 1326 130.

352 1353 552 1408 specioso]
579 1355 783 1408 spetiosus
810 1379 864 1382 —
894 1354 986 1394 131.
1012 1353 1245 1407 praetextu]
1269 1357 1480 1407 praetexto
1508 1379 1562 1383 ——
1591 1354 1684 1396 132.
1706 1353 1814 1396 Gnae-

353 1423 507 1478 torum]
544 1423 742 1464 Fatorum
786 1448 838 1452 —
886 1424 979 1464 133.
1010 1422 1234 1477 infantum]
1266 1425 1495 1464 intrantum
1532 1448 1587 1453 —-
1624 1422 1812 1478 nutritia]

351 1495 532 1535 nutricia
569 1518 622 1522 —
664 1494 756 1534 135.
789 1494 986 1534 sortimur
1014 1505 1166 1546 moreS,
1198 1496 1239 1533 et
1271 1492 1476 1547 qualibus]
1509 1493 1682 1535 sortium
1714 1493 1814 1548 (sor—

353 1564 428 1616 tisi)
466 1576 655 1604 rumores
692 1562 936 1616 aequalibus
981 1587 1033 1591 —
1078 1562 1135 1603 In
1171 1576 1302 1616 mary.
1340 1563 1516 1617 siynwm
1552 1576 1572 1615 7
1613 1562 1815 1618 appinoeit

346 1647 415 1688 pr.
446 1632 518 1686 m.)
559 1658 605 1662 -—
648 1633 741 1673 136.
774 1632 923 1672 domus
954 1631 1170 1686 exemplis]
1204 1632 1403 1686 exemplis
1434 1632 1599 1686 domus,
1634 1632 1707 1673 sed
1733 1645 1809 1674 su-

345 1701 600 1757 perscriptis
631 1701 708 1742 litt.
740 1701 784 1755 b,
815 1715 854 1754 a,
883 1701 1076 1742 ordinem
1105 1701 1294 1742 restituit
1311 1715 1379 1755 pr.
1404 1715 1459 1742 m.
1491 1726 1546 1731 —
1581 1702 1676 1743 137.
1703 1714 1815 1744 eom-

350 1771 490 1827 positi]
517 1772 743 1826 composita
775 1795 829 1800 —-
858 1771 951 1811 138.
972 1770 1215 1825 Praecipua]
1240 1771 1445 1825 Precipua
1469 1796 1523 1800 —
1554 1771 1645 1812 139.
1664 1770 1815 1826 guber-

351 1841 436 1896 nat]
468 1841 703 1896 gubernant
735 1866 788 1870 -—
827 1841 919 1881 140.
954 1839 1127 1894 Quaque
1157 1839 1366 1895 valetudo]
1401 1839 1596 1895 Quaeque
1626 1841 1812 1883 valitudo

353 1937 407 1941 —
442 1912 535 1952 141.
562 1915 610 1952 ut
634 1910 840 1952 mundum
865 1910 1001 1951 sidera
1025 1909 1207 1964 cunque]
1235 1914 1276 1951 et
1299 1910 1506 1951 mundum
1532 1910 1683 1964 sydera
1699 1923 1814 1952 cum-

355 1994 437 2036 que
481 2006 534 2010 —
582 1982 675 2022 142.
706 1980 802 2022 Non
837 1980 918 2021 alia
949 1983 1009 2022 est
1038 1979 1170 2034 sedes]
1203 1979 1297 2021 Non
1329 1980 1429 2022 alias
1459 1981 1578 2022 sedes
1619 2006 1674 2025 —,
1719 1981 1813 2022 144.

352 2065 479 2093 sucus
509 2050 696 2104 misc-ere]
729 2063 855 2091 sucus
885 2051 1080 2091 miserere
1112 2075 1165 2079 —-
1201 2051 1293 2090 146.
1327 2050 1476 2105 omnis]
1508 2052 1598 2092 offis
1630 2075 1684 2080 —
1718 2051 1812 2092 149.

351 2123 397 2162 in
428 2121 584 2175 omnes]
616 2122 661 2161 in
690 2122 780 2162 offis
813 2146 865 2149 —
902 2121 994 2161 153.
1020 2119 1246 2174 Bacchum]
1272 2120 1448 2162 bachum
1483 2145 1537 2150 —
1571 2121 1666 2162 154.
1691 2123 1814 2175 atque

352 2190 442 2245 hac]
474 2194 599 2245 atque
629 2191 731 2231 haec
762 2215 815 2219 ——-
852 2190 947 2230 156.
981 2191 1025 2230 in
1050 2189 1291 2244 utrumque]
1317 2191 1362 2230 in
1386 2194 1599 2245 utrunque
1630 2215 1684 2220 —-
1718 2191 1813 2232 157.

353 2260 510 2315 earum]
550 2274 693 2302 rerum
731 2285 784 2289 —
826 2261 918 2300 159.
957 2259 1168 2314 membris]
1206 2259 1391 2301 menbris
1429 2285 1483 2289 -
1524 2260 1617 2301 161.
1655 2259 1812 2315 omnes]

354 2332 442 2372 oms
481 2355 535 2360 -——
575 2331 668 2371 162.
703 2329 831 2383 Graii]
863 2330 951 2384 grai
983 2355 1036 2358 —
1070 2329 1166 2384 qua]
1200 2343 1305 2384 quae
1337 2354 1390 2359 —
1426 2330 1518 2371 163.
1549 2331 1675 2384 partis
1703 2329 1814 2372 inest

354 2426 407 2431 ——-
440 2399 672 2454 cohaerent]
705 2400 898 2441 coherent
929 2425 982 2428 —
1017 2400 1110 2440 165.
1137 2412 1211 2454 per
1236 2399 1384 2454 omnis]
1410 2413 1485 2454 per
1509 2402 1600 2442 offis
1630 2425 1684 2430 —
1719 2399 1812 2440 166.

353 2470 511 2525 Sidera]
552 2470 709 2523 Sydera
752 2495 805 2499 -
852 2469 1047 2524 retinent]
1086 2468 1236 2511 retinet
1278 2495 1332 2500 -—
1375 2469 1552 2524 mutant]
1589 2473 1722 2511 mutat
1757 2495 1811 2500 —

355 2541 448 2582 169.
479 2539 627 2594 variet]
659 2540 774 2581 varia
811 2564 865 2569 —
906 2540 999 2580 170.
1030 2539 1228 2595 laborem]
1259 2539 1400 2581 labore
1437 2565 1491 2570 —
1532 2539 1626 2580 171.
1655 2551 1730 2594 per
1759 2540 1813 2581 si-

353 2610 465 2665 dera]
502 2623 578 2664 per
612 2610 761 2662 sydera
803 2634 857 2639 —
904 2610 996 2650 172.
1034 2611 1169 2663 primo
1206 2623 1280 2664 par
1310 2613 1372 2651 est
1400 2622 1574 2651 numero
1605 2609 1660 2651 sit
1690 2608 1811 2663 dicta]

351 2681 535 2735 primum
572 2693 668 2734 pars
705 2682 765 2720 est
800 2680 1034 2720 numerosis
1071 2679 1180 2721 dicta
1222 2704 1276 2709 —
1324 2680 1416 2721 173.
1450 2678 1533 2728 Qui
1568 2677 1661 2733 tibi]
1697 2677 1812 2728 Quae

351 2750 431 2791 tibi
462 2775 515 2780 —-
551 2750 644 2790 174.
677 2748 833 2804 Cetera]
867 2748 1033 2790 Caetera
1063 2775 1117 2779 —
1153 2751 1245 2790 177.
1276 2749 1436 2804 duplici
1460 2752 1612 2790 certam
1637 2747 1811 2803 ratione]

353 2820 563 2875 duplicem
599 2823 708 2861 certa
744 2820 902 2860 ratione
940 2844 993 2848 —
1035 2820 1128 2860 179.
1164 2818 1415 2874 Constiterit]
1454 2818 1720 2860 Constiterint
1757 2842 1811 2849 —

355 2891 447 2931 180.
491 2888 706 2944 Phoebus]
755 2889 917 2944 phebus
965 2914 1020 2920 —
1077 2891 1179 2931 183..
1214 2889 1346 2944 senis]
1389 2889 1522 2930 saevis
1565 2888 1712 2943 (sevis)
1756 2912 1810 2918 --
