1930 3320
771 256 985 332 -794

169 384 273 424 Eece
294 385 434 422 autem
461 381 615 421 adsunt
643 381 851 432 negotiosi
871 381 946 431 illi,
966 381 1100 421 multa
1119 380 1283 432 agendo
1306 380 1410 421 nihil
1433 385 1622 434 agentes,

110 447 166 488 de
199 448 350 500 quibus
383 448 538 487 Seneca
572 450 612 485 et
644 445 847 486 Phaedrus
878 446 1098 486 notissima
1131 446 1350 499 scripsere,
1389 446 1554 500 trepida
1583 450 1625 487 et

115 513 276 554 inutilis
296 525 398 564 gens
419 511 684 551 ardalionum
709 524 717 550 :

305 649 430 684 Instar
451 646 522 684 erit
541 647 688 700 populi,
710 649 870 694 totaque
892 647 1082 683 habitabit
1104 647 1142 683 in
1165 647 1274 692 urbe,

308 701 456 738 Limina
477 701 725 748 pervolitans,
745 712 942 748 unumque
964 712 1033 748 per
1053 700 1184 737 onmia
1202 700 1361 736 verbum

305 756 414 791 Mane
435 754 628 791 salutandi
648 757 807 801 portans
829 754 1043 790 communis
1063 753 1207 790 amicus
1223 755 1252 790 ¹.

113 885 234 926 Nunc
251 897 375 926 omne
393 897 524 937 genus
545 884 787 936 aurigarum
805 884 1078 937 equitumque
1103 896 1111 924 :

306 1021 371 1059 Ille
393 1021 622 1068 (Heniochus)
646 1020 752 1056 dabit
776 1020 976 1067 proprium
1002 1020 1185 1064 studium,
1211 1019 1382 1067 caeloque
1410 1021 1624 1070 retentans,

309 1074 410 1116 Quas
431 1074 537 1121 prius
559 1074 598 1109 in
624 1073 736 1109 terris
757 1074 929 1121 agitator
949 1076 1143 1109 amaverat
1164 1075 1266 1109 artes
1288 1084 1297 1108 ε

308 1127 418 1163 Stare
436 1126 507 1162 levi
527 1138 636 1162 cursu
658 1125 924 1162 moderantem
947 1129 1130 1173 quattuor
1156 1137 1223 1162 ora

307 1179 541 1227 Spumigeris
561 1179 712 1215 frenata
732 1179 844 1227 lupis,
865 1181 902 1215 et
923 1180 1075 1216 flectere
1097 1190 1284 1226 equorum

305 1233 534 1270 Praevalidas
555 1233 654 1269 vires
676 1244 718 1268 ac
740 1234 839 1268 torto
861 1233 1049 1280 stringere
1072 1244 1164 1280 gyro
1189 1248 1196 1268 :

305 1289 355 1323 At
375 1298 461 1323 cum
481 1287 614 1322 laxato
631 1286 811 1333 fugerunt
825 1286 982 1322 cardine
1000 1287 1181 1331 claustra,

306 1340 506 1386 Exagitare
527 1339 648 1382 feros,
671 1350 915 1386 pronumque
937 1339 1083 1374 anteire
1102 1339 1286 1383 volantes,

307 1393 451 1439 Vixque
471 1392 565 1428 rotis
586 1392 731 1427 levibus
751 1402 947 1427 summum
968 1392 1191 1438 contingere
1212 1403 1409 1439 campum,

308 1446 528 1482 Vincentem
547 1445 710 1491 pedibus
729 1448 880 1490 ventos,
901 1445 961 1479 vel
978 1444 1103 1491 prima
1121 1447 1318 1481 tenentem

311 1499 477 1546 Agmina
497 1498 534 1532 in
555 1497 754 1544 obliquum
776 1509 908 1533 cursus
929 1498 1078 1544 agitare
1100 1498 1301 1546 malignos,

311 1552 618 1598 Obstantemque
644 1562 754 1587 mora
773 1552 898 1586 totum
918 1551 1152 1597 praecludere
1174 1552 1316 1587 circum
1336 1563 1344 1587 :

308 1606 375 1641 Vel
397 1604 568 1640 medium
587 1604 710 1640 turbae
731 1615 833 1640 nunc
854 1604 1009 1640 dextros
1029 1604 1084 1640 ire
1105 1615 1174 1652 per
1195 1606 1306 1640 orbes

310 1658 508 1694 Fidentem
529 1668 681 1704 campo,
703 1668 806 1692 nunc
823 1660 926 1692 meta
947 1667 1098 1693 currere
1120 1660 1246 1703 acuta,

309 1711 502 1757 Spemque
523 1711 592 1746 sub
615 1713 789 1746 extremo
813 1710 971 1746 dubiam
992 1711 1223 1756 suspendere
1245 1722 1349 1747 casu.

351 1765 426 1800 Nec
447 1774 525 1799 non
542 1764 690 1799 alterno
713 1763 884 1798 desultor
903 1763 1027 1799 sidere
1049 1763 1163 1799 dorso

307 1817 622 1864 Quadrupedum,
646 1820 684 1852 et
706 1816 860 1852 stabiles
881 1817 1021 1863 potet-lt
1042 1816 1210 1865 defigere
1231 1817 1395 1864 plantas,

307 1869 453 1917 Perque
470 1870 615 1906 volabit
635 1881 770 1916 equos,
790 1870 927 1906 ludens
940 1881 1011 1918 per
1027 1872 1135 1917 terga
1148 1871 1343 1907 volantum
1356 1871 1383 1906 ².

113 2005 236 2044 Nunc
255 2002 466 2054 elegantes
490 2001 805 2053 adolescentuli,
829 2001 894 2040 sui
917 2001 1176 2041 muliebriter
1202 2005 1408 2053 amantes,
1432 2000 1623 2042 mollitiae

114 2068 265 2119 dediti,
285 2068 588 2118 Veneremque,
610 2066 675 2106 vel
694 2066 832 2118 potius
851 2066 1023 2105 Veneris
1039 2066 1266 2117 imaginem
1286 2070 1508 2118 sequentes
1532 2079 1540 2106 :

311 2201 387 2238 mis
402 2212 493 2238 cura
507 2200 565 2236 sui
583 2201 707 2237 cultus
727 2199 942 2247 frontisque
964 2200 1112 2236 decorae

311 2256 472 2302 Semper
492 2254 577 2298 erit,
597 2256 720 2290 tortos
740 2253 779 2289 in
799 2253 959 2289 fluctum
980 2264 1121 2300 ponere
1141 2253 1276 2298 crines,

310 2309 385 2344 Aut
404 2306 534 2342 vinclis
554 2317 731 2342 revocare
751 2317 880 2342 comas
901 2308 938 2342 et
958 2305 1096 2342 vertice
1117 2305 1232 2342 denso

309 2361 480 2408 Fingere,
503 2362 540 2396 et
559 2359 744 2407 appositis
764 2362 877 2406 eaput
898 2362 1069 2395 emutare
1089 2358 1249 2405 capillis,

307 2413 604 2460 Pumicibusque
624 2413 724 2449 cavis
746 2412 943 2448 horrentia
961 2411 1139 2448 membra
1158 2411 1293 2459 polire,

306 2468 430 2514 Atque
451 2466 575 2503 odisse
595 2466 732 2510 virum,
754 2465 975 2513 sterilesque
997 2467 1131 2512 optare
1151 2466 1333 2510 lacertos3

308 2519 499 2556 Femineae
517 2521 653 2564 vestes,
675 2530 745 2555 nec
763 2519 803 2554 in
822 2530 932 2555 usum
952 2519 1125 2567 tegmina
1144 2518 1299 2565 plantis,

309 2572 386 2608 Sed
405 2572 550 2620 specie;
568 2572 723 2620 fictique
739 2573 891 2620 placent
912 2572 962 2607 ad
982 2572 1114 2608 mollia
1131 2582 1281 2619 gressus

309 2622 470 2672 Semper
489 2636 624 2662 amare
643 2636 785 2673 parum
805 2626 876 2671 est,
895 2625 1050 2672 cupient
1067 2628 1104 2661 et
1124 2636 1255 2662 amare
1274 2624 1396 2661 videri
1417 2625 1443 2661 ³.

165 2766 196 2797 1.
213 2765 321 2805 Man„
342 2765 499 2804 Astron„
518 2767 559 2808 V,
582 2767 633 2799 64.

160 2813 195 2845 2.
215 2813 282 2852 ld„
303 2812 404 2850 ibid„
429 2813 471 2853 V,
492 2816 543 2846 Ἡ.

162 2861 195 2892 3.
215 2859 282 2900 ld„
299 2859 397 2898 ibid„
418 2861 460 2900 V,
482 2861 630 2901 146-153‚
653 2862 726 2894 156.
741 2879 784 2886 -
802 2861 852 2894 Cf.
875 2861 970 2903 Seu„
991 2861 1033 2894 de
1051 2862 1227 2895 Brevitate
1246 2862 1336 2900 υἱέα»,
1358 2861 1430 2893 XII.
