1936 3392
1587 356 1644 397 43

146 488 244 525 nus'
259 480 306 522 in
338 478 518 534 teneros]
550 478 689 521 bonus
719 480 768 520 ut
797 480 966 519 teneros
998 502 1053 506 —
1087 477 1184 518 201.
1216 475 1394 530 fraenat]
1425 475 1564 517 frenat
1589 501 1644 505 —

149 553 246 594 202.
276 550 500 606 fecundus]
531 550 764 592 faecundus
797 575 852 579 —
887 548 991 604 quid
1022 547 1195 602 mirum]
1219 533 1462 603 Qstlff)
1487 547 1647 589 mirum

148 649 205 654 —
243 624 340 665 203.
379 621 614 677 Librantes]
653 621 851 663 Libantes
890 646 945 650 —-
983 623 1151 662 noctem
1189 619 1332 661 chelae
1370 618 1485 674 cum]
1524 622 1647 660 nocte

131 683 482 757 Qoeelefi)
508 707 605 736 cum
632 693 713 747 (οι-ι)
740 718 796 723 —
824 694 921 734 204.
941 691 1114 746 Bacchi]
1141 691 1267 732 bachi
1294 716 1349 720 —
1378 690 1474 731 211.
1495 689 1646 745 poena]

146 779 282 824 paena
306 790 361 796 —
389 764 604 820 sequetur]
621 762 922 822 [sequatur]—-
956 764 1053 805 212.
1079 761 1244 818 limine]
1271 762 1435 804 lumine
1464 787 1520 791 —
1549 763 1646 803 214.

149 851 268 892 cum,
303 850 512 893 super-scr.
544 850 614 893 pr.
651 850 707 878 m.
744 836 813 878 vel
852 849 979 891 quam
1012 836 1124 890 (qua)
1169 860 1225 864 —
1271 834 1368 876 217.
1401 837 1536 876 armat
1567 833 1646 889 uti]

148 911 309 952 armata
339 934 395 940 —
429 909 525 950 218.
553 907 731 963 Phoebi]
757 907 885 964 phebi
918 933 972 936 —
1005 906 1159 961 sidera]
1186 906 1339 959 sydera
1370 931 1425 936 —-
1460 906 1556 947 220.
1584 919 1649 947 ar-

150 980 303 1038 dentis]
328 980 521 1023 ardentes
553 1005 607 1010 —
643 981 740 1021 221.
766 978 968 1034 multum]
995 978 1130 1020 multo
1163 1003 1218 1007 ——
1253 979 1349 1019 222.
1376 977 1519 1032 caede]
1547 977 1649 1019 cede

149 1078 204 1084 —
231 1054 329 1096 225.
355 1055 399 1094 et
421 1051 552 1094 funus
577 1051 742 1108 arenae]
769 1055 811 1093 et
833 1050 931 1092 finis
959 1050 1141 1092 harenae
1168 1075 1223 1079 -
1251 1050 1348 1091 228.
1375 1062 1544 1104 pugnae
1570 1048 1648 1104 est]

149 1127 212 1168 est
240 1139 321 1168 mn.
354 1150 410 1156 ——
444 1124 540 1165 230.
573 1124 619 1165 in
650 1122 784 1164 bifero
814 1122 930 1164 inest
960 1147 1015 1152 —
1056 1120 1153 1163 232.
1187 1120 1405 1176 Ardentis]
1437 1121 1650 1162 Ardentes

150 1221 206 1227 -—-
239 1197 336 1239 236.
368 1194 602 1251 elephante]
635 1194 813 1236 elefante
851 1220 906 1224 —
947 1195 1044 1236 238.
1077 1193 1231 1248 sidera]
1265 1193 1418 1246 sydera
1455 1218 1510 1222 —
1552 1194 1648 1234 241.

148 1267 365 1323 membris]
396 1267 584 1309 menbris
616 1292 671 1296 —-
711 1267 809 1307 245.
843 1265 952 1321 eget]
985 1266 1073 1320 agit
1105 1290 1160 1295 —
1194 1266 1291 1306 251.
1326 1263 1651 1306 Consumment-

151 1339 250 1396 que]
283 1339 629 1393 Consumentque
663 1363 719 1368 ——
760 1339 857 1379 254.
888 1337 1039 1392 noctis]
1071 1340 1215 1379 noctes
1247 1362 1302 1366 ——
1337 1337 1433 1378 256.
1466 1336 1580 1378 Hinc
1612 1341 1652 1378 et

150 1410 379 1466 mobilitas]
423 1410 507 1452 Hic
551 1413 594 1452 et
635 1409 834 1452 nobilitas
878 1435 934 1439 —
978 1407 1239 1463 mutataque]
1256 1412 1556 1465 -mutuataque
1594 1435 1649 1438 —

153 1483 250 1524 257.
274 1481 420 1538 priste]
441 1483 564 1544 QG
590 1507 646 1512 ——
674 1482 770 1523 258.
791 1485 841 1538 *at
866 1480 1037 1536 Veneri]
1065 1484 1105 1522 et
1129 1481 1275 1522 veneri
1308 1506 1362 1510 -—
1397 1482 1494 1522 259.
1523 1482 1652 1535 proii-

153 1553 227 1610 cit]
262 1554 416 1610 Rip-icit
452 1578 508 1583 —
549 1553 646 1595 260.
683 1551 910 1608 iuvenalis]
947 1552 1151 1594 iuvenilis
1183 1577 1239 1581 —
1279 1552 1376 1594 263.
1415 1550 1652 1594 Litoribus-

153 1624 253 1681 que]
287 1623 611 1680 Littoribusque
655 1650 710 1654 —
756 1625 853 1666 264.
885 1623 1014 1679 lacos]
1046 1624 1165 1665 lacus
1209 1649 1264 1654 —-
1312 1624 1408 1665 268.
1441 1622 1650 1679 Sidereas]

151 1695 359 1750 Sydereas
391 1721 446 1726 ——
479 1696 577 1738 269.
609 1697 836 1751 pontisque
864 1679 1123 1751 sequuntur]
1156 1699 1392 1751 pontesque
1411 1699 1653 1753 Q

152 1793 207 1798 ——-
241 1769 338 1810 270.
370 1781 396 1810 a
425 1767 578 1823 sidere]
610 1767 663 1809 ad
695 1767 847 1822 sydera
879 1793 934 1798 —
968 1769 1066 1809 273.
1098 1767 1252 1822 sidera]
1279 1767 1432 1821 sydera
1464 1793 1519 1798 ——
1554 1769 1650 1809 274.

150 1843 348 1896 pontum,
379 1853 407 1896 p
428 1853 489 1882 ex
518 1839 605 1894 b(P)
637 1853 741 1882 corr.
762 1854 831 1896 pr.
857 1854 914 1881 m.
948 1865 1002 1870 —
1038 1840 1135 1881 275.
1169 1838 1368 1894 Credent,
1400 1843 1443 1881 et
1470 1839 1650 1895 puppes]

153 1909 616 1984 Credentquppes
654 1937 709 1941 —
750 1912 847 1954 278.
885 1911 1088 1966 membra]
1125 1911 1303 1953 menbra
1341 1937 1396 1941 -—
1436 1913 1532 1953 282.
1565 1912 1652 1967 agi-
1738 1927 1754 1945 τ
1845 1924 1882 1942 ει

150 1982 251 2039 lem]
277 1982 431 2039 ahgem
463 2008 518 2013 —-—
553 1984 650 2025 283.
679 1982 895 2039 effindere]
923 1983 1139 2025 effundere
1168 2009 1224 2013 —
1252 1984 1348 2025 284.
1376 1984 1503 2025 remis
1531 1996 1653 2038 agere

153 2053 208 2111 et]
238 2067 380 2097 remos
411 2055 570 2110 agitare
602 2058 645 2106 et
675 2080 731 2084 —
772 2055 870 2097 285.
903 2054 1110 2110 everrere]
1144 2058 1332 2107 evenere
1365 2081 1420 2085 —
1454 2055 1552 2097 286.
1583 2054 1653 2097 Li-

151 2125 418 2182 toribusque]
456 2125 776 2182 Littoribusque
820 2152 875 2156 —
921 2127 1018 2169 287.
1057 2127 1207 2182 celare]
1246 2127 1408 2169 caelare
1453 2153 1508 2157 —
1555 2129 1652 2169 288.

150 2197 340 2254 Navalis]
370 2197 552 2240 Navales
585 2223 640 2228 —-—
675 2199 772 2240 289.
798 2197 969 2254 fluctus]
1015 2213 1045 2240 u
1073 2202 1140 2240 tus
1173 2225 1227 2228 —
1262 2199 1359 2240 290.
1387 2199 1652 2254 Fecundum]

151 2269 426 2315 Faecundum
464 2295 519 2300 ——
558 2269 683 2325 natis]
720 2271 864 2312 nautis
902 2296 958 2300 —
996 2270 1209 2325 voluptas,
1245 2285 1454 2326 superscr.
1488 2285 1558 2326 pr.
1596 2285 1652 2312 m.

150 2341 221 2384 vel
257 2355 305 2395 n,
339 2345 393 2384 ut
426 2342 486 2384 sit
515 2342 712 2384 voluntas
756 2367 812 2372 —
858 2343 955 2384 296.
988 2342 1187 2398 hospitio]
1220 2343 1409 2398 hospicio
1455 2368 1510 2372 —
1556 2344 1653 2384 297.

152 2412 299 2470 partis]
342 2417 482 2469 partes
525 2438 582 2443 —
629 2414 725 2456 298.
769 2414 992 2469 indigenae
1036 2414 1183 2456 dixere
1227 2413 1429 2470 Decania]
1473 2414 1655 2456 decanae

154 2482 302 2528 dixere
333 2485 532 2528 decanica
564 2511 620 2515 —
653 2487 750 2528 299.
780 2498 938 2527 nomen
963 2486 1079 2528 inest
1110 2511 1165 2515 —
1200 2487 1296 2528 302.
1323 2486 1475 2542 sidera]
1503 2486 1656 2540 sydera

155 2581 212 2587 -—
243 2557 340 2599 303.
372 2557 481 2612 altis]
505 2557 610 2616 Q
642 2583 697 2588 —-
737 2561 896 2611 manet,
926 2571 957 2599 n
988 2572 1039 2600 ex
1068 2571 1172 2600 corr.
1199 2571 1268 2613 pr.
1300 2572 1356 2599 m.
1391 2584 1445 2588 —
1481 2559 1577 2600 304.
1610 2559 1655 2599 in

155 2627 292 2684 caeco]
323 2629 371 2671 in
402 2642 531 2671 caeno
563 2655 619 2659 —
650 2629 887 2685 multaque]
922 2642 1004 2684 que
1035 2644 1115 2671 om.
1149 2655 1205 2659 —-
1240 2630 1335 2671 307.
1369 2629 1491 2685 celat]
1522 2629 1656 2671 caelat

156 2723 212 2731 —-
245 2701 341 2742 308.
373 2700 471 2756 alta]
490 2701 588 2758 ‘ajia
618 2727 673 2731 —
708 2702 804 2743 313.
838 2700 966 2756 cedit]
999 2701 1138 2743 caedit
1175 2727 1231 2730 —
1267 2701 1371 2743 Pdst
1401 2716 1438 2743 v.
1468 2703 1555 2742 313
1583 2715 1650 2743 se-

156 2774 354 2826 qunbur
385 2773 408 2814 l.
428 2772 514 2814 III
536 2787 600 2815 vv.
620 2774 779 2815 400——
791 2774 886 2814 682
916 2776 956 2814 et
987 2774 1010 2815 l.
1031 2773 1110 2814 IV
1133 2787 1197 2815 vv.
1218 2774 1368 2825 1—9,·
1407 2773 1507 2814 dein
1541 2773 1563 2814 l.
1585 2772 1662 2813 IV

156 2854 220 2884 vv.
248 2843 330 2884 314
340 2857 426 2899 sqq.
466 2869 520 2875 —
562 2845 660 2886 314.
692 2845 736 2885 in
770 2848 835 2886 ter
865 2844 1011 2900 denas]
1044 2845 1156 2886 inter
1187 2844 1336 2886 densas
1376 2870 1430 2874 —*
1467 2843 1653 2898 ducitur]

157 2912 312 2956 dicitur
342 2939 397 2944 —
430 2916 526 2958 315.
561 2915 852 2972 quotcunque]
887 2919 1176 2971 quotcumque
1210 2941 1264 2945 —
1299 2917 1395 2958 318.
1427 2914 1654 2970 Erigonae]

155 2984 322 3041 trigone
360 3011 414 3016 —
453 2987 549 3029 321.
587 2987 822 3042 adiunctas]
856 2987 1056 3037 adiuncta
1094 3012 1149 3017 —
1188 3000 1284 3042 pars
1317 2987 1395 3042 est]
1428 2990 1566 3043 panes
1598 3011 1653 3017 --
