1936 3392
778 311 830 352 81

83 467 181 506 sunt
227 478 251 504 a
298 461 485 518 principe
534 460 652 516 signo
702 458 921 514 Lanigeri,
971 473 1042 499 sex
1091 472 1114 498 a
1150 455 1288 498 Chelis
1323 460 1551 498 nocturna.

83 542 226 585 videri.
293 541 399 583 Sunt
447 538 598 596 quibus
647 553 733 580 esse
785 537 934 579 diurna
981 535 1142 593 placet,
1195 550 1300 591 quae
1345 534 1526 577 mascula

83 622 279 677 surgunt3
313 619 489 662 feminea
510 619 552 660 in
575 621 735 660 noctem
760 616 865 659 tutis
890 615 1068 672 gaudere
1092 613 1320 656 tenebris.’'
1337 615 1362 670 ¹)
1402 613 1525 656 Hisce

82 698 213 755 signis
245 697 374 754 igitur
405 711 489 738 non
522 695 618 738 inde
651 709 801 737 nomen
836 698 897 736 est
931 693 1073 735 datum
1111 692 1222 747 quod
1247 696 1320 733 aut
1342 691 1527 733 interdiu

83 781 252 834 surgant
301 782 373 818 aut
423 778 549 818 noctu
561 792 572 826 3
623 773 694 816 sed
743 773 853 816 unde
899 787 1050 814 nomen
1095 769 1372 827 acceperunt?
1443 770 1527 813 Hoc

83 857 211 900 lector
259 871 343 898 non
389 854 612 910 intellegit.
679 852 854 895 Accedit-
904 851 1014 908 quod
1063 866 1115 893 110
1147 851 1325 892 -nomina
1358 849 1526 906 quidem

84 937 310 993 signorum,
330 950 437 992 quae
460 938 532 976 aut
556 934 704 975 diurna
726 933 808 975 sint
833 936 906 974 aut
928 935 1153 982 nocturna,
1180 934 1291 972 certa
1312 930 1525 981 docentur,

85 1031 179 1059 cum
226 1016 336 1058 inter
382 1019 465 1056 tres
515 1012 737 1056 divisiones
778 1012 957 1054 diversas
991 1026 1086 1052 vera
1119 1025 1204 1052 non
1239 1010 1389 1051 diserte
1423 1009 1529 1051 indi-

84 1100 215 1138 cetur.
289 1093 473 1136 Eandem
528 1093 594 1134 1110
643 1091 842 1133 rationem
893 1090 1081 1146 sequitur
1130 1093 1253 1146 poeta
1306 1092 1432 1144 atque
1481 1089 1526 1130 in

86 1174 255 1226 mundi,
299 1173 346 1215 in
378 1172 487 1215 orbis
520 1171 668 1222 lactei,
703 1171 749 1212 111
780 1158 1029 1211 cometarum
1065 1170 1224 1224 origine
1259 1167 1527 1225 explicanda,

84 1253 183 1296 licet
208 1247 374 1295 'tantam
405 1250 746 1293 incertitudinem
778 1249 846 1291 hic
878 1249 1047 1290 minime
1081 1251 1306 1304 exspectes.

149 1332 302 1375 Merito
323 1324 326 1329 ⁵
351 1331 530 1373 obicitur
578 1329 754 1371 Manilio
803 1328 903 1370 haec
942 1327 1047 1370 mira
1079 1328 1291 1383 signorum
1327 1326 1531 1380 divisio.²)

88 1413 284 1454 Attamen
317 1424 556 1453 moneamus
588 1409 769 1466 primum
802 1422 886 1450 non
909 1408 1044 1464 ipsum
1070 1406 1294 1449 Manilium
1322 1406 1529 1449 invenisse

88 1491 194 1534 hanc
226 1490 495 1541 divisionem,
529 1503 632 1544 quae
666 1503 794 1544 paene
827 1491 916 1529 tota
948 1487 1059 1544 apud
1083 1486 1184 1529 alios
1218 1501 1383 1542 quoque
1402 1487 1530 1544 scrip-

89 1574 198 1613 tores
245 1569 447 1626 reperitur
457 1585 469 1620 3
521 1572 612 1610 tum
666 1567 803 1624 ipsum
857 1570 1020 1623 poetam
1076 1566 1250 1608 sensisse
1302 1565 1531 1608 absurdita-

91 1654 196 1702 tem,
230 1648 298 1691 sed
335 1647 546 1691 doctrinae
578 1646 812 1689 constantia
845 1645 1072 1688 adductum
1106 1661 1212 1698 esse,
1247 1649 1295 1687 ut
1329 1661 1416 1687 eam
1442 1661 1532 1702 pro-

90 1728 218 1772 baret.
283 1726 339 1770 In
371 1726 476 1769 libro
509 1726 642 1783 primo
676 1725 862 1768 monuit:
900 1729 976 1776 „tu
1011 1725 1132 1767 modo
1156 1726 1360 1782 corporeis
1385 1724 1534 1767 similis

91 1823 144 1851 ne
194 1821 344 1864 quaere
391 1807 569 1863 figuras,
620 1805 758 1848 omnia
808 1808 856 1847 ut
905 1804 1069 1862 aequali
1113 1804 1318 1861 fulgentia
1350 1805 1535 1848 membra

93 1887 227 1930 colore
259 1885 423 1929 deficiat
455 1885 559 1928 nihil
593 1889 634 1927 et
666 1900 843 1928 vacuum
877 1899 959 1941 qua
994 1884 1150 1927 lumine
1174 1888 1305 1927 cesset
1321 1909 1336 1916 ·
1354 1885 1534 1928 -formas

94 1966 332 2022 disiungere
362 1968 527 2008 tantum
558 1968 753 2007 contenta
785 1965 889 2021 (erat
910 1965 1074 2020 natura)
1098 1967 1140 2006 et
1165 1963 1297 2006 stellis
1318 1964 1534 2007 ostendere

94 2045 228 2088 sidera
275 2045 422 2096 certis,
471 2044 581 2087 linea
629 2043 819 2100 designat
858 2043 1014 2100 species
1047 2067 1062 2075 -
1096 2068 1111 2076 ·
1144 2044 1243 2085 satis
1287 2051 1371 2097 est,
1424 2045 1459 2087 si
1492 2061 1534 2087 se

95 2139 180 2167 non
211 2124 348 2166 omnia
387 2122 568 2166 celant.'’
594 2122 624 2179 ³)
691 2122 796 2164 Cum
829 2123 962 2179 igitur
995 2138 1046 2164 ne
1081 2121 1331 2165 lineamenta
1365 2124 1533 2179 quidem

94 2203 194 2247 satis
242 2189 348 2246 clare
396 2202 639 2245 adumbrata
688 2201 771 2244 dici
809 2202 993 2259 possint,
1029 2203 1131 2258 quid
1165 2219 1215 2245 ex
1246 2203 1358 2246 hisce
1392 2204 1535 2260 figuris

97 2297 202 2339 quae
248 2281 388 2325 Protei
437 2280 635 2338 praebent
682 2285 873 2323 naturam
909 2281 1090 2324 efficias?
1154 2283 1211 2325 At
1253 2283 1320 2325 hic
1352 2283 1396 2326 in
1429 2283 1534 2326 libro

95 2361 276 2406 secundo
321 2365 444 2418 poeta
492 2365 654 2403 monet:
707 2376 813 2412 „nec
861 2365 909 2404 tu
959 2361 1075 2403 nulla
1114 2367 1236 2417 putes
1268 2363 1314 2405 in
1349 2378 1395 2405 eo
1429 2379 1534 2406 com—

97 2445 234 2484 menta
263 2455 428 2484 vocasse
459 2444 650 2483 naturam
683 2455 842 2492 rerum,
895 2441 1006 2495 quod
1040 2446 1137 2483 sunt
1172 2443 1379 2485 currentia
1413 2458 1536 2499 quae-

98 2521 192 2564 dam
223 2545 238 2553 -
269 2546 284 2553 -
315 2524 390 2563 aut
421 2536 526 2576 quae
559 2524 670 2563 recta
702 2521 788 2562 suis
821 2519 1026 2563 librantur
1058 2522 1211 2564 stantia
1244 2522 1534 2580 membris.”⁴)

99 2594 226 2653 „Non
274 2600 372 2643 licet
404 2616 427 2642 a
459 2599 641 2642 minimis
675 2600 858 2642 animum
892 2599 1106 2642 deflectere
1141 2602 1273 2653 curis,
1309 2617 1383 2644 nec
1418 2602 1535 2658 quid-

150 2814 174 2851 ¹›
222 2819 274 2853 11,
299 2818 362 2848 203
387 2825 476 2854 seqq.

146 2875 171 2915 ²)
218 2878 359 2913 Teuffel,
385 2878 498 2907 Gesch.
525 2877 581 2907 dor
607 2877 694 2907 Rom.
722 2878 855 2908 Littvr..
883 2887 953 2915 pag.
981 2879 1040 2907 541
1062 2902 1067 2907 .
1095 2881 1124 2908 4.

146 2937 172 2976 ³)
220 2939 256 2973 I,
282 2939 345 2969 458
370 2948 458 2975 seqq.

147 2998 172 3038 ⁴)
221 3001 250 3030 ll
266 3023 272 3035 ,
298 3001 361 3030 ⁸244
387 3008 474 3036 seqq.
