1942 3308
752 390 1121 468 Appendix

657 506 718 550 de
755 506 974 549 Manilii
1015 506 1214 565 patria.

310 671 379 703 Per
395 672 568 713 postrenus
587 679 664 701 mea
681 669 789 702 verba
807 670 875 701 iam
895 669 938 701 ad
958 669 1226 702 coniectandum
1246 669 1422 702 descendi.
1449 670 1586 703 Etenim
1604 681 1702 715 prae·

170 733 224 763 ter
248 732 394 771 tempus,
414 738 483 769 quo
501 728 572 759 fere
589 727 720 770 singuli
738 727 819 760 libri
837 728 1025 770 conscripti
1040 737 1115 760 esse
1133 732 1288 771 possunt,
1308 728 1395 760 nihil
1413 728 1458 760 de
1477 729 1624 761 Manilio
1642 739 1702 762 ex·

170 787 310 828 plorare
325 796 517 828 possumus.
547 785 631 817 Vita
645 785 719 818 eius
735 795 875 827 prorsus
890 785 991 818 nobis
1006 786 1126 828 ignota
1141 790 1203 826 est,
1222 787 1387 828 quoniam
1404 786 1436 818 id
1457 787 1488 818 ei
1504 786 1644 828 accidit,
1664 791 1703 819 ut

171 854 193 877 a
210 843 310 876 nullo
336 844 482 885 antiquo
507 843 674 886 scriptore
700 843 825 875 citatus
843 843 888 875 sit
913 853 1030 884 neque
1056 843 1238 886 quisquam
1260 843 1302 875 de
1320 854 1360 875 eo
1386 844 1486 877 nobis
1511 844 1702 886 quidquam

171 899 365 934 tradiderit.
414 902 528 943 Atque
553 904 590 933 ut
617 901 730 943 ipsum
751 910 878 932 nomen
905 901 1077 932 incertum
1103 910 1177 933 esse
1202 904 1342 944 praeter
1361 900 1573 943 Woltjerum
1599 911 1701 934 nemo

170 962 287 1002 negat,
312 959 363 991 ita
386 969 432 991 ne
458 958 502 990 de
520 958 634 999 patria
653 958 805 999 quidem,
835 958 927 1000 quod
948 958 1037 990 ultra
1055 958 1311 991 dubitationem
1338 958 1492 1001 positum
1518 959 1576 1002 sit,
1601 960 1701 1002 quid-

172 1026 276 1060 quam
318 1016 492 1060 prolatum
536 1026 611 1048 esse
652 1015 832 1058 intellego.
890 1017 1015 1058 Neque
1049 1017 1243 1049 Romanum
1278 1026 1393 1058 neque
1425 1016 1606 1059 Italicum,
1641 1017 1701 1049 sed

173 1074 397 1118 peregrinum
423 1074 566 1107 natione
598 1073 696 1105 illum
731 1074 839 1106 fuisse
864 1073 1039 1117 plerisque
1072 1084 1170 1106 nunc
1194 1073 1384 1106 verisimile
1409 1074 1557 1106 videtur.
1608 1074 1703 1106 Huic

172 1132 224 1164 rei
250 1135 454 1173 argumento
479 1141 565 1174 esse,
598 1131 689 1173 quod
724 1142 792 1163 non
825 1141 939 1173 pauca
970 1131 1099 1163 habeat
1124 1131 1301 1172 Manilius,
1335 1141 1428 1173 quae
1462 1135 1499 1163 et
1531 1131 1576 1163 ab
1602 1131 1701 1164 illius

175 1186 300 1222 aetatis
326 1192 360 1222 et
383 1189 489 1222 totius
520 1189 706 1221 latinitatis
733 1189 989 1222 consuetudine
1013 1189 1237 1222 abhorreant.
1294 1189 1348 1221 Ob
1375 1198 1451 1221 eam
1478 1198 1547 1220 rem
1574 1189 1701 1222 Iacobo

171 1247 321 1289 primum
356 1256 399 1278 ex
424 1246 544 1278 Africa
577 1250 672 1278 ortus
705 1256 778 1278 esse
811 1247 904 1279 visus
937 1250 999 1287 est,
1033 1251 1154 1289 postea
1179 1247 1340 1279 Bentleio
1373 1246 1402 1278 is
1436 1255 1511 1278 sese
1537 1246 1702 1279 adiunxit

171 1304 340 1336 Asianum
363 1313 438 1336 esse
458 1307 596 1346 poetam
614 1303 797 1335 iudicanti.
825 1304 1015 1336 Merkelius
1033 1314 1114 1336 vero
1135 1305 1168 1335 in
1187 1303 1390 1346 prolusione
1408 1303 1452 1335 ad
1471 1303 1590 1336 Ovidii
1610 1305 1699 1337 Ibim

170 1361 296 1394 frustra
314 1361 348 1393 in
367 1361 627 1402 probabilitatis
653 1362 802 1403 speciem
823 1361 980 1404 redigere
997 1361 1132 1394 studuit
1150 1371 1240 1403 eum,
1259 1362 1295 1393 in
1314 1371 1415 1403 quem
1435 1361 1584 1394 Ovidius
1602 1362 1700 1393 inve-

170 1418 323 1461 heretur,
349 1429 424 1452 esse
451 1419 706 1452 astronomicon
733 1419 958 1461 scriptorem;
985 1420 1062 1461 quis
1081 1419 1174 1451 enim
1194 1419 1299 1451 suerit
1316 1418 1378 1451 ille
1403 1419 1473 1451 ibis
1498 1428 1568 1450 non
1587 1422 1701 1462 potest

171 1476 359 1518 explorari,
375 1477 417 1508 cf.
436 1476 519 1509 Otto
538 1476 696 1509 Ribbeck
716 1476 840 1511 Gesch.
860 1477 893 1509 d.
912 1477 996 1508 rom.
1017 1476 1201 1520 Dichtung
1219 1477 1253 1508 11
1272 1487 1305 1518 p.
1320 1477 1385 1508 327
1405 1476 1581 1519 Stuttgart
1601 1477 1699 1509 1889.

308 1533 580 1576 Aliquantulum
616 1533 769 1576 denique
803 1545 930 1576 operae
963 1535 1067 1566 etiam
1102 1535 1243 1567 Lanson
1278 1534 1431 1577 perdidit
1463 1544 1579 1576 neque
1613 1534 1699 1566 mul-

170 1594 242 1624 tum
276 1602 398 1624 causas
430 1592 476 1624 ab
509 1602 549 1624 eo
581 1594 627 1635 (p.
663 1592 766 1633 5—7)
800 1593 1003 1624 enuntiatas
1036 1593 1153 1624 valere
1187 1592 1364 1634 pervideo.
1405 1592 1564 1624 Primum
1590 1592 1700 1635 igitur

167 1659 287 1682 verum
320 1659 390 1682 non
428 1649 606 1682 intellexit
643 1649 822 1682 declarare
855 1653 1017 1689 conatus,
1055 1659 1117 1682 cur
1155 1651 1354 1682 memoratis
1388 1649 1557 1683 Graeciae
1593 1651 1699 1694 scrip-

166 1707 300 1740 toribus
338 1707 511 1740 Romanos
556 1708 709 1740 secundo
753 1708 788 1739 in
837 1708 925 1740 libro
970 1707 1113 1740 omnino
1159 1708 1469 1750 praetermisisset,
1514 1708 1549 1740 in
1597 1709 1699 1742 tertio

167 1745 244 1797 vif
269 1764 383 1798 obiter
423 1775 464 1796 ac
498 1769 677 1807 tamquam
718 1765 933 1808 praeteriens
975 1765 1146 1798 Manilius
1179 1765 1363 1808 tetigisset.
1415 1766 1526 1798 Cuius
1557 1766 1607 1798 rei
1641 1776 1700 1799 ex-

167 1822 418 1876 Jplicamenti
451 1822 590 1865 aliquid
621 1823 672 1856 sic
705 1822 867 1855 attulisse
899 1822 965 1856 sibi
993 1822 1142 1865 videtur,
1174 1826 1213 1855 ut
1247 1823 1387 1866 diceret,
1422 1824 1506 1866 quia
1529 1823 1565 1855 in
1593 1823 1699 1857 Graio

167 1880 250 1913 orbe
284 1884 387 1912 natus
419 1879 568 1923 ideoque
602 1881 631 1912 si
663 1892 731 1914 non
765 1882 801 1912 in
835 1881 999 1921 Graecia,
1030 1881 1067 1912 in
1094 1881 1178 1912 Asia
1212 1884 1306 1913 certe
1333 1880 1448 1914 Graiis
1481 1881 1634 1913 moribus
1659 1891 1700 1914 ac

167 1937 367 1980 disciplinis
385 1937 539 1970 imbutus
565 1938 685 1980 ibique
711 1937 882 1970 educatus
906 1938 1038 1978 suisset,
1066 1939 1220 1981 viguisse
1246 1939 1280 1971 in
1301 1938 1466 1970 memoria
1491 1938 1565 1971 eius
1593 1938 1700 1972 Grae-

167 2004 283 2028 carum
310 1995 503 2027 litterarum
530 1995 703 2037 exempla,
729 1999 764 2027 et
788 1996 987 2038 praesentia
1012 2005 1149 2038 semper
1166 2005 1208 2027 ac
1232 1995 1351 2028 vivida
1376 1995 1468 2028 ultro
1494 1997 1699 2040 exundasse,

166 2052 344 2086 Romanas
376 2063 459 2085 vero
492 2053 626 2086 litteras
659 2053 813 2086 tardiore
846 2063 932 2085 cura
965 2058 1001 2086 et
1033 2054 1165 2086 maiore
1196 2054 1316 2087 labore
1350 2054 1496 2087 haustas
1528 2066 1597 2089 non
1630 2057 1699 2088 nisi

167 2110 353 2142 meditanti
378 2110 535 2144 adfuisse
567 2121 684 2153 neque
716 2112 811 2153 ipsas
843 2121 915 2144 non
940 2112 1182 2144 attendentem
1215 2112 1433 2145 sollicitasse.
1483 2112 1581 2154 Quae
1606 2113 1700 2145 haud

167 2168 275 2201 sciam
300 2178 345 2200 an
378 2178 424 2201 ne
450 2178 536 2210 opus
561 2168 703 2211 quidem
736 2170 780 2201 sit
814 2169 985 2202 refellere.
1034 2170 1158 2212 Neque
1188 2169 1281 2202 enim
1314 2180 1526 2213 quemquam
1560 2175 1700 2213 praeter

167 2225 363 2258 Lansonem
398 2236 603 2269 persuasum
636 2226 750 2260 habeo
789 2231 998 2270 negaturum
1024 2237 1098 2260 esse
1134 2228 1372 2261 Romanorum
1406 2238 1546 2271 quoque
1577 2239 1699 2262 monu-

166 2286 286 2315 menta
309 2284 512 2325 praesentia
538 2294 650 2327 usque
683 2285 791 2318 fuisse
819 2285 977 2328 Manilio,
1017 2286 1045 2318 si
1072 2286 1174 2319 modo
1209 2296 1326 2318 secum
1358 2286 1574 2328 reputaverit
1599 2286 1698 2319 illum

165 2340 204 2372 in
244 2341 323 2383 ipsa
360 2341 515 2374 dictione
553 2342 790 2374 Romanarum
825 2343 1020 2375 litterarum
1059 2344 1255 2376 doctrinam
1287 2347 1463 2378 ostentare
1495 2343 1632 2386 cupisse
1658 2356 1699 2377 ac

165 2399 389 2442 praecipuam
439 2398 616 2441 quandam
667 2409 806 2442 operam
845 2401 998 2442 priorum
1049 2404 1229 2444 poetarum
1293 2401 1463 2444 exemplis
1525 2401 1698 2435 tribuisse.

166 2455 348 2498 Quidquid
381 2457 474 2488 enim
508 2457 560 2488 illi
596 2458 829 2490 elocutionum
860 2462 969 2500 atque
1004 2463 1193 2501 apparatus
1220 2458 1448 2501 mythologici
1474 2457 1696 2500 effinxerant,

165 2514 201 2547 id
226 2514 261 2546 in
288 2525 389 2547 suum
417 2525 514 2547 usum
550 2525 626 2548 eum
661 2516 828 2549 imitando
855 2517 1038 2550 detorsisse
1065 2527 1108 2549 ex
1134 2516 1197 2557 eis,
1230 2527 1321 2559 quae
1347 2516 1492 2550 Cramer
1517 2517 1696 2560 patefecit,

165 2575 312 2615 apparet
337 2571 500 2605 dilucide.
551 2572 646 2613 Quin
682 2574 784 2606 etiam
813 2578 1032 2616 quantopere
1058 2574 1204 2607 Latinas
1236 2574 1371 2607 litteras
1396 2578 1511 2606 mente
1545 2585 1698 2618 compre-

165 2629 338 2670 henderit,
375 2639 419 2662 ex
454 2639 494 2662 eo
528 2631 725 2663 luculenter
758 2631 958 2674 intellegas,
993 2631 1088 2673 quod
1123 2636 1157 2664 et
1190 2632 1431 2675 prosodiacam
1458 2636 1492 2663 et
1516 2633 1696 2665 metricam

163 2687 334 2720 rationem
360 2687 447 2719 adeo
483 2699 550 2721 non
586 2689 677 2720 male
711 2690 886 2731 tractavit,
926 2694 966 2722 ut
1004 2694 1126 2723 contra
1158 2690 1196 2722 in
1230 2690 1329 2723 arida
1362 2700 1474 2722 rerum
1508 2689 1697 2732 asperitate

165 2746 275 2779 mirus
300 2746 384 2786 sere,
411 2749 449 2778 ut
473 2746 524 2778 ita
539 2746 663 2788 dicam,
681 2757 843 2779 versuum
867 2749 993 2780 artifex
1020 2748 1215 2789 exsisteret,
1245 2748 1287 2780 cf.
1305 2749 1344 2780 L.
1363 2747 1513 2780 Mueller
1531 2747 1563 2780 d.
1582 2758 1607 2779 r.
1632 2758 1695 2787 m.;

165 2803 241 2840 Birt
261 2803 306 2835 ad
330 2803 410 2837 hist.
430 2803 510 2836 hex.
528 2805 604 2838 hat.
623 2806 756 2847 symb.;
776 2805 922 2838 Cramer
946 2806 969 2838 l.-
994 2806 1034 2846 ].;
1062 2807 1187 2840 Philol.
1206 2807 1271 2838 XV
1297 2818 1330 2848 p.
1356 2807 1433 2838 481.
1459 2806 1534 2837 492.
1575 2805 1697 2847 Neque

164 2860 345 2893 annalium
373 2861 605 2894 Romanorum
640 2862 836 2903 imperitum
870 2873 906 2895 se
932 2863 1099 2905 praebet:
1131 2866 1276 2895 noverat
1301 2862 1407 2894 huius
1440 2862 1560 2905 populi
1587 2863 1694 2904 bella,

164 2927 302 2966 pugnas
322 2917 566 2965 victoriasque,
593 2922 736 2952 noverat
752 2919 844 2953 viros
863 2920 942 2954 illos
960 2921 1063 2953 fortes
1081 2921 1238 2965 beneque
1273 2919 1315 2952 de
1340 2920 1521 2963 republica
1546 2921 1696 2955 meritos.

1601 2987 1643 3025 5*
