1930 3320
771 265 1055 306 -13-

169 388 250 429 iam
279 387 411 440 primo
443 387 552 426 libro
588 387 642 439 (v.
670 388 764 438 899)
807 387 850 426 in
887 388 1118 427 memoriam
1152 387 1323 439 reducit,
1360 392 1522 428 secutae
1556 393 1653 430 sunt

171 458 455 510 expeditiones
510 457 669 495 Tiberii
716 455 993 507 Germanicae,
1046 457 1153 496 unde
1206 460 1304 508 post
1346 458 1556 498 biennium
1600 459 1652 498 ad

171 526 418 578 triumphum
453 539 535 565 non
569 526 688 564 huius
719 526 788 564 sed
818 526 1041 577 superioris
1069 526 1301 566 Pannonici
1327 528 1428 567 belli
1456 531 1652 568 avocatus

172 607 443 635 successorem
483 595 668 645 „reliqua
709 595 810 633 belli
850 595 1131 645 patraturum“
1175 596 1320 635 habuit
1356 596 1653 638 Germanicum.

171 665 316 715 ltaque
362 677 451 702 cum
496 667 590 702 ante
630 663 813 714 Augusti
859 667 1028 702 mortem
1073 676 1155 714 pax
1202 677 1251 703 ne
1294 666 1335 704 in
1379 678 1450 717 spe
1492 668 1654 716 quidem

171 733 295 773 fuerit
330 745 459 783 neque
494 733 743 782 convenerit,
781 733 891 782 quod
918 737 1064 782 postea
1093 734 1317 787 ostendam,
1351 739 1446 775 ante
1474 749 1654 786 proavos

171 806 336 842 nostros
365 815 400 841 a.
429 801 482 841 U.
513 805 587 841 769
616 815 640 840 a
661 801 903 841 Germanico
933 805 1116 852 pacatos,
1146 803 1259 843 nullo
1281 808 1418 854 pacto,
1447 806 1527 844 nisi
1547 806 1653 845 forte

170 871 388 910 Manilium
417 871 535 909 nimis
564 871 775 910 credulum
804 871 928 910 fuisse
956 876 1092 922 putas,
1127 872 1214 911 fieri
1242 874 1394 924 potuit,
1422 879 1468 913 ut
1495 874 1654 923 adOc-

171 940 378 980 tavianum
405 940 455 979 de
484 940 570 978 otio
600 943 642 979 et
668 952 766 990 pace
786 940 1043 979 scriberetur.
1084 941 1232 980 Potuit
1251 947 1385 982 autem
1405 943 1567 994 aliquot
1585 957 1655 983 an-

171 1009 238 1047 nis
252 1014 349 1060 post
363 1009 414 1048 ad
431 1009 522 1048 Tib
534 1010 606 1048 eri
617 1022 688 1047 um
702 1009 930 1059 principem
943 1010 1025 1048 tale
1041 1010 1199 1060 aliquid
1215 1012 1370 1061 optimo
1388 1012 1475 1052 iure
1490 1013 1593 1056 dari.
1604 1036 1654 1042 --

271 1078 446 1118 Accedit
487 1079 612 1117 aliud.
668 1078 757 1116 Pax
793 1078 893 1127 sola,
937 1079 1059 1117 etiam
1095 1081 1129 1118 si
1164 1082 1294 1120 totam
1329 1094 1402 1132 per
1435 1083 1562 1122 vitam
1597 1083 1655 1122 rei

168 1147 359 1198 publicae
389 1160 475 1187 eam
503 1159 744 1187 conservare
774 1147 953 1198 principi
982 1148 1153 1187 maxime
1182 1161 1302 1188 curae
1332 1155 1406 1201 est,
1434 1152 1570 1191 nescio
1601 1165 1653 1191 an

170 1216 286 1255 nulla
326 1221 444 1268 parte
487 1217 662 1254 sufficiat
704 1217 755 1254 ad
798 1217 1048 1255 incitandum
1090 1222 1234 1268 vatem,
1284 1221 1524 1270 praesertim
1566 1233 1656 1260 cum

170 1286 380 1325 materiam
431 1298 536 1335 eam,
586 1298 666 1334 qua
716 1285 829 1324 nulla
877 1287 1064 1336 asperior
1103 1287 1312 1337 magisque
1353 1289 1481 1328 ardua
1519 1293 1660 1341 potest

173 1355 414 1405 excogitari,
451 1367 568 1404 quam
606 1354 920 1404 diligentissime
956 1357 1133 1395 tractare
1162 1357 1204 1394 in
1233 1358 1409 1397 animum
1436 1359 1658 1411 induxerit,

150 1423 244 1463 ‘sed
284 1424 347 1463 illi
389 1424 499 1462 adsit
541 1435 703 1463 necesse
740 1427 803 1462 est
836 1425 972 1474 gratia
1006 1424 1182 1463 hominis
1220 1426 1321 1476 eius,
1366 1428 1435 1476 qui
1471 1439 1535 1467 res
1571 1439 1657 1467 cae-

173 1493 296 1532 lestes
332 1506 404 1532 nec
439 1506 549 1532 more
584 1494 697 1543 vulgi
735 1493 848 1531 rudis
886 1494 1079 1544 neglegat
1108 1498 1179 1534 aut
1206 1496 1444 1535 reformidet
1472 1503 1513 1535 et
1538 1499 1656 1536 tanto

172 1574 309 1601 amore
350 1562 567 1611 studioque
609 1562 890 1612 amplectatur,
931 1567 977 1601 ut
1022 1563 1251 1613 quicunque
1286 1565 1371 1604 illis
1407 1579 1488 1604 una
1523 1578 1659 1605 secum

174 1643 337 1682 operam
378 1631 515 1670 daturi
558 1631 659 1681 sint,
708 1643 777 1670 eos
819 1632 922 1670 bene
963 1632 1158 1683 accipiat,
1207 1634 1435 1685 collaudet,
1479 1635 1656 1674 adiuvet.

173 1699 410 1740 Cuiusmodi
444 1712 508 1738 res
543 1713 567 1738 a
601 1704 726 1751 poeta
760 1700 934 1738 indicari
970 1701 1168 1750 versibus,
1208 1714 1312 1751 quos
1342 1703 1505 1752 quidem
1533 1715 1658 1754 supra

173 1769 416 1820 interposui,
444 1774 629 1819 apertum
658 1772 700 1808 et
727 1770 986 1808 manifestum
1014 1774 1086 1810 est.
1137 1770 1258 1820 Quod
1289 1772 1323 1810 si
1354 1784 1538 1824 quaeras,
1566 1777 1658 1812 uter

172 1842 271 1889 post
305 1839 459 1878 cladem
487 1839 710 1878 Varianam
747 1840 827 1879 arti
863 1843 904 1878 et
930 1840 1116 1890 poeticae
1145 1843 1187 1879 et
1213 1842 1488 1892 astrologicae
1517 1843 1657 1882 favens

174 1908 419 1947 auctoritate
440 1919 512 1946 sua
530 1908 748 1947 Manilium
767 1909 911 1947 melius
933 1914 1164 1948 sustentare
1183 1911 1381 1961 potuerit,
1404 1910 1658 1951 Octavianus

175 1986 299 2015 senex
327 1989 379 2015 an
409 1976 611 2026 Tiberius,
639 1977 859 2027 plurimum
888 1991 982 2017 sane
1014 1978 1236 2018 Suetonius
1265 1984 1306 2018 et
1335 1979 1517 2031 Tacitus,
1545 1993 1658 2021 vera-

175 2043 328 2084 cissimi
362 2044 427 2083 illi
461 2049 663 2096 auctores,
698 2047 927 2097 conferunt,
963 2052 1008 2086 ut
1044 2048 1217 2087 alterum
1254 2048 1482 2100 principem
1503 2054 1658 2102 ‘poetae

175 2113 385 2164 applicare
415 2114 600 2153 malimus
629 2115 694 2154 vel
721 2117 860 2166 potius
889 2117 1118 2156 debeamus.

279 2182 502 2222 Suetonius
515 2184 561 2233 ¹¹)
606 2190 746 2223 narrat
788 2186 890 2224 mira
926 2186 1099 2235 quadam
1135 2187 1427 2237 superstitione
1461 2188 1660 2228 imbutum

175 2251 300 2292 fuisse
323 2243 606 2302 Octavianum,
626 2253 810 2293 tonitrua
829 2259 870 2294 et
889 2255 1053 2305 fulgura
1070 2256 1194 2306 paulo
1211 2257 1408 2296 infirmius
1425 2259 1660 2308 expavisse3

176 2322 334 2361 somnia
375 2333 507 2371 neque
550 2334 622 2361 sua
664 2335 794 2372 neque
836 2323 971 2363 aliena
1011 2324 1060 2363 de
1104 2337 1145 2363 se
1188 2325 1360 2364 maxime
1395 2338 1469 2377 per
1502 2339 1659 2367 menses

175 2391 283 2442 veris
318 2391 567 2442 neglexisse3
609 2393 793 2443 auspicia
830 2394 1027 2443 quaedam
1061 2398 1101 2433 et
1136 2395 1272 2434 omina
1307 2408 1384 2445 pro
1422 2397 1660 2437 certissimis

178 2444 430 2510 observasse,
471 2466 624 2500 motum
666 2463 841 2501 ostentis
884 2463 1067 2502 timuisse
1111 2463 1307 2513 quosdam
1341 2465 1442 2515 dies,
1485 2466 1583 2515 quin
1619 2471 1661 2506 et

176 2529 379 2568 bellorum
420 2531 600 2570 omnium
640 2536 808 2571 eventus
850 2537 891 2572 et
933 2545 1046 2572 suam
1085 2536 1254 2572 mortem
1293 2535 1571 2584 praesensisse
1614 2548 1661 2575 ac

178 2597 456 2647 divinitatem;
495 2600 681 2651 denique,
725 2602 834 2651 quod
870 2602 990 2641 nobis
1028 2614 1122 2641 sane
1159 2614 1355 2642 summum
1390 2597 1661 2654 est,'tantam

181 2666 400 2718 Theogene
441 2673 606 2708 auctore
646 2670 834 2710 fiduciam
874 2672 970 2711 fati
1011 2672 1221 2720 habuisse,
1262 2677 1309 2711 ut
1349 2673 1512 2712 thema
1546 2686 1660 2714 suum

273 2811 315 2855 ¹1)
339 2810 423 2847 Oct.
449 2823 479 2847 e.
503 2813 650 2848 90-95,
