1930 3320
922 263 1204 308 -70--

319 385 566 440 panduntur
591 386 825 430 bracchia
845 390 1013 430 cautes
1033 387 1103 444 (de
1120 388 1426 446 Andromeda).
1458 389 1506 434 O.
1526 395 1624 435 met.
1641 388 1703 433 IV
1721 393 1801 434 672

331 456 462 507 Quam
505 456 628 496 simul
670 456 727 496 ad
769 456 929 497 duras
975 457 1189 509 reliyatam
1234 458 1475 500 bracchia
1516 462 1684 501 cautes
1729 459 1800 516 (de

329 522 519 577 eadem);
578 526 712 565 cautes
754 524 898 565 durae:
946 524 1076 578 Verg.
1121 524 1232 567 Aen.
1272 526 1335 567 IV
1375 529 1468 569 366.
1511 529 1525 581 ll
1561 527 1618 570 Μ.
1649 528 1689 569 V
1721 529 1801 569 682

325 589 384 630 Et
420 590 514 640 fluit
558 591 604 630 in
645 590 825 642 liquidas
860 591 969 632 tabes
1004 593 1228 633 resoluta
1273 594 1540 636 medullas.
1613 595 1662 637 O.
1702 599 1802 638 met.

326 657 392 697 IX
423 659 503 698 484
534 682 577 687 —
618 660 664 698 ut
691 658 802 698 iacui
831 659 924 699 totis
953 659 1172 700 resoluta
1201 660 1455 704 medullis.
1709 658 1711 661 ’

442 758 738 800 CATULLI
775 760 1002 801 verborum
1044 761 1189 802 neseio
1227 775 1281 802 an
1320 763 1562 805 meminerit
1599 763 1799 805 Manilius

327 839 452 867 versu
482 827 584 868 hoe:

379 943 383 947 ἣ
440 893 554 935 Man.
591 894 613 935 I
655 895 734 935 319
772 894 839 935 At
866 897 1023 946 parte
1051 909 1110 936 ex
1146 896 1256 937 alia
1286 897 1396 938 claro
1430 898 1568 939 volat
1598 898 1689 939 orbe
1723 898 1803 941 Co*

326 974 460 1002 rona.
521 961 612 1003 Cat.
645 964 718 1014 64,
750 964 825 1002 251
862 963 928 1003 At
967 966 1113 1016 parte
1161 977 1221 1004 ece
1268 965 1381 1006 alia
1422 965 1575 1016 florens
1615 966 1804 1007 volita-

328 1028 409 1068 bat
437 1028 670 1072 Iacchus.
729 1027 800 1083 (cf.
833 1043 1085 1085 supra-pag.
1119 1029 1229 1085 112),

440 1098 627 1152 itemque
659 1097 940 1138 TIBULLI
970 1099 1062 1139 loeo
1094 1098 1196 1140 hoe:

444 1165 500 1206 M.
532 1164 553 1204 I
584 1166 636 1205 87
670 1179 731 1219 sq.
774 1164 834 1205 Et
876 1178 1034 1218 vayus
1081 1166 1128 1206 in
1175 1179 1333 1208 caecum
1372 1167 1600 1219 penetravit
1628 1167 1804 1208 navita

320 1234 496 1284 pomum
536 1232 653 1274 Fecit
703 1234 741 1273 et
781 1232 979 1285 iynotis
1006 1233 1136 1275 itiner
1165 1235 1397 1275 commercia
1427 1235 1595 1277 terris.
1656 1235 1750 1277 Tib.
1781 1234 1804 1276 I

330 1302 368 1351 3,
401 1302 452 1341 39
486 1314 547 1354 sq.
603 1300 704 1340 Nee
732 1312 894 1353 vayus
929 1300 1126 1353 iynotis
1155 1304 1335 1353 repetens
1365 1301 1598 1353 compendia
1641 1302 1804 1343 terris

329 1366 544 1409 Presserat
573 1370 742 1408 eoeterna
772 1368 957 1408 navita
986 1381 1111 1409 meree
1139 1370 1278 1419 ratem,
1575 1358 1578 1360 V

443 1434 717 1476 LYGDAMI
747 1436 927 1490 denique
958 1449 1085 1476 versu
1114 1435 1214 1476 hoo:

440 1503 554 1546 Man.
577 1503 640 1544 IV
661 1505 743 1544 577
775 1503 941 1545 Nulla
968 1503 1099 1555 fides
1127 1505 1284 1545 inerit
1312 1504 1434 1555 natis,
1464 1503 1534 1544 sed
1559 1527 1626 1546 --.
1665 1502 1800 1560 Lygd.

329 1573 442 1630 apud
473 1573 566 1615 Tib.
599 1573 668 1614 III
699 1575 737 1626 6,
761 1576 814 1615 49
843 1573 1009 1615 Nulla
1036 1573 1169 1625 fides
1197 1574 1380 1615 inerit:
1403 1573 1595 1626 periuria
1626 1597 1693 1615 -.

445 1676 536 1717 Iam
568 1680 739 1717 transeo
782 1675 836 1716 ad
866 1690 939 1717 eas
969 1676 1147 1731 phrases
1178 1675 1515 1730 percensendas‚
1560 1689 1668 1730 quae
1711 1689 1806 1717 eum
1846 1722 1853 1731 ,

329 1744 443 1799 apud
473 1745 578 1785 alios
610 1757 776 1799 quoque
808 1748 957 1799 poetas
989 1747 1224 1793 occurrant,
1256 1744 1433 1794 dubites,
1463 1757 1563 1784 num
1585 1757 1684 1785 casu
1712 1757 1805 1784 cum

329 1812 503 1852 Manilio
536 1812 814 1853 consentiant.
873 1811 971 1852 Huc
1010 1811 1221 1852 referendi
1254 1815 1352 1852 sunt
1383 1812 1421 1852 ei
1451 1825 1650 1852 versuum
1685 1811 1806 1861 fines,

330 1880 399 1934 qui
439 1879 552 1935 apud
581 1880 784 1935 plurimos
815 1883 965 1934 poetas
996 1879 1211 1919 Romanos
1242 1880 1454 1933 leguntur,
1495 1883 1536 1919 et
1567 1877 1619 1919 de
1651 1878 1804 1933 quibus

330 1947 418 2002 egit
447 1948 500 1989 A.
532 1946 784 2002 Zingerle
825 1947 868 1987 in
912 1947 1055 1987 libello
1103 1947 1172 2000 qui
1213 1947 1478 1987 inscribitur:
1522 1946 1589 1988 Zu
1617 1947 1806 1997 spatere‘n

330 2014 596 2056 lateinischen
628 2013 826 2056 Diehtern
855 2015 877 2055 I
906 2029 946 2069 p.
978 2017 1030 2054 44
1062 2028 1151 2069 sqq.
1183 2018 1226 2056 et
1255 2014 1301 2055 II
1330 2028 1371 2069 p.
1403 2016 1455 2055 49
1487 2028 1576 2069 sqq.
1652 2048 1655 2051 ,

441 2083 556 2125 Man.
602 2083 623 2123 Ι
668 2084 692 2123 6
735 2082 913 2134 Hospita
956 2095 1112 2124 saera
1148 2081 1349 2137 ferens;
1413 2095 1560 2124 saera
1607 2081 1804 2136 ferens:

330 2151 460 2205 Verg.
493 2165 587 2192 aen.
613 2150 725 2191 VIII
756 2152 808 2191 85
844 2149 958 2205 (eod.
979 2149 1116 2206 loeo);
1147 2163 1296 2191 saera
1319 2149 1455 2204 fero:
1500 2150 1630 2204 Verg.
1661 2163 1806 2204 georg.

329 2219 373 2259 II
418 2220 498 2259 476
547 2217 660 2273 (eod.
706 2218 842 2273 looo);
890 2219 940 2260 cf.
983 2218 1114 2272 Verg.
1161 2232 1254 2260 aen.
1298 2218 1362 2258 VI
1407 2219 1501 2259 809.
1573 2217 1699 2271 Prop.
1743 2216 1807 2257 IV

331 2288 354 2327 8
394 2285 472 2341 (9),
505 2288 571 2328 46.
611 2286 624 2338 ΙΙ
674 2285 786 2327 Man.
825 2285 846 2326 I
887 2288 935 2326 10
991 2285 1098 2327 Das
1151 2285 1369 2326 animum
1421 2284 1580 2339 (Bentl.
1631 2282 1806 2337 animos)

332 2378 382 2383 —
442 2354 564 2395 dare
622 2355 840 2395 animos:
907 2354 1037 2408 Verg.
1097 2367 1191 2395 aen.
1235 2352 1321 2394 VII
1371 2353 1450 2392 383
1511 2351 1624 2406 (eod.
1678 2349 1806 2406 loco).

332 2421 453 2463 Ovid.
500 2435 581 2462 am.
626 2421 767 2471 1117,
802 2423 838 2463 7.
911 2425 1010 2462 met.
1055 2421 1095 2462 V
1132 2423 1184 2462 47
1231 2419 1345 2475 (eod.
1388 2417 1517 2474 loeo).
1582 2433 1638 2460 ex
1682 2418 1806 2460 Pont.

330 2489 351 2530 I
383 2492 420 2541 2,
447 2491 524 2534 852
571 2489 623 2530 ef.
665 2488 912 2530 Lachmann
961 2489 1014 2529 ad
1059 2489 1185 2543 Prop.
1218 2487 1281 2528 IV
1315 2490 1376 2539 15,
1405 2490 1469 2528 15.
1499 2487 1512 2539 ΙΙ
1541 2486 1653 2528 Man.
1696 2485 1718 2526 I
1754 2487 1806 2526 26

330 2556 558 2596 Munera
589 2554 749 2610 (Bentl.
780 2555 962 2610 munere)
999 2555 1298 2602 caelestum
1329 2553 1461 2608 Verg.
1498 2566 1644 2608 georg.
1674 2553 1696 2593 I
1727 2554 1806 2593 238

330 2623 544 2664 Munere
593 2635 797 2663 concessae
841 2622 1011 2664 divom.
1042 2623 1056 2674 ll
1092 2622 1205 2663 Man.
1248 2622 1269 2662 I
1313 2623 1366 2662 29
1407 2621 1598 2662 Invitis
1643 2622 1688 2660 ut
1726 2619 1808 2660 dis

331 2693 490 2742 cuperet
523 2714 587 2732 -—.
619 2690 711 2732 Cat.
745 2692 810 2742 76,
836 2692 886 2731 12
915 2690 973 2730 Et
1001 2689 1080 2730 dis
1108 2690 1300 2730 invitis.
1359 2689 1489 2743 Verg.
1527 2702 1621 2730 aen.
1651 2688 1696 2728 II
1727 2689 1807 2728 402

330 2758 635 2803 invitis-divis.
694 2757 748 2807 X,
782 2759 829 2798 31
879 2757 1007 2798 invito
1049 2757 1228 2799 numine.
1294 2755 1414 2798 Ovid.
1445 2756 1532 2797 Ibis
1565 2757 1644 2797 498
1681 2755 1808 2795 invito

333 2826 450 2870 -dea
474 2827 488 2883 ΙΙ
525 2826 638 2867 Man.
672 2826 691 2866 Ι
724 2827 776 2866 32
807 2825 1008 2867 Sublimes
1036 2825 1229 2876 aperire
1258 2825 1378 2866 vias.
1436 2823 1559 2865 Luer.
1591 2823 1611 2863 Ι
1643 2825 1722 2863 373
1752 2822 1810 2862 Et
