1968 3366
877 263 931 301 35

205 407 412 451 arbitrium
443 411 502 448 eet
536 408 625 448 464
637 425 654 456 ;
688 421 778 448 uam
814 407 890 448 hoc
922 408 955 448 si
994 411 1055 448 est
1078 411 1236 462 praeter
1265 421 1406 458 usum,
1441 407 1484 448 id
1506 407 1602 448 inde

205 485 358 535 oritur,
392 483 504 538 quod
536 497 699 540 perraro
732 483 889 525 occasio
923 483 1091 526 offertur
1129 483 1252 524 huius
1275 482 1388 524 verbi
1415 482 1602 525 absolute

205 561 424 604 adhibendi
440 579 450 614 3
490 561 581 604 aliis
614 561 712 603 locis
745 561 945 604 Manilius
969 576 1132 617 quoque
1155 560 1361 603 obiectum
1384 561 1522 612 addit3
1556 561 1603 602 II

206 643 315 683 248:
350 641 556 692 „fundens
590 644 631 683 et
662 641 874 696 Aquarius
906 640 1083 683 undas.'’
1152 639 1343 682 Ceterum
1377 641 1411 682 si
1431 642 1605 692 fundere

201 721 260 762 ita
308 718 514 771 absolute,
564 724 611 762 ut
661 720 827 771 dicunt,
880 721 1059 776 positum
1110 719 1257 762 Latine
1300 735 1383 762 non
1426 720 1602 773 dicitur,

201 798 479 855 reponendum
511 802 610 853 puto
633 812 726 839 cum
748 797 886 839 Bentl.
910 798 961 839 ad
985 797 1028 840 II
1046 830 1056 848 ,
1094 799 1182 838 464
1205 797 1438 848 humentis,
1472 802 1519 839 ut
1541 797 1602 849 V,

203 879 316 937 450:
351 876 462 928 „Sed
494 876 661 932 regione
693 891 832 918 means
867 875 1054 932 Cepheus
1086 876 1295 918 humentis
1330 875 1528 931 Aquari.”

196 977 204 987 ·
261 954 308 1007 I,
362 957 446 997 116
495 955 670 1011 legitur:
721 958 800 1006 „ut
849 970 1015 1012 possum
1064 969 1197 996 rerum
1230 959 1366 996 tantas
1399 969 1602 1009 emergere

201 1034 370 1088 moles”,
404 1034 516 1090 quod
547 1050 621 1077 suo
654 1035 742 1077 iure
776 1035 986 1091 vituperat
1019 1033 1167 1085 Iacob,
1204 1041 1251 1076 ut
1283 1034 1352 1076 alii
1376 1038 1471 1076 ante
1493 1049 1600 1075 eum.

199 1111 412 1154 Bentleius
458 1112 594 1168 legere
642 1111 760 1154 iubet
792 1113 969 1155 evincere
1001 1117 1049 1154 ut
1081 1111 1205 1168 Verg.
1241 1114 1343 1155 Aen.
1378 1111 1449 1162 ΙΙ,
1486 1113 1600 1153 496:

199 1190 488 1247 oppositasque
521 1190 642 1232 evicit
676 1190 840 1246 gurgite
872 1189 1045 1241 moles”;
1080 1189 1157 1242 „In
1184 1189 1393 1232 codicibus
1415 1190 1601 1246 scriptis,

199 1268 272 1324 qui
308 1266 510 1312 scribendi
543 1267 784 1324 compendia
814 1271 1042 1318 sectantur,
1087 1282 1232 1321 emqere
1266 1272 1306 1309 et
1339 1267 1486 1309 evicere
1518 1282 1600 1309 non

197 1345 280 1388 nisi
326 1344 464 1387 littera
512 1345 749 1388 differunt.’'
814 1345 940 1387 Recte
974 1345 1170 1387 Manilius
1203 1343 1265 1396 V,
1318 1347 1425 1387 198:
1479 1346 1602 1402 septi-

199 1437 348 1478 maque
394 1438 444 1464 ex
491 1422 611 1464 undis
643 1437 734 1478 pars
765 1437 848 1464 sese
880 1423 1040 1476 emer-qil
1072 1423 1116 1464 in
1149 1422 1299 1465 astra.”
1363 1422 1424 1465 Cf.
1455 1426 1600 1474 „taceo

200 1500 448 1556 emergentia
479 1504 606 1556 ponto
637 1499 806 1542 littora”
841 1500 926 1550 IV,
964 1502 1066 1543 636.

260 1579 322 1621 IV
358 1581 472 1622 285:
569 1579 777 1636 placidum
811 1580 945 1622 ductis
978 1595 1157 1622 everrere
1189 1580 1346 1623 retibus
1380 1595 1532 1636 aequor

503 1657 794 1713 littoribusque
828 1659 913 1700 suis
946 1658 1119 1715 populos
1153 1674 1354 1715 exponere
1387 1663 1526 1716 captos

505 1741 577 1778 aut
611 1751 737 1779 uncos
771 1737 896 1780 celare
930 1737 1032 1780 cibis
1045 1755 1055 1789 3

186 1814 359 1868 populos
389 1813 447 1855 sic
478 1812 599 1856 scribi
634 1829 749 1871 posse
778 1830 851 1871 pro
873 1815 1072 1858 vocabulo
1094 1816 1280 1872 proprio,
1305 1816 1415 1872 quod
1438 1824 1499 1858 est
1512 1817 1595 1872 pie-

194 1906 269 1944 σεε,
286 1891 370 1934 Iac.
390 1896 522 1948 negat.
563 1893 723 1935 Addere
741 1898 931 1950 potuerat
948 1893 1000 1946 V,
1022 1896 1125 1944 369,
1148 1894 1219 1937 ubi
1236 1910 1327 1937 aves
1346 1900 1461 1937 vocat
1477 1901 1599 1952 poeta

193 1971 322 2014 aerios
345 1973 538 2027 populos,
579 1973 759 2029 caeloque
797 1974 969 2016 dicatum
1001 1974 1170 2016 alituum
1200 1990 1334 2028 qenus.
1370 1975 1599 2018 Columella

196 2048 246 2096 9,
301 2048 380 2098 13,
432 2049 489 2088 12
521 2046 645 2089 habet
675 2062 791 2102 apum
815 2048 984 2102 populi,
1029 2049 1100 2090 sed
1134 2049 1274 2091 eodem
1310 2049 1413 2092 libro
1447 2051 1516 2106 (9,
1555 2051 1597 2105 6)

188 2126 324 2177 yenteae
365 2123 414 2165 de
447 2123 691 2166 animalibus
725 2125 850 2177 dicit,
885 2130 932 2167 ut
964 2124 1086 2167 Lucr.
1120 2125 1166 2178 I,
1205 2128 1347 2168 1033:
1374 2127 1528 2178 „efficit
1551 2132 1598 2170 ut

193 2199 317 2257 largis
350 2202 515 2244 avidum
549 2217 658 2245 mare
691 2203 871 2246 fluminis
904 2204 1026 2246 undis
1048 2204 1256 2260 integrent
1278 2220 1416 2247 amnes
1439 2209 1480 2247 et
1502 2206 1599 2248 solis

192 2284 300 2323 terra
330 2296 478 2338 vapore
509 2281 595 2325 fota
627 2287 751 2325 novet
777 2283 884 2325 fetus
907 2284 1206 2339 summissaque
1223 2299 1319 2339 qens
1341 2285 1598 2328 animantum

191 2357 360 2401 floreat”
373 2392 386 2411 ,
435 2363 477 2401 et
518 2358 674 2417 Vergil.
709 2360 850 2403 multis
882 2361 984 2403 locis
995 2394 1007 2413 ,
1042 2362 1114 2417 qui
1146 2366 1287 2405 tamen
1321 2367 1362 2405 et
1389 2367 1525 2417 qentes
1556 2368 1598 2406 et

187 2437 355 2491 populos
386 2436 488 2479 dicit
519 2437 654 2493 apium
690 2438 839 2495 Georg.
875 2438 961 2492 IV,
996 2443 1024 2482 4
1058 2444 1100 2482 et
1134 2442 1184 2483 5:
1234 2440 1351 2483 Idem
1375 2441 1526 2499 Georg.
1550 2442 1596 2495 I,

195 2515 282 2558 382
317 2518 359 2558 et
389 2516 550 2572 saepius
582 2531 780 2560 corvorum
811 2519 1005 2561 exercituo
1017 2551 1029 2571 ‚
1062 2518 1186 2563 Lucr.
1219 2519 1283 2572 V,
1322 2523 1438 2563 1084
1472 2535 1598 2564 corvo·

190 2603 279 2632 rm
303 2603 454 2645 qreqee.
503 2590 637 2634 Simili
658 2592 779 2635 modo
799 2593 900 2636 haec
921 2592 1142 2646 vocabula,
1166 2610 1269 2650 quae
1285 2595 1597 2638 multitudinem

193 2666 411 2723 designant
461 2667 510 2713 de
552 2668 789 2712 hominibus
826 2674 867 2712 et
900 2670 951 2713 de
983 2671 1231 2715 animalibus
1263 2688 1287 2714 a
1318 2673 1450 2729 poetis
1483 2688 1599 2716 usur-

192 2750 356 2802 pantur.
422 2747 546 2801 Quod
568 2763 660 2791 cum
696 2749 756 2792 ita
776 2750 854 2802 sit,
879 2749 1024 2794 dubito
1046 2766 1100 2794 an
1121 2767 1204 2794 non
1226 2752 1328 2795 haec
1349 2754 1598 2810 metonymia

141 2813 144 2817 ’
191 2826 500 2883 peregrinitatis
533 2828 750 2871 convincat
781 2833 958 2886 poetam.
