1930 3320
15 2733 20 2740 .
14 2722 15 2727 „
13 2707 20 2715 η
0 2560 23 2702 5-*225'221-
0 2518 17 2542 εἴ
2 2467 26 2510 ³2*
0 2387 30 2459 23¹³&ss
2 2303 26 2378 5³⁴3?
9 2280 17 2298 2*

7 3006 56 3315 mstis-‘3‘
12 2970 16 2980 ’

103 3311 115 3315 i

371 413 530 451 brevius
578 412 717 450 dicam.
782 411 845 451 Ac
884 424 932 451 ne
974 412 1185 450 Octaviani
1227 413 1384 461 quidem
1424 426 1565 452 nomen
1607 414 1666 463 (id
1707 414 1814 463 quod

371 484 514 530 postea
558 492 714 528 quoque
757 478 984 529 apparebit)
1021 492 1069 517 ex
1105 480 1365 529 inscriptione
1398 482 1447 519 ad
1483 481 1700 520 notandam
1731 493 1814 520 car-

371 548 487 586 minis
519 552 687 585 aetatem
715 547 898 596 abripere
927 547 985 584 fas
1014 547 1101 584 erit.
1146 546 1249 585 Sunt
1278 548 1382 585 enim
1409 548 1465 586 ibi
1485 552 1627 586 cuncta
1646 548 1811 598 ingenio

371 615 550 664 priorum
592 615 786 653 lectorum
825 615 916 652 ficta
956 616 997 652 et
1036 615 1320 652 commenticia.
1386 615 1478 654 Hoc
1517 627 1636 653 unum
1677 617 1814 664 restat,

372 683 413 719 in
458 682 642 720 carminis
687 682 814 732 ipsius
858 693 1026 730 corpore
1071 683 1115 720 ut
1158 682 1302 720 aetatis
1346 683 1494 720 indicia
1538 683 1644 720 haud
1683 683 1815 720 velata

373 752 626 798 quaerantur.

907 950 956 994 C
974 966 1010 994 a
1025 966 1066 1007 p
1082 965 1123 992 u
1136 956 1160 994 t
1188 952 1279 994 11.

721 1046 790 1089 Dc
818 1045 967 1090 electo
997 1045 1219 1089 carminis
1248 1046 1463 1099 patrono.

473 1151 565 1189 Viri
614 1153 664 1190 ab
704 1152 888 1191 Antonio
930 1151 1103 1190 Molinio
1143 1151 1434 1190 Matisconensi
1479 1152 1719 1200 doctissimi,
1759 1152 1818 1189 in-

371 1219 512 1269 primis
550 1219 590 1267 ii,
628 1231 727 1268 quos
762 1220 839 1257 iam
877 1231 996 1268 snpra
1032 1218 1129 1267 dixi,
1167 1230 1282 1267 quam
1309 1219 1444 1257 futiles
1471 1222 1605 1257 essent
1631 1219 1816 1258 carminis

373 1287 657 1336 inscriptiones
693 1299 779 1324 cum
813 1287 919 1324 haud
953 1286 1071 1324 dubie
1107 1287 1424 1336 perspexissent,
1459 1298 1594 1324 versus
1630 1287 1818 1336 deinceps

373 1366 507 1392 omnes
536 1357 620 1392 arte
647 1355 788 1392 critica
816 1357 1055 1403 temptantes
1084 1366 1151 1392 eos
1171 1357 1388 1403 coeperunt
1407 1354 1516 1391 locos
1535 1353 1820 1403 pervestigare,

372 1422 476 1460 unde
512 1421 684 1471 profecti
711 1425 872 1471 poetam
901 1422 1014 1470 quasi
1041 1434 1112 1471 per
1140 1426 1360 1470 temporum
1389 1419 1521 1470 spatia
1547 1424 1743 1458 errantem
1769 1421 1819 1458 ad

373 1492 504 1527 certos
540 1489 727 1536 aequales
761 1489 1008 1526 reducerent.
1063 1487 1141 1526 Sed
1170 1501 1261 1526 num
1290 1488 1483 1536 quidquid
1510 1488 1702 1526 volebant
1728 1499 1821 1526 con-

374 1556 499 1594 secuti
534 1556 694 1601 fuerint,
729 1555 940 1594 admodum
974 1556 1132 1594 videtur
1162 1555 1489 1594 addubitandum.
1541 1555 1682 1604 Longe
1717 1553 1820 1592 enim

372 1624 476 1662 inter
513 1635 554 1660 se
587 1623 636 1660 de
671 1623 855 1660 carminis
890 1626 1020 1662 aetate
1054 1623 1251 1660 dissident
1280 1635 1350 1660 nec
1376 1633 1502 1671 paene
1531 1621 1744 1670 quidquam
1770 1621 1819 1659 de

374 1691 624 1739 singulorum
645 1690 838 1728 librorum
857 1690 972 1727 annis
992 1691 1153 1737 habent,
1175 1690 1281 1737 quod
1295 1689 1520 1727 hominibus
1537 1689 1676 1727 talium
1690 1700 1819 1727 rerum

375 1758 518 1808 peritis
561 1758 747 1806 probent.
809 1756 973 1795 Scilicet
1007 1756 1187 1806 Scaliger
1227 1762 1267 1794 et
1300 1757 1506 1794 Bentleius
1548 1758 1676 1794 totum
1717 1767 1817 1805 opus

371 1825 562 1874 Augusto
614 1825 797 1873 principe
844 1825 886 1861 in
930 1825 1094 1862 formam
1144 1825 1260 1862 nobis
1313 1826 1447 1862 notam
1489 1822 1691 1860 redactum
1734 1834 1818 1861 esse

373 1893 616 1940 existimant,
663 1892 841 1931 Jacobus
887 1894 927 1930 et
970 1891 1224 1939 Merkelius1)
1271 1891 1343 1928 illo
1390 1891 1608 1939 imperante
1649 1890 1819 1939 incepta,

374 1961 555 1999 confecta
590 1961 662 1998 sub
700 1960 862 1997 Tiberio
890 1959 1173 1997 Astronomica
1209 1959 1359 2006 dicunt,
1396 1957 1675 2010 Lachmannus
1711 1957 1820 1995 solus

375 2039 632 2076 quaecunque
658 2027 706 2065 de
731 2027 793 2064 his
812 2031 1051 2064 vetustatem
1069 2027 1282 2076 pertulere,
1311 2038 1356 2064 ea
1375 2028 1469 2075 post
1489 2023 1701 2062 Octaviani
1719 2035 1820 2061 mor-

374 2099 452 2134 tem
473 2095 623 2144 scripta
643 2106 727 2132 esse
750 2094 903 2135 statuit.
945 2094 1055 2141 Quae
1077 2094 1361 2131 sententiarum
1381 2091 1651 2140 discrepantia
1667 2102 1754 2128 cum
1772 2103 1820 2128 ex

371 2163 530 2201 diversa
573 2162 826 2211 potissimum
867 2166 956 2199 orta
1000 2162 1053 2199 sit
1094 2161 1339 2210 quorundam
1378 2160 1589 2197 verborum
1627 2159 1819 2208 interpre-

372 2230 542 2279 tatione,
578 2230 718 2267 horum
752 2229 1076 2267 continuationes
1105 2227 1408 2266 constituendae
1436 2225 1674 2264 concordiae
1701 2237 1820 2263 causa

372 2298 502 2336 denuo
546 2297 586 2334 in
627 2297 899 2345 quaestionem
933 2296 1135 2334 vocandae
1170 2299 1263 2333 sunt
1297 2294 1427 2340 nobis,
1469 2300 1512 2331 ut
1546 2292 1657 2330 cuius
1690 2292 1820 2330 critici

369 2365 565 2414 placitum
591 2364 731 2402 melius
760 2366 986 2402 sustentent
1012 2363 1283 2400 diiudicemns.

475 2431 536 2469 Ac
564 2431 734 2480 primum
763 2431 919 2478 quidem
948 2430 1266 2468 consideratione
1286 2428 1398 2477 digni
1419 2428 1607 2466 videntur
1625 2428 1654 2464 ii
1673 2437 1820 2476 versus,

376 2499 444 2548 qui
493 2502 706 2548 patronum
758 2499 808 2536 ab
852 2497 1166 2535 Astronomicon
1210 2499 1372 2533 auctore
1417 2483 1584 2533 electam
1629 2494 1818 2532 indicant.

375 2566 648 2605 Subsistamus
690 2565 816 2614 igitur
850 2565 891 2602 in
924 2565 1130 2613 prooemio
1166 2563 1260 2600 libri
1296 2563 1329 2611 Ι,
1378 2574 1455 2610 quo
1492 2566 1612 2611 poeta
1645 2573 1685 2599 se
1719 2560 1819 2599 velle

374 2633 616 2684 pronunciat
643 2634 801 2682 „sidera
827 2632 900 2670 fati
928 2632 1112 2670 conscia“
1141 2643 1292 2670 canere.

466 2775 492 2822 1)
516 2774 665 2810 Merkel.
691 2773 787 2810 Prol.
810 2784 845 2819 p.
869 2773 947 2808 403.
971 2774 1002 2808 4.
