1930 3320
0 2084 13 2136 feta
0 1982 22 2078 *fys-J
0 1873 27 1968 ‘gv-*53:⁸5³
0 1845 17 1866 'v

0 2238 14 2301 'vaf'
0 2217 18 2229 'J
0 2173 25 2204 :Q
0 2143 18 2150 J

12 2243 28 2310 ‘vsa

0 2401 23 2441 Ἆῤ
0 2387 10 2395 ἰ
0 2313 23 2383 pru

0 2455 23 2659 *wma-

907 293 1182 332 ..22-

324 415 423 450 trem
437 411 667 461 Augustum
686 412 793 462 apud
807 412 1023 462 Philippos
1043 413 1197 462 vicisse,
1216 425 1343 462 neque
1364 415 1514 454 omittit
1531 418 1778 458 mentionem·

326 491 485 528 pugnae
511 478 714 527 Actiacae,
742 490 857 528 quam
876 479 1082 518 Antonius
1109 481 1275 518 navibus
1303 482 1440 520 uxoris
1469 484 1676 534 commisit,
1704 484 1772 524 ad-

322 546 416 585 iecit
458 546 577 584 etiam
610 546 758 584 bellum
791 546 980 584 adversus
1017 546 1056 585 S.
1092 547 1327 596 Pompeium
1362 549 1486 586 servis
1522 551 1772 590 manumissis

331 615 496 663 gestum.
538 613 657 651 Tales
686 617 816 651 autem
844 625 906 651 res
934 626 1065 651 nonne
1093 615 1333 663 gubernanti
1361 627 1442 653 rem
1466 617 1668 664 publicam
1697 617 1773 656 Oc-

328 679 491 718 taviano
521 691 669 718 summo
696 681 843 718 honori
871 681 1012 718 ductae
1042 681 1159 720 sunt?
1199 681 1292 720 Hoc
1320 683 1475 730 quidem
1501 684 1774 724 affirmandum

324 750 405 795 est3
446 747 515 785 sed
555 747 707 785 viventi
748 759 827 784 una
867 759 927 785 res
961 748 1193 786 adversatur
1227 761 1353 797 neque
1388 749 1562 788 vincitur
1596 763 1619 788 a
1655 752 1773 790 nobis

323 814 509 852 honeste:
543 817 665 864 poeta
698 815 882 852 heredem
912 815 1093 853 Caesaris
1120 816 1199 853 iam
1227 819 1345 854 vocat
1369 820 1563 855 rectorem
1591 817 1772 869 Olympi:

325 881 437 929 Quae
471 882 694 931 appellatio
729 893 816 919 cum
850 882 1056 920 mortalem
1091 883 1300 931 hominem,
1337 883 1399 920 cui
1426 884 1527 921 nihil
1554 887 1670 934 paret
1694 885 1774 924 nisi

326 949 435 987 orbis
462 953 669 997 terrarum,
698 949 858 987 omnino
888 961 968 987 non
996 950 1145 999 deceat,
1173 951 1361 989 convenit
1378 963 1450 1000 per
1468 951 1527 989 fas
1546 953 1587 990 et
1603 963 1675 1001 per
1693 964 1774 991 om-

325 1027 393 1054 nes
428 1016 586 1053 divinas
622 1020 741 1064 atque
769 1016 958 1054 humanas
985 1017 1199 1066 religiones
1227 1018 1416 1067 principi,
1451 1018 1516 1056 cui
1542 1018 1582 1056 in
1611 1018 1776 1058 deorum

326 1083 607 1132 stellarumque
651 1095 855 1122 numerum
894 1089 1055 1133 recepto
1097 1085 1196 1122 caeli
1234 1097 1398 1134 regnum
1438 1097 1666 1125 concessum
1701 1089 1775 1125 est.

324 1150 440 1199 Nam,
476 1153 521 1188 ut
556 1151 634 1188 iam
669 1162 790 1201 supra
823 1152 874 1189 ad
910 1163 1063 1190 versum
1096 1152 1129 1200 I,
1164 1154 1236 1190 386
1265 1152 1445 1201 exposui,
1480 1163 1565 1190 eam
1590 1153 1774 1191 novimus

325 1217 447 1255 fuisse
480 1218 776 1267 astrologorum
810 1220 1018 1268 rationem,
1053 1224 1098 1257 ut
1123 1231 1235 1257 nemo
1266 1219 1412 1257 Caesar
1438 1219 1549 1257 caelo
1577 1220 1770 1258 maximus

323 1288 463 1322 auctor
491 1296 574 1322 esse
601 1286 782 1334 potuerit
809 1287 886 1323 nisi
914 1287 1030 1324 terris
1059 1286 1220 1324 relictis.
1275 1286 1406 1334 Quare
1435 1298 1482 1324 ne
1509 1286 1585 1324 hoc
1613 1286 1771 1335 quidem

322 1352 512 1401 retineor,
547 1353 645 1400 quin
679 1353 841 1390 Manilii
875 1355 1007 1392 animo
1044 1353 1308 1392 Octavianum
1341 1355 1419 1391 iam
1453 1353 1600 1392 Divum
1633 1354 1772 1392 obver-

325 1419 404 1458 sari
432 1420 647 1458 enunciem.
702 1420 802 1470 (Cfr.
830 1433 869 1470 p.
898 1421 974 1470 20).

423 1487 558 1536 Atque
586 1488 704 1526 etiam
731 1488 761 1525 ii
788 1499 936 1538 versus,
972 1489 1115 1537 quibus
1144 1488 1460 1526 Astronomicon
1488 1488 1592 1526 liber
1618 1488 1770 1538 primus

325 1555 596 1593 concluditur:
809 1560 813 1578 ³

509 1645 604 1689 „Sed
630 1645 720 1680 satis
743 1646 814 1681 hoc
838 1645 923 1680 fatis
948 1646 1064 1689 fuerit,
1089 1646 1160 1680 iam
1186 1646 1281 1680 bella
1304 1645 1493 1690 quiescant

507 1701 632 1746 Atque
658 1702 886 1736 adamanteis
912 1703 1095 1738 discordia
1117 1703 1238 1737 vincta
1263 1703 1400 1736 catenis

505 1757 687 1793 Aeternos
711 1758 848 1793 habeat
870 1758 990 1793 frenos
1013 1759 1049 1792 in
1074 1768 1218 1802 carcere
1244 1758 1380 1793 clausa.

507 1813 564 1849 Sit
586 1816 693 1859 pater
715 1814 868 1849 invictus
893 1815 1046 1859 patriae,
1071 1815 1118 1849 sit
1140 1815 1258 1850 Roma
1282 1815 1348 1848 sub
1372 1814 1432 1848 illo

507 1870 674 1916 (Jamquev
693 1871 799 1905 deum
826 1869 926 1905 caelo
952 1870 1100 1913 dederit,
1125 1881 1196 1905 non
1221 1872 1371 1915 quaerat
1394 1870 1430 1904 in
1455 1870 1580 1906 orbe!“

326 1961 446 2000 etiam
479 1961 509 1998 ii
544 1972 694 2010 versus,
729 1962 902 2009 inquam,
936 1961 1113 1999 absentis
1141 1961 1336 2010 principis
1366 1960 1450 1998 sine
1477 1960 1600 1998 dubio
1629 1961 1779 2001 habent

326 2029 490 2067 indicia.
544 2029 721 2067 Primum
758 2030 860 2066 enim
894 2041 963 2066 cur
997 2029 1059 2067 cui
1095 2041 1249 2066 carmen
1285 2028 1459 2066 dicatum
1493 2028 1615 2067 fuisse
1639 2025 1777 2067 omnes

327 2097 407 2135 fere
434 2099 596 2146 praeter
621 2097 920 2134 Lachmannum
947 2097 1097 2145 dicunt,
1132 2099 1320 2144 tanquam
1347 2096 1466 2133 tertia
1493 2107 1664 2145 persona
1691 2096 1774 2134 lau·

327 2163 472 2202 datur?
534 2164 731 2212 Equidem
766 2168 951 2213 oportere
988 2163 1164 2200 arbitror
1195 2165 1366 2212 poetam,
1407 2163 1475 2200 ubi
1509 2163 1560 2200 ad
1594 2162 1778 2201 carminis

330 2236 545 2280 patronum
572 2232 795 2270 orationem
822 2231 956 2279 vertit,
983 2230 1132 2268 directe
1154 2230 1318 2278 alloqui,
1349 2230 1468 2278 quod,
1496 2234 1540 2267 ut
1558 2229 1778 2279 exemplum

327 2299 468 2347 dicam,
498 2298 666 2337 Ovidius
695 2299 792 2337 facit
819 2300 860 2336 in
887 2299 1023 2336 Fastis
1052 2298 1099 2336 de
1129 2297 1377 2336 Germanico.
1426 2297 1549 2346 Apud
1567 2296 1779 2335 Manilium

327 2371 460 2404 autem
495 2366 662 2414 legimus
696 2377 753 2403 vs.
780 2366 814 2412 Ι,
847 2368 940 2404 80οε
974 2366 1080 2415 regit
1106 2365 1314 2413 Augustus
1342 2365 1374 2412 Ι,
1409 2365 1500 2403 900:
1536 2363 1632 2402 vicit
1662 2363 1716 2402 A.
1745 2364 1779 2412 I,

329 2436 403 2474 925
440 2434 487 2472 de
525 2445 602 2482 quo
640 2445 744 2471 nunc
777 2434 956 2482 quaestio
986 2435 1063 2471 est:
1099 2433 1150 2470 sit
1176 2436 1291 2480 pater
1318 2431 1489 2469 invictus
1516 2431 1684 2480 patriae,
1727 2431 1781 2470 sit

329 2501 460 2540 Roma
489 2502 561 2539 sub
590 2502 675 2539 illo.
715 2501 845 2539 Docet
872 2502 996 2550 igitur
1022 2501 1126 2538 ratio
1156 2511 1236 2536 non
1257 2499 1468 2538 Octaviani
1495 2499 1658 2537 auribus
1676 2499 1782 2537 inter

332 2569 549 2607 canendum
588 2573 749 2618 poetam
789 2568 976 2606 blandiri.
1018 2589 1066 2595 —
1104 2566 1259 2604 Deinde
1293 2570 1510 2604 memorata
1543 2568 1636 2605 ante
1669 2566 1781 2605 clade

333 2636 525 2686 Variana,
559 2637 670 2675 cuius
705 2630 878 2674 maculas
913 2636 982 2673 ille
1017 2639 1056 2673 et
1089 2646 1213 2683 usque
1248 2635 1298 2672 ad
1332 2638 1499 2672 mortem
1523 2633 1627 2672 vidit
1654 2645 1780 2683 neque

339 2715 513 2753 unquam
531 2705 661 2743 eluere
680 2703 828 2754 potuit,
855 2703 966 2741 nullo
986 2702 1102 2740 modo
1121 2701 1372 2740 tolerandum
1391 2702 1479 2751 fuit,
1507 2701 1616 2750 quod
1633 2703 1780 2740 exstat:

739 2775 816 2823 „Sit
837 2777 942 2823 pater
964 2775 1162 2811 invictus
1186 2774 1360 2820 patriae,“
