1936 3392
955 270 1009 307 82

279 421 399 461 quam
448 407 614 448 rationis
647 412 738 462 eget
770 408 967 449 frustrave
1000 409 1220 450 creatum.''
1247 410 1271 464 ¹)
1336 410 1386 452 In
1420 411 1520 452 libro
1553 412 1683 467 primo

278 486 405 539 igitur
442 485 558 526 docet
590 485 686 526 satis
719 501 803 526 esse
836 486 870 526 si
902 489 1035 540 partes
1069 486 1266 540 quaedam
1304 488 1545 542 figurarum,
1581 503 1683 541 quae

279 561 603 603 constellationes
637 562 832 613 forment,
867 567 1104 613 cernantur,
1139 564 1171 603 si
1204 563 1334 604 lineae
1369 564 1582 619 designent
1597 579 1685 615 spe-

277 640 401 690 ciem,
453 654 533 681 non
583 640 829 694 quaerendas
877 654 961 681 esse
1010 641 1155 694 figuras
1192 641 1368 695 integras
1385 658 1396 691 3
1431 645 1606 682 attamen
1640 642 1680 683 in

276 716 378 759 libro
411 717 589 759 secundo
624 718 739 772 ponit
771 733 835 758 eas
867 722 972 759 totas
1005 733 1089 759 esse
1122 718 1380 772 integrasque
1413 723 1475 768 et,
1514 719 1549 759 si
1581 719 1680 772 quid

277 795 404 846 desit,
455 795 497 836 id
531 795 698 836 consilio
732 795 882 836 factum
915 810 999 836 esse
1032 800 1072 836 et
1103 810 1215 836 suam
1250 794 1393 836 habere
1425 796 1683 850 significatio—

276 887 390 922 nem3
440 870 498 913 ibi
531 871 731 913 Centauro
765 872 867 913 alter
900 872 1041 913 oculus
1074 872 1186 913 deest
1219 877 1259 913 et
1292 873 1477 922 „Taurus
1510 873 1684 915 succidit

275 949 316 990 in
352 964 474 990 curvo
507 949 675 990 claudus
707 949 852 1005 pede'’,
889 950 998 1003 quod
1021 954 1156 990 tamen
1178 965 1260 990 non
1282 949 1577 1004 neglegendum
1598 965 1682 992 esse

275 1030 393 1081 putat
438 1031 579 1082 poeta,
629 1042 720 1068 cum
770 1042 926 1068 summa
971 1028 1074 1068 ratio
1115 1027 1189 1068 hoc
1223 1026 1404 1081 exemplo
1438 1042 1508 1068 nos
1542 1027 1682 1068 docere

273 1104 372 1145 velit
419 1104 652 1159 „potienter
700 1105 844 1145 damna
891 1103 1069 1146 subire-'¹
1097 1103 1128 1159 2)
1194 1104 1411 1145 Doctrinae
1454 1104 1680 1146 constantia

274 1182 402 1236 igitur
449 1182 649 1223 adductus
692 1187 775 1233 est,
811 1187 857 1222 ut
890 1197 1004 1223 suam
1036 1182 1162 1236 ipsius
1196 1181 1438 1222 sententiam
1470 1181 1681 1224 refelleret.

339 1259 426 1300 Iam
459 1261 618 1315 saepius
653 1259 867 1300 Manilium
901 1274 994 1301 cum
1026 1258 1218 1300 Lucretio
1251 1259 1570 1314 composuimus,
1607 1273 1682 1300 nec

276 1338 504 1388 immerito,
555 1338 594 1378 ni
646 1337 845 1387 fallimur,
895 1337 970 1378 hoc
1017 1336 1124 1377 idem
1165 1336 1232 1377 hic
1265 1350 1425 1391 quoque
1456 1336 1538 1377 fiet.
1602 1335 1682 1377 Hic

280 1415 475 1469 quaedam
524 1414 656 1455 noluit
707 1414 863 1465 videre,
899 1429 1003 1468 quae
1034 1418 1167 1455 tamen
1202 1414 1411 1469 perspicua
1443 1418 1579 1463 erant,
1611 1412 1681 1455 ille

276 1493 393 1548 plura
425 1493 557 1534 voluit
590 1492 746 1543 videre,
782 1507 902 1547 quam
936 1506 1038 1546 quae
1070 1491 1222 1547 percipi
1255 1495 1445 1546 possunt,
1470 1490 1680 1544 utriusque

279 1586 389 1612 mens
437 1571 520 1611 suis
554 1568 812 1625 opinionibus
846 1573 930 1611 erat
962 1573 1276 1625 praeoccupata,
1323 1572 1492 1622 uterque
1525 1567 1678 1609 animos

278 1649 432 1690 solvere
481 1647 639 1689 volebat
683 1647 896 1689 formidine
929 1653 969 1688 et
1001 1646 1314 1703 cupiditatibus,
1348 1646 1449 1688 alter
1480 1645 1676 1687 substitu-

279 1726 383 1768 endo
426 1727 469 1767 in
502 1725 710 1780 religionis
744 1725 922 1780 vulgaris
954 1725 1088 1767 locum
1121 1729 1303 1766 aeternas
1335 1728 1375 1765 et
1407 1722 1677 1765 immutabiles

279 1804 386 1859 leges
418 1807 608 1854 naturae,
642 1803 743 1845 alter
774 1802 1034 1845 ineluctabile
1062 1803 1213 1852 fatum,
1247 1806 1391 1844 neuter
1427 1816 1519 1843 vera
1551 1800 1676 1842 scien·

277 1882 356 1923 tiae
389 1882 613 1938 cupiditate
644 1881 851 1936 flagrabat.

338 1959 440 2001 Hic:
475 1975 592 2002 omne
624 1960 863 2000 immensum
895 1958 1123 2014 peragravit
1154 1961 1288 1999 mente
1320 1957 1534 2011 animoque

474 2037 583 2079 unde
615 2037 736 2078 refert
767 2036 882 2078 nobis
914 2037 1041 2078 victor
1075 2036 1173 2090 quid
1205 2036 1331 2091 possit
1363 2034 1458 2075 oriri

477 2115 575 2170 quid
605 2117 806 2169 nequeat,
840 2115 955 2156 finita
986 2117 1163 2170 potestas
1195 2113 1370 2167 denique
1403 2112 1550 2166 cuique

479 2208 653 2248 quanam
685 2194 739 2234 sit
771 2193 925 2234 ratione
958 2196 1079 2246 atque
1112 2191 1193 2233 alte
1225 2190 1420 2231 terminus
1453 2191 1642 2239 haerens,

478 2286 601 2326 quare
633 2271 776 2326 religio
807 2269 979 2327 pedibus
1011 2268 1193 2311 subiecta
1225 2268 1399 2310 vicissim

477 2350 687 2405 opteritur,
722 2364 795 2390 nos
828 2352 1026 2409 exaequat
1056 2346 1223 2388 victoria
1255 2345 1407 2388 caelo.”
1431 2345 1460 2400 ³)

340 2426 438 2468 Ille:
479 2441 571 2467 cum
606 2427 706 2467 ratio
739 2430 808 2466 tua
841 2440 910 2481 per
942 2424 1078 2466 stellas
1111 2429 1151 2466 et
1183 2423 1312 2464 sidera
1344 2426 1499 2472 curret,

477 2508 713 2559 argumenta
745 2508 856 2559 petes
888 2503 998 2544 omni
1031 2502 1078 2543 de
1110 2505 1222 2557 parte
1254 2501 1417 2554 viasque

325 2778 348 2816 1)
395 2779 446 2813 ιι,
471 2779 555 2807 234.
581 2779 631 2806 3-3.

324 2837 347 2873 ΖΞ)
396 2839 423 2867 ll
440 2861 445 2869 .
471 2838 532 2867 “2⁴58
547 2860 553 2868 .
579 2837 651 2866 262.

323 2895 348 2934 ³)
397 2897 483 2925 Lucr.
511 2896 543 2926 l.
570 2897 608 2924 74
634 2903 720 2931 seqq.
