1910 3250
720 216 1008 276 „lq-

98 373 175 422 pro
205 355 384 406 Caesare
414 373 503 403 esse
544 357 713 406 dictum.
732 360 760 416 ¹)
819 360 930 404 Nam
972 363 1191 419 Augustus
1232 377 1316 406 non
1356 355 1492 406 solum
1532 371 1627 406 cum

98 430 298 489 Apolline
339 428 642 484 conferebatur,
686 429 758 472 sed
790 445 880 474 esse
907 431 1031 475 etiam
1063 432 1378 476 existimabatur
1408 432 1577 492 Apollo.
1592 434 1627 489 ²)

99 500 292 544 Conferri
318 504 502 558 possunt,
532 513 639 556 quae
667 498 867 542 Horatius
895 515 931 546 c.
964 500 1028 542 1V
1059 501 1114 546 15
1141 517 1203 559 sq.
1233 502 1353 544 dicit:

438 567 545 620 Tua,
577 566 749 621 Caesar,
780 574 897 612 aetas
929 602 939 613 .
970 602 980 613 .
1011 603 1021 613 .

433 637 491 679 Et
520 642 674 680 veteres
701 641 911 681 revocavit
943 645 1069 694 artes,

433 707 521 749 Per
551 722 657 764 quas
686 707 894 751 Latinum
925 724 1075 752 nomen
1106 714 1143 752 et
1169 710 1309 753 Italae

436 776 610 819 Crevere
640 779 751 819 vires
767 778 985 835 famaque
1011 784 1048 821 et
1080 782 1236 835 imperi

433 845 640 888 Pom-ecta
670 849 870 890 maiestas
898 849 957 890 ad
988 852 1129 890 ortum

434 914 548 958 Solis
578 915 630 957 ab
657 915 866 972 Hesperio
894 917 1034 973 cubili,

95 985 248 1044 quibus
277 999 513 1043 comparem
544 991 670 1042 atque
705 985 816 1042 apud
846 985 1064 1029 Manilium
1101 986 1236 1030 inesse
1267 987 1456 1031 videmus
1486 987 1629 1031 lauda-

97 1055 268 1100 tionem.
338 1055 484 1112 Atque
525 1061 734 1112 tamquam
768 1056 924 1113 Apollo
962 1055 1201 1113 Musagetes
1242 1071 1317 1112 eo,
1357 1057 1410 1101 de
1447 1074 1530 1115 quo
1569 1065 1631 1101 est

98 1124 298 1184 quaestio,
336 1124 426 1168 loco
457 1125 677 1181 Augustus
707 1125 922 1168 invocatur
951 1125 1186 1183 (Ruediger
1213 1126 1242 1171 l.
1276 1126 1301 1170 l.
1333 1142 1372 1184 p.
1396 1128 1434 1171 6.
1457 1134 1540 1172 not.
1566 1128 1629 1181 3).

99 1193 369 1253 Quapropter
407 1194 610 1252 aptissimi
649 1200 744 1236 sunt
777 1211 815 1239 v.
851 1197 905 1237 10
935 1202 1026 1248 cet„
1064 1195 1098 1237 si
1138 1195 1192 1238 ad
1222 1195 1513 1251 Octavianum,
1556 1196 1631 1239 sed

99 1263 234 1307 minus
270 1262 422 1317 idonei,
465 1263 500 1305 si
541 1262 595 1305 ad
627 1263 843 1307 Tiberium
885 1265 1135 1309 referuntur.
1196 1265 1347 1321 Neque
1386 1265 1632 1309 adversatur

98 1338 263 1382 nostrae
311 1332 541 1376 sententiae
582 1349 621 1376 v,
665 1333 733 1387 13,
786 1348 868 1390 quo
909 1334 1170 1391 potissimum
1204 1334 1316 1376 nisus
1353 1334 1500 1378 Freier
1538 1341 1633 1392 post

98 1402 260 1446 cladem
277 1401 519 1456 Varianam,
549 1409 773 1460 antequam
796 1402 1050 1447 Octavianus
1071 1403 1182 1446 diem
1202 1418 1444 1460 supremum
1465 1404 1630 1459 obisset,

99 1472 259 1515 nullum
299 1471 388 1514 sine
427 1472 548 1528 gravi
589 1472 699 1515 bello
739 1488 893 1515 annum
936 1473 1062 1516 fuisse
1099 1472 1212 1518 dicit.
1273 1471 1388 1525 Quid
1428 1473 1631 1516 tandem?

97 1541 232 1586 Roma
258 1547 383 1598 atque
409 1541 527 1583 Italia
557 1556 695 1584 nonne
724 1542 864 1585 furore
890 1542 1002 1584 civili
1032 1557 1268 1600 compresso
1297 1542 1370 1595 (cf.
1389 1543 1494 1587 Hor.
1513 1558 1548 1588 c.
1567 1542 1631 1585 IV

103 1611 169 1666 15,
213 1611 287 1664 17)
330 1616 499 1669 pacatae
540 1611 707 1654 fuerunt
745 1619 871 1668 atque
911 1612 995 1654 otio
1041 1611 1321 1655 fruebantur?
1402 1612 1449 1654 Id
1490 1619 1631 1656 autem

100 1680 390 1739 gravissimum
419 1686 492 1734 est,
525 1686 569 1722 ut
598 1681 678 1724 mei
707 1681 875 1738 quidem
905 1682 1032 1724 animi
1063 1682 1269 1725 sententia
1296 1687 1400 1724 stat:
1433 1682 1490 1724 ibi
1521 1683 1632 1725 enim

99 1750 252 1794 civium
289 1749 503 1793 discordiis
545 1751 714 1793 remotis
755 1751 880 1808 pacis,
923 1766 1030 1808 quae
1071 1758 1113 1794 et
1151 1758 1249 1793 sunt
1276 1757 1318 1793 et
1354 1751 1630 1809 appellantur,

100 1826 209 1863 artes
236 1825 278 1863 et
308 1825 499 1877 poterant
523 1819 672 1863 florere
703 1826 744 1863 et
773 1835 920 1878 reapse
947 1820 1173 1874 florebant3
1205 1820 1262 1862 ibi
1291 1821 1368 1862 sub
1396 1835 1497 1878 pace
1527 1821 1632 1864 otio-

101 1903 183 1947 que
221 1889 385 1932 vaeavit
424 1903 573 1932 canere
613 1890 744 1946 poetis
786 1889 900 1932 nullo
942 1889 1147 1933 bellorum
1188 1888 1369 1932 tumultu
1409 1889 1632 1947 impeditis,

101 1957 192 2003 Sub
221 1958 300 2001 hac
329 1973 430 2016 pace
460 1958 600 2001 floruit
622 1959 812 2014 Ovidius,
845 1959 1044 2017 quamdiu
1074 1959 1235 2002 Romae
1265 1959 1392 2001 vitam
1421 1958 1560 2016 degit3
1591 1965 1634 2001 at

101 2027 256 2071 Tomos
295 2027 449 2071 eiectus
488 2028 542 2071 de
580 2034 690 2071 terra
720 2029 833 2086 pacis
870 2029 983 2087 inopi
1014 2029 1139 2071 tristis
1171 2028 1372 2087 queritur,
1415 2044 1497 2085 qua
1526 2043 1634 2085 quae

101 2097 238 2140 miuus
258 2097 420 2139 fruatur
446 2098 642 2154 Augusta
670 2099 874 2156 pace‘vix
894 2099 1067 2141 humum
1089 2105 1222 2141 totum
1254 2113 1329 2156 per
1359 2099 1503 2141 orbem
1521 2098 1634 2141 inve·

101 2166 180 2210 niti
210 2166 310 2209 dicit
339 2166 440 2225 (Ep.
472 2182 526 2210 ex
557 2167 605 2212 P.
637 2167 742 2223 115,
778 2169 827 2212 17
850 2184 912 2226 sq.
938 2168 981 2211 II
1009 2169 1049 2223 7,
1075 2170 1140 2222 17,
1169 2168 1368 2225 saepius).
1427 2166 1636 2211 Utebatur

102 2236 230 2293 igitur
251 2236 374 2279 Italia
394 2237 533 2294 quiete
560 2237 769 2295 armisque
790 2238 1006 2281 silentibus
1029 2238 1151 2281 silere
1173 2237 1417 2280 desinebant
1438 2237 1632 2280 carmina.

102 2305 340 2350 Pannonico
377 2312 517 2350 autem
547 2309 728 2350 tumultu
759 2308 879 2362 (Tac.
915 2324 952 2353 a.
985 2307 1091 2361 l.1.)
1123 2307 1247 2350 misso
1276 2322 1370 2350 cum
1401 2307 1498 2350 solis
1527 2305 1634 2350 Ger-

102 2375 266 2420 maniae
303 2376 498 2433 gentibus
535 2377 608 2420 illo
649 2383 838 2435 tempore
868 2379 1066 2435 Augusto
1106 2376 1346 2421 bellandum
1380 2383 1480 2430 erat,
1522 2375 1635 2434 quod

103 2445 260 2490 bellum
299 2460 375 2504 per
413 2446 574 2504 legatos
603 2447 921 2492 administravit.
981 2447 1180 2504 Reliquas
1220 2447 1409 2490 nationes
1440 2453 1635 2489 externas

103 2514 157 2558 ad
185 2515 429 2573 obsequium
461 2516 576 2560 brevi
596 2517 760 2574 redegit
790 2516 928 2573 (Suet.
958 2518 1052 2562 Oct.
1082 2517 1174 2570 21).
1236 2515 1544 2560 Germanorum
1576 2522 1634 2557 ta-

105 2598 200 2628 men
238 2584 347 2628 bella
382 2600 483 2643 prae
516 2601 630 2644 pace,
670 2602 752 2645 qua
782 2593 824 2631 et
856 2587 946 2644 ipsa
977 2586 1098 2630 Italia
1135 2593 1176 2630 et
1205 2593 1368 2630 ceterae
1399 2585 1636 2643 provinciae

243 2724 270 2768 ¹)
300 2725 379 2759 Non
412 2725 519 2768 plane
543 2725 667 2760 eadem
699 2727 743 2760 de
775 2726 841 2761 hoc
872 2727 949 2761 loco
983 2726 1207 2770 disputantur
1239 2727 1278 2759 in
1312 2725 1448 2769 Heynii
1483 2725 1636 2759 editione

106 2791 130 2816 ι
153 2782 331 2827 Wagnero
356 2783 500 2826 Lipsiae
527 2784 616 2817 1830
642 2788 763 2818 curata
787 2795 821 2828 p.
849 2785 925 2818 132.

245 2841 272 2883 ²)
305 2841 484 2885 Ruediger
515 2842 720 2884 quibuscum
752 2843 836 2876 viris
869 2843 976 2877 fuerit
1006 2842 1121 2877 Statio
1153 2845 1279 2886 poetae
1311 2851 1391 2874 usus
1425 2839 1635 2874 consuetudo

107 2897 338 2933 familiaritas.
363 2898 444 2932 diss.
470 2899 590 2944 inaug.
614 2899 798 2946 Mai-burgi
825 2900 924 2945 1887,
949 2910 984 2943 p.
1010 2901 1042 2933 6.

1544 2967 1565 3003 2
