1930 3320
988 265 1262 306 „42-

937 455 968 496 C
985 456 1025 497 A
1041 456 1076 497 Ρ
1092 456 1133 497 U
1149 456 1183 498 Τ
1226 456 1302 500 IV.

760 559 823 595 De
854 559 1030 595 Manilii
1059 560 1215 604 figuris
1246 563 1290 596 et
1320 561 1473 605 tropis.

495 655 600 697 Cum
631 657 680 709 is,
712 658 784 711 qui
816 671 986 698 carmen
1018 657 1070 698 de
1102 672 1183 712 quo
1215 658 1378 712 agimus
1402 659 1650 714 composuit,
1682 659 1850 712 linguae

381 723 561 764 Latinae
605 738 689 765 non
730 725 832 765 satis
872 739 1043 780 compos
1084 725 1232 776 fuerit,
1273 729 1315 766 et
1345 724 1566 766 Bentleius
1598 729 1640 766 et
1669 725 1850 766 Iacobus

382 796 496 833 recte
543 792 753 834 iudicasse
802 793 997 834 videntur
1041 794 1311 848 peregrinum
1357 808 1453 835 eum
1498 794 1629 835 fuisse
1676 798 1851 835 conten-

385 859 554 909 dentes,
597 874 734 914 neque
766 864 910 901 tamen
941 864 1055 901 certo
1087 860 1268 913 dixeris,
1307 865 1449 901 utrum
1489 875 1543 902 ex
1580 861 1686 902 Asia
1715 876 1767 903 an
1798 876 1854 903 ex

382 926 529 967 Africa
559 927 781 968 aliundeve
813 927 1016 968 oriundus
1046 928 1196 976 fuerit;
1229 942 1328 969 sane
1357 928 1526 982 quidem
1554 929 1659 970 nihil
1688 930 1732 970 in
1763 943 1852 970 ser-

380 1008 504 1035 mone
555 999 707 1049 poetae
761 995 891 1047 inest,
946 995 1058 1036 unde
1106 995 1407 1036 concludamus
1455 995 1702 1037 Africanum
1755 1010 1852 1038 eum

381 1062 526 1103 fuisse.
586 1062 739 1116 Itaque
770 1076 854 1102 non
884 1066 949 1103 est
971 1062 1206 1103 mirandum
1225 1062 1412 1104 defuisse
1431 1067 1583 1118 poetae
1605 1064 1853 1106 facultatem

382 1134 678 1184 argumentum
709 1129 880 1170 difficile
913 1130 955 1170 in
981 1144 1128 1171 versus
1159 1129 1394 1184 redigendi,
1426 1130 1550 1185 quod,
1579 1135 1627 1172 ut
1656 1131 1748 1188 ipse
1779 1131 1854 1180 ait,

383 1211 509 1238 nemo
540 1202 638 1239 ante
675 1198 814 1253 ipsum
851 1212 905 1238 ex
947 1198 1085 1253 poetis
1113 1198 1318 1238 Romanis
1359 1203 1626 1253 susceperat,
1671 1199 1796 1254 idque
1828 1213 1854 1240 a

385 1269 623 1306 ceterorum
654 1269 876 1319 poetarum
907 1265 1091 1319 Augusti
1129 1265 1369 1319 aequalium
1405 1269 1655 1320 argumento
1693 1270 1855 1307 tantum

384 1332 610 1387 discrepat,
640 1337 686 1372 ut
716 1337 936 1387 poetarum
966 1333 1135 1373 illorum
1167 1333 1362 1388 exempla
1391 1334 1604 1374 rarissime
1628 1334 1747 1388 sequi
1777 1347 1853 1389 po-

382 1401 530 1448 tuerit;
578 1401 705 1440 immo
753 1414 847 1440 cum
883 1400 1118 1454 legentium
1155 1401 1318 1441 animos
1356 1401 1544 1442 novitate
1586 1401 1648 1442 rei
1688 1415 1734 1442 se
1773 1401 1855 1441 sibi

385 1470 703 1510 conciliaturum
727 1483 822 1510 esse
846 1474 1049 1524 speraret,
1071 1483 1222 1524 parare
1246 1469 1328 1510 sibi
1348 1483 1585 1510 sermonem
1606 1473 1855 1524 argumento

386 1537 583 1578 carminis
616 1537 681 1577 sui
712 1541 856 1592 aptum
894 1541 1064 1578 coactus
1108 1541 1192 1587 est,
1230 1541 1277 1578 ut
1313 1536 1575 1578 inconditum
1614 1536 1856 1578 docentium

387 1619 625 1647 sermonem
653 1605 840 1646 numeris
871 1605 1090 1659 dactylicis
1131 1605 1428 1659 adstringeret.
1492 1604 1602 1645 Nam
1639 1618 1746 1659 quae
1776 1618 1854 1660 po-

388 1677 499 1714 terat
530 1674 707 1714 materia
737 1674 914 1728 reperiri
953 1672 1272 1713 difficultatibus
1311 1673 1445 1726 magis
1475 1671 1721 1712 abundans?
1762 1670 1854 1718 Quo

386 1741 544 1781 factum
576 1745 654 1792 est,
684 1745 730 1781 ut
762 1755 811 1781 eo
834 1741 926 1796 ipso
947 1744 1153 1795 tempore,
1185 1754 1265 1794 quo
1286 1740 1430 1795 poesis
1451 1739 1643 1780 Romana
1663 1739 1854 1790 florebat,

387 1822 556 1849 carmen
597 1811 788 1849 oreretur
828 1822 975 1863 parum
1017 1808 1218 1863 politum,
1265 1808 1383 1848 cuius
1420 1807 1576 1848 multae
1618 1806 1854 1848 sententiae

385 1875 823 1924 lucem'desiderant3
854 1875 966 1929 quod
993 1875 1063 1930 qui
1094 1875 1276 1916 confecit
1304 1878 1432 1930 poeta
1458 1888 1602 1930 saepe,
1634 1877 1682 1914 ut
1709 1872 1857 1914 Iacobi

386 1943 528 1984 verbis
559 1947 668 1995 utar,
701 1943 898 1998 »linguae
930 1943 1098 1998 legibus
1129 1943 1214 1983 vim
1244 1943 1378 1994 affert,
1411 1966 1462 1971 —
1491 1946 1540 1983 ut
1568 1941 1693 2000 modo
1720 1941 1855 1982 libero

387 2011 533 2052 volatu
565 2025 660 2052 sese
692 2011 865 2062 efferat,
902 2010 1027 2051 modo
1065 2011 1245 2052 licenter
1274 2010 1414 2051 verbis
1454 2009 1640 2051 abundet
1684 2022 1733 2049 ac
1771 2021 1857 2049 non

388 2078 485 2133 quid
518 2078 621 2119 velit
650 2078 807 2130 dicere,
840 2078 915 2119 sed
945 2092 1026 2133 quo
1057 2078 1312 2133 abripiatur,
1343 2077 1453 2118 trahi
1483 2077 1698 2128 videatur,
1728 2075 1854 2117 modo

389 2146 628 2187 aridissima
657 2160 798 2187 rerum
829 2147 1050 2187 ieiunitate
1092 2160 1168 2201 per
1206 2147 1353 2187 inanes
1391 2147 1491 2187 artis
1527 2159 1727 2187 numeros
1759 2158 1856 2185 eva-

388 2218 510 2268 gatus
541 2228 618 2254 nos
649 2214 872 2268 defatiget,
903 2214 1029 2254 modo
1063 2214 1311 2268 constipatis
1341 2213 1577 2254 fabularum
1606 2211 1857 2266 aenigmatis

389 2283 463 2322 vix
494 2296 549 2322 ex
578 2282 684 2322 miro
707 2281 931 2322 verborum
954 2282 1171 2322 involucro
1204 2280 1478 2322 enucleandis
1509 2294 1585 2321 nos
1616 2282 1856 2321 exerceat«.

388 2349 537 2403 Neque
569 2353 712 2390 tamen
750 2363 896 2390 omnes
935 2349 1132 2389 carminis
1172 2352 1316 2404 partes
1347 2361 1480 2402 aeque
1510 2350 1715 2388 tractatae
1747 2350 1857 2397 sunt,

391 2416 467 2458 sed
496 2420 624 2471 poeta
653 2430 906 2471 progressus
944 2416 1046 2456 fecit
1082 2417 1125 2456 in
1162 2415 1281 2456 libris
1318 2414 1625 2469 posterioribus
1656 2427 1705 2455 ac
1733 2427 1857 2469 prae-

392 2485 515 2539 cipue
546 2485 588 2524 in
617 2484 726 2524 libro
758 2484 924 2537 quinto;
955 2497 1035 2537 quo
1067 2483 1110 2523 in
1141 2483 1248 2523 libro
1281 2482 1439 2523 cumin
1459 2482 1703 2523 universum
1725 2481 1858 2522 oratio

390 2552 560 2608 poetica
590 2551 827 2605 elegantior
856 2551 929 2591 fiat
959 2554 1002 2591 et
1021 2550 1187 2591 facilius
1214 2550 1470 2604 suaviusque
1491 2549 1638 2590 influat
1657 2549 1700 2590 in
1720 2562 1858 2600 aureS,

392 2625 480 2660 tum
510 2619 598 2659 fere
631 2618 800 2658 omnino
833 2618 955 2659 deest
983 2618 1179 2673 repetitio
1212 2617 1401 2658 eiusdem
1432 2615 1648 2668 vocabuli,
1678 2629 1786 2671 quae
1815 2616 1859 2656 in

391 2687 525 2743 primo
567 2685 676 2726 libro
723 2685 777 2726 ad
820 2685 1009 2726 taedium
1055 2698 1188 2740 usque
1225 2698 1349 2726 aures
1395 2683 1573 2726 offendit
1588 2681 1635 2738 ¹).
1703 2682 1860 2724 Contra

486 2845 512 2887 ¹)
538 2844 580 2877 cf.
607 2842 780 2886 exempla,
806 2853 899 2885 quac
925 2842 1074 2886 collegit
1098 2842 1280 2875 Becher-t
1303 2841 1326 2875 l.
1351 2841 1374 2875 l.
1400 2853 1433 2885 p.
1456 2840 1511 2874 47.
