1930 3320
1040 272 1249 312 —62—

406 360 490 399 vim
517 359 647 397 inesse
676 357 913 408 arbitretur,
943 370 1034 408 quae
1065 359 1317 399 Lueretianis
1347 360 1428 399 illis
1460 361 1661 402 flammeis
1689 363 1872 404 versibus

407 424 685 472 comparetur.

457 485 588 534 Atque
613 483 715 521 illud
747 483 928 533 legentes
954 484 1094 524 fallere
1125 498 1207 524 non
1234 490 1383 538 potest,
1406 500 1489 526 non
1519 489 1650 528 multo
1680 491 1812 541 magis
1830 491 1873 531 in

405 546 629 596 astrologia
644 558 767 597 quam
785 546 826 584 in
844 548 1098 587 astronomia
1117 549 1343 600 intelligere
1361 551 1587 590 Manilium.
1608 554 1711 592 Nam
1730 554 1873 594 Graios

406 622 509 661 quos
536 610 718 660 sequitur
744 614 782 648 et
812 610 960 661 saepius
986 612 1100 663 sequi
1124 624 1165 651 se
1195 616 1372 653 ostentat
1397 619 1587 654 auctores
1606 617 1634 664 ²,
1657 617 1804 656 accidit
1829 621 1874 657 ut

406 685 593 724 perverse
620 673 923 725 interpretetur,
946 686 1082 712 rerum
1115 688 1262 726 parum
1289 677 1482 728 prudens,
1512 691 1558 718 ae
1584 679 1718 719 verbis
1744 680 1873 720 inter·

403 737 505 775 dum
527 737 733 787 deceptus.
757 737 802 774 In
825 737 943 776 tertio
965 738 1073 776 enim
1094 738 1214 790 libro,
1235 752 1328 778 cum
1354 741 1473 780 docet
1493 754 1575 793 qua
1591 743 1749 783 ratione
1766 744 1873 783 inve-

406 800 486 838 niri
519 800 647 852 possit
685 804 884 851 quantum
912 801 1109 852 temporis
1135 802 1336 854 cujusque
1364 804 1468 854 signi
1495 808 1609 844 ortus
1640 811 1870 856 consumat,

406 857 490 902 non
500 864 732 915 suspicatur
747 863 808 902 bis
829 877 870 903 se
885 865 1074 903 eamdem
1092 865 1294 905 rationem
1306 868 1474 906 mutatis
1486 867 1621 906 verbis
1635 868 1818 910 indicare
1832 872 1846 893 ²
1862 883 1870 910 :

406 931 452 966 ut
481 927 657 966 duorum
687 927 861 966 invicem
893 932 1108 967 auctorum
1141 929 1350 968 vocabulis
1384 931 1568 970 insistere
1597 932 1795 983 videatur,
1824 946 1874 973 ne

402 990 503 1043 quid
525 991 702 1040 omittat,
716 991 904 1029 eamdem
928 1004 951 1030 a
972 992 1130 1030 duobus
1151 1005 1237 1031 rem
1258 993 1480 1043 significari
1498 1007 1580 1034 non
1601 1001 1872 1037 commentus

406 1054 523 1101 Quod
544 1066 640 1093 vero
662 1054 795 1105 majus
815 1059 888 1102 est,
912 1054 955 1092 in
975 1055 1117 1094 eadem
1139 1060 1270 1107 parte,
1294 1057 1519 1108 eademque
1540 1058 1589 1097 de
1610 1071 1666 1105 re,
1691 1072 1775 1099 non
1793 1073 1876 1099 sus-

404 1117 578 1169 picatur,
596 1130 721 1168 quam
737 1118 937 1157 rationem
956 1119 1079 1169 paulo
1095 1123 1190 1158 ante
1209 1123 1252 1158 ut
1273 1133 1443 1171 pravam
1464 1121 1694 1173 falsamque
1712 1123 1768 1173 (et
1787 1127 1875 1162 erat

403 1181 586 1232 quidem)
609 1181 847 1228 confutavit,
868 1194 916 1220 ea
935 1182 1039 1232 ipsa,
1062 1183 1229 1221 mutatis
1250 1184 1398 1231 verbis,
1418 1197 1458 1223 se
1478 1185 1664 1236 protinus
1683 1186 1756 1233 uti,
1780 1191 1872 1226 tan-

405 1256 528 1294 quam
543 1256 655 1293 vera,
672 1245 723 1282 ab
742 1256 870 1295 eaque
885 1245 936 1283 ad
953 1246 1262 1285 monstrandam
1278 1247 1387 1286 viam
1406 1248 1653 1300 principium
1668 1262 1827 1289 sumere
1841 1252 1870 1290 ³.

457 1308 667 1357 Nusquam
688 1311 826 1345 tamen
844 1308 1088 1357 quantulum
1104 1309 1144 1346 in
1161 1310 1407 1359 astrologica
1423 1311 1595 1350 scientia
1610 1312 1871 1364 intelligeret,

404 1370 642 1421 praeclarius
673 1374 812 1408 noster
840 1370 1083 1421 significavit
1116 1384 1240 1422 quam
1273 1385 1365 1411 cum
1400 1373 1584 1412 caelestia
1616 1374 1689 1414 illa
1716 1376 1872 1428 templa

404 1432 631 1484 descripsit,

591 1538 656 1574 Cui
676 1538 777 1583 parti
796 1549 936 1574 nomen
956 1539 1091 1584 posuit,
1114 1539 1179 1585 qui
1199 1540 1365 1575 condidit
1380 1543 1513 1585 artem,

590 1589 792 1635 Octotopos
806 1591 834 1624 4.

457 1703 604 1743 Omnia
637 1704 745 1742 enim
777 1704 833 1743 ibi
872 1717 1087 1756 perperam
1127 1705 1446 1754 collocavit,·ita
1484 1719 1679 1747 converso
1712 1708 1870 1756 ordine,

403 1770 448 1805 ut
471 1767 575 1806 ratio
595 1767 683 1818 jam
714 1780 796 1807 non
823 1773 982 1807 constet
1009 1772 1176 1820 totaque
1202 1770 1258 1808 rei
1285 1770 1385 1808 fides
1409 1774 1626 1809 evertatur.
1650 1773 1752 1810 Nam
1771 1784 1870 1823 qua-

403 1833 497 1869 tuor
528 1830 696 1881 signatis
727 1844 830 1882 quos
859 1836 979 1870 vocat
1005 1833 1149 1870 mundi
1172 1833 1372 1880 cardines,
1404 1846 1580 1884 quorum
1613 1834 1648 1873 is
1679 1839 1739 1873 est
1771 1835 1871 1874 ordo

401 1896 442 1931 et
483 1893 610 1941 locus,
638 1899 684 1933 ut
718 1908 821 1933 unus
858 1895 898 1932 in
940 1895 1091 1934 caelesti
1128 1896 1224 1934 orbe
1262 1909 1343 1947 qua
1381 1896 1637 1936 horizontem
1675 1901 1786 1936 secat
1820 1898 1873 1937 ad

398 1962 553 2005 ortum,
582 1958 685 1997 alter
717 1959 767 1996 ad
801 1971 991 1996 occasum
1025 1963 1169 1998 contra
1195 1959 1247 1998 sit
1274 1959 1445 2010 positus,
1469 1961 1612 1999 tertius
1639 1973 1735 2000 vero
1762 1973 1871 2000 sum-

401 2032 530 2068 mum,
554 2025 724 2072 quartus
746 2022 875 2059 imum
901 2022 1042 2060 orbem
1073 2026 1223 2070 teneat,
1247 2026 1427 2074 quatuor
1452 2023 1558 2062 inter
1585 2024 1660 2062 hos
1676 2018 1873 2064 'cardines

401 2083 618 2123 intervalla
647 2085 842 2135 praecipui
876 2086 1077 2124 momenti
1096 2098 1181 2124 esse
1210 2086 1252 2124 in
1279 2086 1574 2126 mathematica
1607 2088 1767 2126 ratione
1796 2088 1870 2126 ad-

402 2152 555 2186 monet.
579 2149 714 2187 Unum
735 2148 844 2187 enim
862 2149 1095 2200 pueritiam,
1117 2149 1292 2188 alterum
1309 2150 1539 2200 juventam,
1554 2150 1717 2189 tertium
1737 2155 1869 2189 matu-

402 2223 469 2250 ros
495 2224 637 2259 annos,
668 2213 1057 2263 quartumdenique
1077 2216 1285 2251 senectam
1316 2213 1432 2263 regit.
1463 2213 1599 2252 Cuivis
1627 2217 1766 2252 autem·
1797 2214 1872 2254 erit

400 2275 677 2326 perspicuum,
698 2288 791 2314 cum
812 2275 984 2315 caelestis
1004 2275 1115 2315 orbis
1134 2280 1330 2319 vertatur,
1352 2275 1520 2327 ejusque
1542 2276 1712 2327 singulae
1733 2281 1872 2328 partes

401 2338 571 2387 singulis
600 2338 713 2377 horae
747 2339 965 2378 momentis
999 2351 1124 2390 supra
1153 2339 1408 2377 horizontem
1445 2343 1658 2389 surgentes
1697 2341 1872 2380 orientia

395 2400 521 2439 simul
537 2401 700 2451 singula
725 2406 836 2440 astra
854 2403 1001 2447 ferant,
1028 2414 1191 2441 necesse
1218 2414 1303 2440 esse
1329 2406 1372 2440 ut
1395 2402 1621 2442 intervallis
1650 2404 1777 2443 vitam
1805 2416 1871 2443 re-

441 2511 470 2540 1.
492 2510 705 2541 Dorotheum
726 2510 910 2541 Sidonium
932 2510 1031 2542 aiunt
1051 2511 1174 2543 ducem
1196 2511 1339 2543 Manilio
1359 2511 1537 2544 adfuisse:
1560 2513 1671 2544 multa
1689 2515 1808 2546 tamen
1828 2523 1867 2546 ea

396 2556 601 2596 discrepant
620 2555 656 2586 in
676 2556 803 2596 quibus
819 2557 1015 2588 Dorotheus
1035 2557 1190 2596 singulas
1211 2560 1332 2598 gentes
1353 2567 1391 2589 ac
1413 2558 1575 2597 regiones
1597 2559 1746 2598 singulis
1765 2560 1870 2592 astris

395 2601 540 2640 dividit,
560 2601 602 2632 ab
622 2601 677 2633 his
698 2611 776 2642 quae
797 2602 919 2634 eadem
941 2603 983 2634 de
1005 2611 1040 2634 re
1061 2603 1204 2644 scripsit
1225 2603 1389 2635 Manilius
1408 2613 1414 2635 :
1437 2613 1550 2645 neque
1575 2604 1685 2636 ullum
1703 2606 1809 2638 alium
1833 2606 1868 2638 in

400 2649 565 2680 Dorothei
584 2649 741 2690 reliquiis
761 2650 875 2680 locuni
895 2650 1026 2690 inveni,
1042 2659 1145 2689 quem
1168 2651 1330 2682 Manilius
1351 2651 1509 2683 imitatus
1530 2660 1606 2683 esse
1622 2652 1704 2692 jure
1720 2652 1868 2685 dicatur.

440 2695 470 2725 2.
491 2694 596 2733 Man„
615 2695 764 2731 Astron„
785 2695 843 2734 ΙΙΙ,
860 2697 917 2728 395
938 2705 1029 2736 sqq„
1051 2699 1086 2727 et
1104 2697 1162 2727 418
1183 2705 1258 2736 sqq.

442 2742 471 2772 3.
489 2740 551 2776 ld„
567 2740 664 2778 ibid„
686 2741 743 2782 111,
764 2742 822 2773 218
843 2750 932 2782 sqq„
954 2744 987 2773 et
1007 2743 1063 2772 483
1084 2751 1160 2782 sqq.

441 2787 472 2817 4.
493 2786 556 2823 ld„
575 2786 670 2824 ibid„
691 2788 732 2827 11,
753 2788 824 2820 968.
846 2787 894 2819 Cf.
917 2788 1258 2829 Bouche-Leclereq,
1275 2797 1329 2829 op.
1352 2788 1390 2827 l„
1411 2788 1438 2828 I,
1459 2790 1529 2820 205.
