1930 3320
996 301 1209 342 -42-

417 389 592 429 Obvium
619 387 691 426 tibi
718 387 807 434 erit,
833 388 1058 436 Manilium,
1082 401 1174 428 eum
1203 401 1251 428 ea
1282 393 1546 441 componeret
1575 394 1613 428 et
1639 390 1830 438 Lucretii,

356 458 397 492 et
425 452 571 498 Ovidii,
599 451 759 490 Horatii
798 451 922 490 etiam
955 465 1181 492 memorem
1214 453 1353 503 fuisse,
1376 453 1599 492 stoicorum
1639 466 1736 493 vero
1767 453 1832 493 vel

357 515 587 554 admodum
620 515 811 565 ignarum
846 515 909 553 vel
948 519 993 554 ut
1025 516 1095 567 qui
1132 516 1305 556 maxime
1343 517 1632 567 negligentem.
1667 518 1834 556 Constat

359 579 470 617 enim
508 578 657 617 stoicos
694 578 887 617 Heracliti
926 580 1173 619 sententiam
1206 581 1418 632 amplexos
1444 580 1584 627 fuisse,
1614 581 1832 632 ignemque

360 641 529 691 elegisse
564 642 630 681 eui
661 654 836 694 corpora
875 643 1015 682 omnia
1046 644 1253 694 gignenda
1288 648 1560 695 naturamque
1599 644 1832 684 universam

358 706 643 757 permitterent
661 723 668 743 :
693 706 803 744 hunc
827 706 983 745 aethera
1001 712 1137 759 πνεῦμα
1158 707 1444 758 appellavisse,
1463 708 1682 759 ignemque
1703 707 1831 747 artifi-

357 781 445 808 cem
463 781 471 808 :
490 782 580 808 eam
596 782 681 808 esse
703 770 785 808 vim
808 770 1119 822 opinatos‚quae
1140 775 1180 810 et
1199 771 1417 810 creavisset
1431 772 1571 810 omnia
1590 775 1630 810 et
1651 771 1834 810 animare

360 837 549 885 pergeret.
571 834 597 873 ¹.
622 834 752 880 Quam
775 833 913 872 Cicero
936 835 1171 885 opinionem
1191 847 1264 873 sua
1282 835 1446 886 quidem
1464 834 1668 874 sententia
1686 847 1833 886 parum

359 896 618 948 probabilem
647 897 782 936 verbis
814 897 1041 936 illustribus
1067 898 1290 949 patefecit:
1327 914 1342 932 α
1360 898 1507 937 Omnia
1526 898 1665 946 vestri,
1691 898 1831 944 Balbe,

361 961 493 999 solent
513 961 564 1000 ad
585 962 747 1012 igneam
769 961 852 1000 vim
874 962 1038 1011 referre,
1061 962 1329 1008 Heraclitum,
1353 966 1398 1000 ut
1418 961 1579 1012 opinor,
1601 965 1830 1013 sequentes.

359 1024 423 1063 Ita
444 1024 575 1071 voltis,
597 1025 757 1075 opinor,
781 1025 884 1063 nibil
912 1038 997 1064 esse
1019 1026 1196 1064 animale
1217 1025 1461 1064 intrinsecus
1480 1025 1522 1063 in
1542 1029 1691 1064 natura
1711 1029 1834 1077 atque

362 1084 524 1127 mundo*
545 1092 695 1139 praeter
720 1089 857 1139 ignem
864 1119 942 1128 .....
967 1089 1138 1135 Quando
1169 1093 1306 1128 autem
1335 1089 1412 1128 hoo
1442 1089 1559 1140 quasi
1588 1089 1836 1128 concedatur

359 1151 534 1202 sumitis,
551 1152 652 1190 nihil
671 1165 757 1190 esse
773 1153 959 1191 animum
980 1153 1057 1191 nisi
1077 1153 1214 1203 ignem
1230 1153 1270 1190 2?
1287 1170 1302 1187 n
1323 1152 1434 1204 lique
1450 1152 1541 1204 ipsi,
1559 1153 1631 1203 qui
1651 1165 1675 1191 a
1691 1152 1836 1191 ceteris

360 1214 669 1261 dissentiebant,
695 1228 777 1254 non
799 1216 856 1254 ita
877 1217 928 1254 ab
950 1229 1091 1255 eorum
1115 1216 1318 1255 sententia
1340 1216 1633 1262 abhorrebant,
1654 1220 1698 1255 ut
1718 1216 1836 1255 dubi-

359 1278 488 1316 tanda
520 1291 583 1317 res
614 1278 775 1329 integra
814 1279 1035 1318 videretur.
1074 1280 1268 1318 «Zenoni
1305 1284 1345 1318 et
1379 1279 1546 1330 reliquis
1581 1280 1664 1318 fere
1698 1279 1835 1318 stoicis

359 1341 491 1380 aether
511 1342 672 1380 videtur
691 1354 878 1381 summus
896 1344 1016 1390 Deus,
1039 1348 1175 1382 mente
1196 1343 1408 1394 praeditus,
1428 1355 1511 1394 qua
1531 1343 1671 1382 omnia
1690 1355 1834 1394 regan-

361 1408 442 1444 tur.
477 1405 707 1453 Cleanthes,
731 1406 801 1456 qui
826 1406 941 1456 quasi
963 1406 1170 1457 majorum
1189 1410 1249 1444 est
1270 1406 1454 1455 gentium
1478 1405 1643 1455 stoicus,
1661 1406 1836 1445 Zenonis

363 1468 542 1516 auditor,
572 1469 700 1508 solem
741 1469 946 1508 dominari
983 1474 1022 1508 et
1059 1482 1196 1508 rerum
1230 1470 1353 1520 potiri
1390 1473 1522 1521 putat.
1553 1469 1615 1509 Ita
1650 1469 1836 1520 cogimur

363 1532 614 1571 dissensione
636 1533 886 1584 sapientium
911 1534 1124 1573 dominum
1151 1538 1337 1572 nostrum
1358 1533 1565 1584 ignorare,
1588 1533 1740 1585 quippe
1766 1534 1836 1585 qui

362 1596 607 1645 nesciamus,
631 1597 707 1636 soli
737 1610 790 1636 an
819 1597 963 1636 aetheri
983 1597 1209 1637 serviamus
1226 1599 1255 1636 ³.
1281 1613 1299 1633 >›
1325 1598 1372 1636 In
1402 1597 1488 1636 sole
1509 1609 1605 1636 vero
1631 1597 1691 1636 vis
1715 1597 1836 1648 ignea

361 1659 618 1708 dominatur;
657 1673 731 1699 nee
777 1661 862 1700 sole
903 1661 1034 1700 aether
1067 1661 1300 1699 extruditur
1338 1673 1472 1700 rerum
1510 1661 1693 1700 omnium
1726 1661 1833 1710 regi-

362 1723 490 1763 mine.
513 1723 608 1770 Quis
628 1723 753 1774 igitur
773 1724 946 1771 dubitet,
970 1725 1070 1775 quin
1091 1725 1292 1774 Manilius,
1315 1724 1348 1763 si
1372 1725 1523 1764 stoicus
1540 1725 1683 1764 fuisset
1701 1737 1834 1776 neque

359 1799 565 1826 summam
595 1800 733 1826 rerum
770 1788 856 1838 igni
884 1788 1161 1838 concessisset,
1184 1789 1311 1827 solem
1345 1788 1490 1827 saltem
1522 1789 1651 1828 Deum
1685 1801 1732 1827 ac
1764 1801 1836 1839 pa-

362 1855 521 1890 rentem
543 1851 728 1891 omnium
751 1852 954 1902 elegisset,
978 1852 1273 1903 sententiaeque
1293 1864 1335 1891 se
1356 1852 1575 1891 dedidisset
1593 1865 1684 1903 quae
1706 1856 1834 1891 astro-

362 1915 553 1966 logorum
575 1915 747 1967 repertis
764 1916 991 1968 plurimum
1013 1929 1110 1955 sane
1128 1917 1295 1956 faveret.
1313 1915 1390 1955 Sed
1407 1928 1491 1954 non
1505 1915 1546 1954 in
1561 1919 1695 1955 arctos
1716 1915 1835 1954 unius

358 1979 560 2018 doetrinae
599 1980 700 2018 fines
743 1992 784 2018 se
823 1980 1024 2019 coarctari
1061 1993 1204 2032 passus
1233 1983 1293 2018 est
1331 1991 1548 2031 :namque
1579 1979 1671 2031 plus
1709 1991 1834 2031 quam

362 2043 514 2082 stoicus
538 2043 630 2091 fuit,
661 2043 800 2094 itaque
835 2044 1018 2083 curiosus
1046 2043 1320 2095 philosophiae
1354 2047 1477 2094 atque
1512 2038 1831 2092 amantissimus,

362 2110 407 2145 ut
442 2119 584 2146 omnes
619 2107 868 2158 sapientium
905 2108 1119 2159 opiniones
1155 2108 1245 2160 pari
1278 2108 1412 2147 studio
1443 2107 1655 2159 reciperet,
1690 2119 1832 2159 parem

361 2170 546 2209 versibus
586 2171 825 2222 materiam,
864 2176 990 2223 utque
1032 2172 1213 2223 quinque
1252 2176 1323 2211 aut
1358 2183 1430 2210 sex
1467 2170 1689 2210 sententias
1723 2171 1830 2223 pari-

360 2237 424 2272 ter
450 2234 698 2274 dubitandas
723 2248 956 2287 proponere
983 2248 1109 2287 quam
1130 2235 1274 2275 ceteris
1294 2234 1454 2274 omissis
1473 2246 1599 2273 unam
1625 2234 1831 2274 affirmare

362 2297 519 2336 mallet.

412 2362 464 2399 At
493 2362 667 2400 Romani
701 2362 743 2400 in
773 2362 886 2400 omni
915 2362 1238 2413 philosophandi
1272 2374 1419 2413 genere
1446 2361 1659 2414 physicam
1687 2361 1832 2402 ethicae

360 2428 693 2476 postposuerunt,
725 2425 842 2476 eique
872 2426 982 2477 parti
1012 2430 1140 2465 totam
1174 2438 1343 2478 operam
1363 2426 1563 2465 dederunt
1586 2438 1678 2478 quae
1698 2438 1833 2466 mores

402 2573 429 2603 1.
451 2573 653 2611 Ravaisson‚
676 2583 729 2615 op.
754 2573 859 2612 laud„
883 2584 916 2614 p.
941 2575 991 2613 19,
1008 2576 1058 2606 20.

400 2618 430 2648 2.
452 2617 533 2658 Cic.,
554 2619 599 2650 De
617 2619 696 2651 Nat.
719 2620 831 2656 Deor„
853 2620 909 2659 111,
933 2622 981 2660 14,
1001 2621 1050 2652 55.
1073 2638 1112 2644 —
1130 2621 1239 2662 VIrg.‚
1256 2621 1348 2658 AEn.,
1369 2620 1425 2661 VI,
1445 2622 1518 2654 730.

690 2701 797 2736 Igneus
813 2703 858 2728 est
875 2701 940 2728 ollis
960 2702 1043 2736 vigor
1059 2710 1093 2729 ac
1110 2702 1232 2730 ezelestis
1249 2703 1332 2737 origo

689 2741 862 2769 Seminibus.

399 2815 430 2847 3.
450 2815 531 2857 Cic.,
553 2815 624 2853 Ac„
647 2815 689 2856 11,
710 2817 760 2857 41,
785 2817 854 2849 126.
