1936 3392
400 362 454 400 54

401 476 493 516 160.
525 477 788 530 volucrisque
818 476 928 516 inest
959 501 1012 505 ——
1048 476 1141 516 161.
1166 489 1241 530 per
1269 477 1468 532 membra]
1499 490 1573 532 per
1602 478 1774 520 menbra
1800 503 1854 508 —

397 545 557 599 ventos]
583 547 715 586 victor
746 571 799 574 —
835 546 927 586 163.
954 546 1030 586 Ille
1056 547 1136 587 cito
1162 546 1294 601 motu]
1320 547 1478 588 Illecito
1504 548 1680 589 moritur
1704 534 1856 603 (111011ἶῆ

400 641 451 644 *—
491 614 665 669 caestus]
698 619 835 656 cestus
878 640 931 644 —
979 616 1070 655 166.
1102 616 1289 670 pensare]
1320 618 1485 670 pulsare
1522 642 1575 646 —
1612 617 1723 672 folle]
1734 617 1856 672 —fultp

401 710 453 713 —
484 685 575 725 168.
602 685 796 738 pilarum]
822 685 995 738 pilatum
1028 710 1081 713 —
1117 686 1208 726 169.
1228 686 1519 741 vagas]vagus
1551 712 1604 716 —
1639 687 1732 728 170.
1751 687 1856 742 ipse]

389 756 487 809 ipsa
518 780 570 783 —
606 756 699 805 173.
733 754 886 808 dulc-ia]
919 755 1050 795 dultia
1081 780 1134 784 ——
1170 756 1261 796 176.
1294 756 1546 810 absentibus]
1577 756 1858 798 habitantibus

401 849 453 852 —
486 825 577 865 179.
604 824 856 877 Atalanteos]
883 825 1109 866 athlanteos
1141 850 1194 854 —-
1230 826 1322 866 180.
1348 825 1404 866 Et
1428 825 1676 880 Calydonea]
1701 825 1755 868 Et
1779 827 1858 868 cali

380 894 531 949 μ1111111111
562 919 615 922 -
647 894 842 948 puellam]
874 894 1158 950 capellam.—
1203 896 1295 936 181.
1327 895 1482 949 videre]
1513 895 1645 938 videri
1674 921 1729 926 —
1763 897 1857 938 182.

398 963 546 1017 maius]
572 967 692 1004 natus
725 989 778 992 —
814 965 906 1004 183.
935 962 1122 1018 Quaque]
1148 963 1365 1019 Quamque
1385 964 1552 1019 (Quaq3)
1578 990 1631 994 —
1658 965 1857 1020 Actaeon]

400 1036 541 1073 acteon
574 1058 627 1062 -
664 1034 756 1073 186.
788 1032 1081 1088 Mendacisque
1111 1034 1221 1076 inest
1253 1059 1306 1064 -
1341 1035 1434 1075 187.
1461 1034 1754 1089 Currentisque
1782 1035 1854 1076 in-

400 1106 459 1143 est
502 1128 555 1131 —
602 1104 694 1144 191.
727 1102 876 1157 arenis]
907 1103 1080 1144 habenis
1124 1129 1176 1133 —-
1223 1105 1316 1145 193.
1348 1106 1482 1146 amnis
1511 1099 1623 1146 inest
1665 1130 1718 1134 —
1764 1106 1858 1147 195.

399 1172 626 1226 Luxuriae]
663 1172 852 1213 Luxuria
895 1198 947 1202 —
995 1174 1087 1214 196.
1126 1187 1179 1215 ex
1217 1187 1393 1228 aequore
1428 1173 1579 1228 pascet]
1617 1187 1670 1216 ex
1707 1187 1859 1229 equore

400 1244 529 1297 pascit
573 1268 625 1271 —
673 1244 765 1283 197.
798 1243 1005 1297 Procyon]
1037 1245 1203 1297 procion
1237 1269 1291 1273 -—
1330 1243 1500 1298 Cancro]
1533 1257 1679 1286 cancro
1712 1247 1773 1286 est
1803 1269 1858 1274 ——

402 1314 496 1353 200.
523 1313 680 1366 sagacis
711 1313 822 1354 inest
854 1338 906 1342 —-
941 1314 1035 1354 203.
1063 1313 1240 1367 hastilia]
1273 1313 1406 1354 astilia
1437 1339 1491 1343 —-
1524 1315 1619 1356 204.
1646 1314 1860 1368 quodcun-

402 1382 495 1435 que]
529 1382 818 1436 quodcumque
851 1408 903 1412 —
935 1383 1118 1437 poscere]
1150 1396 1314 1437 pascere
1358 1409 1412 1413 —-
1453 1385 1548 1426 205.
1568 1383 1629 1424 vIn
1659 1383 1859 1439 proprios]

400 1452 449 1492 In
474 1453 657 1506 proprias
683 1478 736 1481 —
764 1453 975 1507 quaestus]
1003 1457 1174 1507 questus
1205 1479 1258 1482 —
1293 1454 1388 1494 206.
1407 1453 1653 1508 Nemeaeus]
1672 1455 1726 1495 ne
1744 1466 1860 1496 meus

402 1545 456 1552 —n
484 1523 578 1562 207.
599 1522 719 1576 acris]
740 1524 852 1563 canis
879 1548 932 1551 —
960 1524 1054 1564 208.
1073 1523 1196 1577 rabit]
1222 1525 1330 1577 rapit
1354 1549 1407 1552 —
1435 1524 1530 1564 211.
1550 1523 1703 1578 herbis]
1722 1523 1860 1577 undis,

399 1592 472 1633 sed
499 1592 537 1632 lz.
569 1606 604 1632 v.
637 1593 844 1646 expzmaeit
873 1596 912 1633 et
942 1593 1051 1633 erbis
1080 1607 1284 1647 superser.
1309 1607 1377 1647 pr.
1408 1607 1463 1634 m.
1496 1619 1550 1622 —
1583 1594 1678 1634 215.
1703 1593 1861 1635 morbis

402 1662 548 1714 (morb)
580 1687 634 1691 —
671 1663 766 1703 217.
798 1663 976 1703 candent
1005 1663 1050 1703 in
1079 1662 1262 1717 flamine]
1295 1675 1371 1704 ceu
1401 1667 1499 1704 sunt
1527 1664 1573 1704 in
1601 1663 1775 1704 flumine
1805 1688 1860 1692 —

403 1732 497 1772 216.
529 1744 602 1785 per
632 1731 783 1786 sidera]
815 1745 888 1786 per
917 1732 1067 1784 sydera
1102 1757 1157 1761 —
1196 1734 1290 1773 218.
1322 1745 1395 1787 per
1423 1732 1587 1787 pronas]
1618 1745 1693 1787 per
1720 1734 1864 1787 proxi-

401 1814 490 1843 mas
533 1826 586 1830 ——
631 1801 737 1855 oras]
781 1802 901 1843 horas
944 1827 997 1831 m*
1043 1803 1137 1843 219.
1175 1802 1418 1844 Hiscentem
1456 1816 1580 1856 quam
1615 1815 1693 1844 nec
1727 1803 1863 1858 pelagi

402 1871 660 1912 restrinxerit
689 1871 818 1925 unda]
850 1871 1095 1913 Nascentem
1122 1873 1158 1912 si
1184 1885 1305 1925 quem
1331 1872 1466 1926 pelagi
1490 1873 1727 1914 restinxerit
1750 1873 1864 1914 unda

405 1965 458 1970 —
491 1941 586 1982 220.
618 1941 745 1995 finget
774 1941 884 1982 inest
921 1967 975 1971 —
1015 1942 1109 1981 221.
1141 1941 1263 1982 fletus
1292 1942 1403 1983 inest
1439 1967 1493 1971 —
1533 1943 1628 1983 223.
1658 1941 1771 1984 Ante
1801 1942 1861 1997 os]

403 2011 514 2052 Ante
526 2014 556 2061 ΙΗΙ
569 2024 614 2052 os
652 2011 780 2066 (inter
809 2012 920 2052 Ante
950 2015 988 2052 et
1020 2025 1064 2052 os
1094 2013 1202 2053 duae
1234 2012 1310 2053 litt.
1339 2011 1459 2064 eras.)
1498 2037 1551 2041 -
1584 2013 1744 2053 concita
1767 2024 1863 2054 cau-

403 2081 474 2135 sis]
514 2081 677 2122 condita
713 2082 856 2134 cassis,
891 2082 963 2122 sed
991 2082 1121 2135 prius
1152 2095 1171 2122 s
1202 2082 1410 2136 ewpunoez't
1438 2085 1477 2123 et
1506 2095 1535 2122 u
1564 2095 1768 2136 superser.
1793 2096 1861 2136 pr.

402 2165 456 2191 m.
497 2176 549 2180 -—
589 2153 682 2192 224.
714 2151 835 2205 rabit]
867 2152 975 2205 rapit
1012 2177 1066 2180 —
1105 2153 1198 2192 225.
1232 2151 1444 2206 relinquit]
1475 2152 1645 2206 reliquit
1675 2176 1729 2181 —
1765 2153 1861 2193 227.

402 2220 607 2275 Bacchus]
632 2221 796 2262 Bachus
822 2246 875 2250 —
903 2222 949 2261 in
973 2221 1199 2275 flammam]
1224 2222 1268 2262 in
1294 2221 1460 2262 flamma
1484 2246 1538 2250 —
1565 2221 1720 2276 saevas]
1746 2234 1863 2263 sevas

405 2315 458 2320 —-
492 2292 587 2332 228.
618 2291 841 2344 rupesque]
870 2292 1065 2345 ripasque
1097 2316 1150 2320 —
1183 2293 1277 2332 229.
1303 2291 1392 2332 Aut
1416 2291 1659 2346 spumantis]
1685 2291 1744 2332 At
1767 2304 1864 2346 spu-

403 2361 556 2402 mantis
594 2385 647 2390 —
686 2361 780 2402 230.
812 2362 858 2401 in
888 2360 1073 2415 corpore]
1104 2362 1146 2402 in
1178 2361 1325 2402 robore
1355 2385 1410 2390 -
1443 2362 1536 2402 231.
1568 2361 1689 2402 talis.
1709 2393 1718 2402 .
1738 2393 1746 2402 .
1766 2362 1864 2402 artis

403 2431 514 2472 inest
545 2455 598 2460 -—
630 2431 674 2471 in
700 2430 847 2484 sidere]
874 2431 950 2471 sub
976 2430 1110 2472 sidere
1143 2455 1195 2460 —
1229 2432 1322 2471 232.
1350 2431 1537 2485 venetur]
1563 2434 1784 2472 veneretur
1807 2455 1861 2460 —

406 2502 500 2542 233.
534 2500 708 2554 quaerit]
741 2501 878 2554 querit
908 2525 962 2530 —
995 2502 1089 2541 234.
1111 2500 1213 2554 orta]
1235 2513 1305 2541 ora
1336 2526 1389 2530 —
1423 2502 1517 2541 235.
1539 2500 1678 2542 Crater
1695 2500 1862 2555 auratis]

406 2570 658 2624 Caeteraque
696 2569 915 2624 (Ceteraq3)
956 2571 1109 2611 auratis
1146 2595 1200 2599 —
1238 2570 1433 2624 caelatus]
1472 2570 1626 2611 celatus
1669 2595 1722 2600 —
1767 2571 1862 2612 236.

406 2640 660 2694 quicunque]
690 2641 944 2694 quicumque
974 2664 1028 2669 ——
1061 2639 1271 2694 sequetur]
1297 2643 1523 2693 sequentur
1554 2664 1607 2669 —
1640 2641 1734 2682 238.
1759 2640 1863 2681 Bac—

406 2710 496 2764 che]
527 2710 656 2752 bache
693 2735 748 2739 ——
783 2709 890 2764 tuas]
923 2713 1016 2751 tuos
1048 2735 1101 2739 —-
1133 2709 1292 2764 iunget]
1324 2710 1462 2763 iungit
1498 2733 1551 2739 —
1591 2711 1686 2751 239.
1717 2709 1864 2764 Dispo-

405 2779 540 2834 netve]
575 2779 861 2834 Disponetque
904 2805 958 2809 -
1003 2781 1098 2821 240.
1128 2779 1339 2833 fidentem]
1370 2779 1596 2820 findentem
1634 2805 1687 2809 -
1725 2779 1863 2834 ducet]

407 2850 524 2891 ducit
554 2875 608 2880 —
641 2851 735 2891 241.
761 2850 836 2891 tibi
867 2849 1020 2904 credet]
1052 2849 1132 2891 sibi
1157 2849 1285 2890 credit
1315 2874 1369 2878 —
1401 2861 1643 2903 semperque
1668 2863 1692 2891 a
1714 2849 1862 2904 matre]

407 2933 568 2975 semper
604 2921 678 2975 qui
713 2923 844 2962 matre
887 2945 940 2949 —
986 2921 1081 2960 242.
1117 2918 1329 2974 adiunget]
1361 2919 1551 2974 adiungit
1588 2944 1642 2948 ——
1680 2918 1862 2973 calamis]
