1872 3250
638 204 858 240 ThBreiten
881 215 926 239 zu
946 203 1135 239 Manilius.
1565 190 1649 239 20'3

120 330 197 358 uns
226 318 295 358 das
324 317 475 357 seltene
497 318 732 366 pertransit,
762 316 928 355 welches
959 315 1060 354 noch
1082 315 1179 352 dazu
1201 314 1266 353 ffir
1287 313 1487 353 einfaches
1506 314 1650 352 transit

119 375 258 416 stehen
269 375 357 424 soll,
367 374 449 412 und
459 373 529 412 das
541 373 827 412 unerklelrliche
841 373 949 411 limes
958 372 1164 419 formatus.
1178 371 1377 410 einfacher
1390 370 1543 410 scheint
1553 369 1649 407 mir:

322 443 419 470 nam
438 442 526 469 eum
538 441 613 478 per
632 431 722 469 talis
741 430 995 477 feriuntur
1013 429 1172 478 sinyula
1193 429 1337 467 limas

322 487 452 527 sidera
471 489 506 526 et
526 487 673 526 alterno
693 487 901 525 devertitur
920 486 1091 534 anqulus
1110 488 1216 524 astro
1236 505 1291 512 —

118 544 236 592 ferire
262 544 318 583 ist
344 543 461 582 daffir
486 542 688 592 typisches
719 544 832 581 wort.
868 542 1040 591 Bentley
1067 543 1170 580 setzt
1189 553 1230 579 es
1251 541 1378 579 selbst
1399 553 1436 579 v.
1460 539 1541 578 393
1564 538 1648 578 ein:

117 598 306 651 (virgula)
326 601 402 639 duo
416 601 531 649 siyna
546 600 664 646 ferit
679 600 816 638 mediis
830 601 1025 637 summota
1040 599 1252 646 quaternis.
1277 610 1360 636 nun
1374 599 1464 646 sagt
1480 595 1650 645 Bentley

117 657 295 696 freilich:
315 657 370 695 ‘in
386 655 591 706 hexagono
607 656 714 694 linea
723 656 940 704 pertransit
955 655 1113 704 sinyula
1126 655 1256 694 sidera
1271 656 1312 692 et,
1326 654 1478 692 alterna
1494 654 1652 691 tantum
1691 679 1695 681 -

117 713 249 763 ferit'3
280 713 374 752 aber
393 713 436 751 in
457 725 492 751 v.
516 713 597 751 358
619 713 672 751 ist
686 713 732 762 ja
753 711 872 751 sehon
895 715 1055 762 gesagt‚
1078 711 1167 750 dasz
1189 711 1341 750 alterna
1361 711 1477 759 siyna
1497 721 1564 747 zur
1584 708 1650 746 be-

118 769 326 820 handlung
346 769 543 818 kommm,
566 769 647 807 und
670 769 775 807 diese
798 768 956 806 werden
977 767 1130 805 einzeln
1152 767 1392 815 aufgezfihlt.
1424 766 1478 804 im
1499 765 1651 816 folgen-

117 826 196 866 den
218 825 416 876 empfehle
436 825 500 864 ich
521 825 769 874 umsoellung
790 837 868 863 von
889 838 926 863 v.
949 825 1030 863 368
1054 824 1134 861 und
1156 825 1262 862 369:

321 883 403 921 369
423 885 540 930 utque
559 893 604 921 ea
617 884 856 930 praetereas,
879 893 975 929 qaae
994 883 1087 919 sunt
1107 881 1202 919 mihi
1221 880 1380 929 sinyula
1401 879 1515 930 dicta,

323 935 407 977 368
427 939 590 978 alterius
609 939 748 977 ductus
768 939 873 977 locus
893 940 947 976 est
959 949 1035 985 per
1053 938 1223 976 transita
1243 938 1378 986 siyna,

325 996 409 1034 370
425 995 590 1043 flexibus
610 998 644 1034 et
663 995 818 1034 totidem
837 994 977 1033 similis
996 994 1062 1041 fit
1081 994 1247 1033 circulus
1267 994 1335 1032 illi.

117 1051 225 1091 diese
251 1051 496 1097 reihenfolge
517 1051 587 1090 hat
608 1050 654 1090 G.
696 1052 738 1089 in
760 1064 796 1090 v.
820 1052 902 1090 370
921 1050 991 1089 hat
1012 1049 1047 1089 G
1067 1052 1116 1098 it,
1151 1062 1185 1089 ω
1206 1051 1275 1098 sit,
1306 1050 1488 1088 letzteres
1516 1047 1654 1087 behslt

113 1107 246 1147 Jacob
268 1109 342 1147 mit
360 1108 539 1146 unrecht.

231 1164 272 1203 II
294 1165 375 1203 379
393 1163 431 1202 ff.

293 1221 361 1260 sed
379 1223 512 1260 tamen
532 1224 585 1259 est
604 1221 681 1259 illis
700 1215 773 1272 (sc.
795 1218 1035 1269 sexangulis)
1057 1219 1194 1267 foedus
1212 1219 1285 1258 sub
1306 1219 1383 1268 leye
1405 1219 1655 1267 propinqum·

300 1278 403 1327 quod
422 1289 503 1316 non
522 1278 717 1316 diversum
734 1288 859 1326 yenus
879 1280 951 1323 est,
975 1277 1077 1324 quod
1096 1276 1277 1315 euntibus
1297 1276 1415 1314 astris

300 1334 476 1373 mascula
495 1345 562 1373 sex
580 1334 757 1373 maribus
776 1333 1028 1382 respondent,
1051 1336 1174 1371 cetera
1193 1343 1308 1371 sexus

300 1390 459 1438 feminei
477 1402 543 1430 sex
563 1392 808 1440 coniunyunt
828 1391 1054 1429 commercia
1073 1390 1225 1428 mundi.

119 1447 163 1486 in
184 1460 221 1488 v.
244 1447 328 1487 380
355 1447 457 1486 lflszt
478 1445 513 1485 G
533 1450 588 1486 est
608 1460 707 1496 weg.
748 1446 920 1496 Bentley
948 1447 1051 1484 nimt
1080 1446 1155 1483 mit
1186 1445 1298 1484 recht
1318 1446 1475 1483 anstosz
1495 1456 1546 1482 an
1567 1443 1658 1481 dem

117 1503 283 1543 zweiten
303 1504 405 1552 quod
427 1502 508 1542 und
529 1516 580 1542 an
600 1504 838 1542 euntibus
858 1503 988 1542 astris.
1020 1503 1062 1540 in
1084 1503 1233 1540 seinem
1256 1502 1416 1540 streben
1438 1500 1538 1539 nach
1554 1499 1654 1540 voll-

119 1561 203 1599 εὕει·
223 1560 396 1599 klarheit
416 1560 590 1598 schreibt
609 1573 652 1598 er
672 1560 780 1598 hier:
803 1559 1090 1599 alternantibus
1109 1560 1237 1607 astris,
1261 1558 1334 1596 wie
1355 1570 1397 1597 er
1414 1557 1535 1596 sehon
1552 1557 1655 1595 oben

118 1629 156 1655 v,
173 1617 252 1655 371
276 1616 340 1655 fiir
359 1617 567 1656 subeuntia
589 1617 780 1655 einsetzte
803 1617 1018 1665 sexangula
1040 1614 1144 1667 (‘cur
1164 1615 1373 1654 subeuntia
1389 1614 1518 1664 magis
1535 1626 1654 1663 quam

118 1672 294 1712 stantia?
345 1685 435 1712 cum
466 1675 646 1722 aspectus
675 1673 971 1722 hexagonorum
999 1671 1067 1710 fixi
1095 1669 1226 1723 sint').
1270 1671 1339 1709 der
1366 1675 1580 1720 gegensatz
1609 1682 1656 1708 zu

117 1730 326 1769 subeuntia
353 1730 471 1779 siqna
502 1729 556 1768 ist
583 1729 683 1768 doch
714 1729 825 1767 nicht
852 1730 1021 1776 stantia,
1058 1728 1231 1766 sondern
1254 1728 1541 1776 praecedentia.
1600 1726 1654 1767 im

119 1789 254 1825 ersten
282 1785 466 1826 sechseek
493 1785 605 1824 fuhrt
633 1787 753 1833 aries,
783 1786 839 1824 im
860 1786 1023 1824 zweiten
1043 1788 1203 1833 taurus,
1227 1797 1267 1823 es
1290 1784 1424 1834 folgen
1449 1779 1653 1836 (subeunt)

115 1843 275 1893 yemini,
297 1843 396 1882 bzw.
419 1854 556 1881 cancer
576 1855 673 1881 usw.
697 1842 818 1880 daher
839 1842 1035 1892 empfehle
1056 1841 1140 1879 ich:

323 1899 426 1948 quod
444 1911 526 1938 non
545 1900 741 1938 diversum
757 1910 884 1948 yenus
903 1901 958 1937 est
976 1897 1308 1937 subeuntibus
1329 1898 1470 1942 astris,·

325 1956 500 1995 mascula
518 1967 585 1994 sex
603 1956 781 1994 maribus
800 1955 1043 2004 respondent.

233 2011 275 2051 Π
288 2012 374 2052 410
391 2013 458 2051 sed
478 2024 718 2060 quamquam
737 2012 912 2051 adversis
930 2011 1082 2061 fulyent
1102 2011 1302 2050 contraria
1322 2011 1468 2060 sienis,

394 2071 543 2107 natura
563 2072 694 2108 tamen
714 2069 909 2107 interdum
929 2069 1077 2107 sociata
1097 2067 1302 2116 feruntur,

394 2128 429 2164 et
444 2137 590 2174 ¹qenera
609 2126 796 2174 amplexis
815 2125 1019 2164 concordia
1039 2127 1178 2162 mutua
1197 2125 1322 2173 suryit
1333 2152 1342 2170 ,

393 2183 544 2220 miscua
563 2183 598 2220 si
612 2182 781 2230 paribus
799 2182 858 2220 vel
876 2183 912 2220 si
932 2181 1085 2220 diversa
1106 2181 1274 2219 duorum
1295 2183 1362 2219 est.

391 2239 627 2286 respondent
644 2239 778 2287 ,qeneri
791 2239 918 2286 pisces
938 2241 971 2276 et
991 2238 1157 2287 viryinis
1177 2240 1285 2276 astra
1307 2249 1403 2275 usw.

120 2294 310 2343 amplexis
337 2293 512 2333 schreibt
537 2295 662 2333 Jacob
691 2295 756 2333 fiir
784 2295 964 2342 exemplis
992 2294 1060 2332 der
1079 2293 1180 2340 hss.,
1209 2294 1377 2332 duorum
1398 2292 1463 2330 fur
1484 2304 1660 2333 suorum.

121 2364 159 2390 v,
177 2351 260 2390 413
277 2350 332 2389 ist
348 2351 447 2389 nach
464 2351 567 2390 form
583 2351 666 2390 und
687 2351 815 2390 inhalt
838 2350 1029 2402 (miscual
1049 2362 1210 2390 suorum
1218 2348 1251 2399 Ι)
1273 2349 1501 2388 barbarisch
1516 2350 1598 2388 und
1614 2363 1661 2389 zu

121 2407 354 2458 beseitigen.
394 2407 436 2446 in
457 2420 494 2446 v.
512 2408 592 2445 411
618 2407 699 2446 und
721 2408 802 2445 412
825 2411 972 2446 natura
993 2410 1124 2446 tamen
1144 2407 1342 2446 interdum
1360 2407 1506 2445 sociata
1525 2406 1660 2454 ferun-

125 2467 193 2503 tur
211 2467 246 2503 et
262 2475 422 2514 yenere:
443 2465 624 2513 exemplis
644 2465 847 2504 concordia
877 2467 1017 2503 mutua
1046 2465 1173 2513 suryit
1201 2463 1302 2513 liegt
1332 2463 1394 2501 die
1425 2463 1661 2512 disposition

123 2520 195 2558 der
223 2519 434 2570 folgenden
463 2522 646 2570 exempla.
695 2521 757 2560 die
786 2523 985 2560 contraria
1012 2523 1147 2571 siyna:
1179 2521 1306 2568 pisces
1333 2519 1415 2557 und
1443 2521 1551 2569 viryo
1572 2521 1662 2559 sind

123 2575 326 2626 weiblich,
354 2577 440 2615 hier
469 2578 572 2627 siegt
587 2590 733 2628 9enus,
755 2581 904 2617 natura
923 2577 1026 2616 tiber
1047 2578 1110 2615 die
1131 2576 1308 2626 stellung
1331 2575 1493 2626 (locus);
1523 2589 1659 2617 cancer

122 2632 203 2671 und
227 2634 478 2682 capricornus
498 2634 587 2673 sind
610 2634 804 2683 weiblich,
826 2635 921 2673 aber
936 2634 1035 2673 iiber
1047 2645 1172 2684 yenus
1187 2633 1320 2683 siegen
1338 2636 1531 2682 tempora3
1554 2636 1658 2674 aries

122 2689 204 2728 und
239 2690 342 2729 libra
376 2690 468 2728 sind
500 2690 717 2730 miinnlich:
759 2691 816 2730 sie
851 2690 940 2730 sind
969 2690 1158 2729 einander
1185 2690 1392 2738 feindlich,
1426 2689 1520 2728 aber
1549 2691 1662 2730 nicht

101 2775 106 2780 .
127 2745 322 2796 ganzlich.

235 2802 277 2841 Π
295 2802 376 2841 419
398 2803 489 2841 hinc
507 2804 615 2851 riyor
634 2806 669 2842 et
685 2804 838 2852 ylacies,
859 2804 1090 2852 nivibusque
1110 2804 1280 2842 albentia
1298 2814 1418 2848 rura,

394 2859 485 2898 hinc
503 2860 589 2898 sitis
608 2863 643 2898 et
662 2860 781 2898 sudor
799 2861 1004 2908 nudusque
1023 2862 1070 2898 in
1089 2860 1247 2898 collibus
1267 2859 1390 2909 orbis,

397 2917 633 2964 aestiuosque
652 2916 733 2955 dies
753 2919 892 2964 aequat
913 2927 991 2956 nox
1009 2916 1158 2966 friyida
1179 2912 1353 2955 brumae.
