1910 3250
984 214 1262 277 him...

504 357 597 403 Non
638 359 771 403 minor
808 359 940 402 adhuc
979 360 1054 402 sub
1094 359 1224 402 iudice
1269 359 1319 402 lis
1358 366 1418 403 est
1457 359 1509 404 de
1550 357 1862 418 interpretandis

370 430 552 472 versibus
581 430 599 470 I
627 428 871 471 384—386:

574 496 715 538 Cetera
743 510 828 537 non
857 496 1029 546 cedunt;
1058 511 1140 538 uno
1169 497 1394 538 vincuntur
1422 499 1468 538 in
1498 496 1663 551 astro·¹)

571 565 773 618 Auyusto,
801 564 920 604 sidus
947 568 1087 605 nostro
1117 564 1226 619 quod
1254 566 1423 619 contiyit
1453 564 1544 606 orbi

575 631 733 672 Caesar
762 644 873 672 nunc
902 633 1038 684 terris,
1062 635 1159 686 post
1189 633 1298 672 caelo
1328 634 1537 674 maximus
1567 638 1726 676 auctor.

369 699 640 754 Comparatur
669 698 723 739 ibi
747 713 839 739 cum
865 699 1169 754 septentrionali
1191 699 1347 740 caelum
1371 699 1634 742 meridionale
1657 713 1861 756 unamque

367 767 422 807 ait
449 772 568 822 poeta
598 779 684 807 esse
714 765 998 818 differentiam,
1030 766 1139 821 quod
1168 766 1274 807 adsit
1299 767 1603 823 septentrionali
1625 767 1860 822 Augustum

367 841 532 885 astrum,
563 833 665 874 desit
694 832 803 889 apud
839 833 1065 889 antipodas.
1124 834 1269 876 Freier
1307 834 1473 890 quidem
1510 835 1566 876 ita
1596 837 1656 891 (p.
1689 835 1760 886 19)
1789 849 1860 877 ex-

367 902 511 958 plicat:
543 901 591 942 In
622 901 754 943 sidere
783 902 986 956 Augusto,
1018 901 1129 942 cuius
1158 916 1316 942 summa
1346 901 1386 942 in
1417 901 1527 944 eaelo
1567 902 1628 943 vis
1657 909 1698 944 et
1726 909 1862 944 aucto-

367 970 462 1010 ritas
501 975 572 1021 est,
613 984 721 1010 nunc
756 976 901 1024 regnat
936 969 1195 1022 Octavianus,
1238 969 1277 1010 in
1318 970 1416 1011 orbe
1447 975 1645 1012 terrarum
1673 970 1750 1023 Tu,
1791 970 1860 1012 Ti-

368 1037 472 1089 beri3
499 1037 571 1078 sed
602 1042 646 1078 ut
667 1037 843 1091 primum
871 1037 1017 1079 obieris
1047 1037 1154 1078 diem
1183 1052 1430 1094 supremum,
1458 1044 1550 1094 post
1577 1045 1732 1094 patrem
1753 1053 1861 1080 sum-

368 1120 480 1146 mum
512 1104 612 1146 caeli
642 1104 856 1160 imperium
887 1105 1100 1149 obtinebis,
1130 1105 1339 1148 Bentleius
1368 1106 1463 1148 olim
1494 1105 1557 1148 vel

620 1173 817 1227 Auyusto,
838 1174 957 1214 sidus
983 1179 1123 1216 nostro
1155 1176 1228 1229 qui
1257 1175 1424 1229 contiyit
1451 1174 1542 1216 orbi
1570 1173 1635 1216 vel

619 1241 854 1295 Anqustum
874 1242 1004 1294 sidus,
1036 1246 1177 1284 nostro
1206 1242 1316 1297 quod
1347 1273 1356 1282 .
1387 1273 1396 1282 .
1427 1274 1437 1283 .

367 1306 585 1362 legendum
639 1322 727 1349 esse
767 1309 987 1365 proposuit.
1058 1308 1345 1350 Lachmannus
1392 1323 1554 1365 quoque
1602 1307 1730 1350 voluit
1772 1307 1859 1349 Au-

363 1380 527 1430 9ustmn
553 1376 683 1417 sidus.
742 1376 933 1433 Plerique
963 1376 1063 1418 mihi
1091 1377 1132 1417 in
1160 1391 1208 1418 eo
1236 1390 1372 1418 errare
1400 1375 1600 1428 videntur,
1632 1374 1741 1431 quod
1772 1389 1860 1416 ver·

365 1458 454 1483 sum
500 1443 582 1484 385
624 1443 878 1486 distinctione
922 1459 993 1487 seu
1038 1445 1227 1500 graviore
1268 1445 1303 1498 (3
1335 1443 1447 1498 vel:)
1484 1458 1557 1486 seu
1596 1442 1748 1485 leviore
1789 1441 1858 1496 (‚)

366 1510 577 1563 claudunt,
618 1526 698 1567 qua
728 1526 772 1554 re
801 1512 980 1554 indicant
1006 1527 1049 1554 se
1079 1512 1246 1554 eredere
1274 1512 1510 1568 insequente
1548 1524 1666 1552 versu
1697 1516 1858 1566 poetam

366 1578 518 1634 alloqui
548 1577 778 1632 Caesarem,
810 1579 851 1620 id
882 1579 992 1636 quod
1022 1580 1133 1621 nullo
1163 1586 1280 1636 pacto
1310 1585 1442 1636 potest
1470 1585 1590 1622 stare.
1649 1576 1741 1619 Hoc
1769 1576 1857 1629 fuit,

368 1646 407 1686 ni
431 1645 561 1697 fallor,
590 1645 698 1701 quod
729 1646 837 1687 hunc
861 1662 1020 1688 versum
1053 1662 1143 1688 cum
1175 1646 1507 1704 praecedentibus
1537 1644 1642 1687 male
1671 1644 1858 1686 coniunc-

367 1719 452 1754 tum
483 1714 597 1769 quasi
628 1713 854 1755 claudicare
876 1715 1071 1756 iudicaret
1094 1715 1254 1757 Breiter
1283 1721 1406 1771 atque
1437 1720 1480 1755 ut
1500 1713 1607 1755 hune
1629 1713 1685 1755 ita
1713 1728 1752 1756 V.
1775 1711 1858 1756 385

366 1779 652 1836 interpolatum
674 1781 966 1825 criminaretur.
979 1783 1010 1836 2)
1037 1782 1238 1838 Equidem
1270 1782 1368 1824 nihil
1400 1788 1524 1834 muto,
1553 1780 1624 1823 sed
1656 1794 1706 1822 ea.
1734 1780 1863 1823 inter-

366 1849 596 1904 punctione,
619 1862 739 1905 quae,
764 1851 948 1907 quamvis
965 1865 1106 1892 verum
1128 1850 1288 1892 iamiam
1306 1849 1527 1892 Basileensi
1552 1848 1728 1891 editione
1745 1863 1858 1906 prae-

367 1916 520 1969 beatur,
562 1916 663 1958 falso
694 1924 784 1973 post
814 1918 981 1959 verbum
1012 1918 1103 1959 orbi
1132 1918 1250 1972 (385)
1286 1918 1338 1959 ab
1367 1917 1588 1959 editoribus
1618 1916 1713 1973 poni
1743 1916 1857 1970 solet,

366 1983 500 2024 deleta
538 1984 594 2025 sie
631 1984 895 2041 interpretor:
937 2000 1017 2027 uno
1050 1986 1090 2027 in
1125 1994 1231 2027 astro
1259 1986 1451 2042 Augusto
1487 1985 1703 2026 vincuntur
1738 1983 1858 2026 alieni

366 2051 466 2092 caeli
496 2052 641 2105 sidera,
682 2053 776 2109 quia
813 2053 924 2094 sidus
954 2060 1091 2096 nostro
1131 2054 1218 2096 orbi
1258 2053 1428 2109 contigit
1455 2051 1607 2095 Caesar
1632 2053 1857 2107 Augustus,

366 2120 506 2174 Igitur,
531 2120 563 2160 si
594 2120 690 2176 quid
719 2121 805 2162 sani
836 2121 1020 2174 vidimus,
1051 2121 1262 2164 verbulum
1294 2121 1405 2177 quod
1432 2120 1473 2161 in
1504 2136 1541 2164 V.
1573 2119 1656 2163 385
1684 2133 1765 2161 non
1795 2128 1859 2161 est

366 2202 603 2243 pronomen,
644 2188 715 2230 sed
755 2188 995 2242 coniunctio,
1037 2203 1159 2245 quam
1188 2194 1333 2230 vocant
1359 2186 1626 2243 grammatici.
1685 2186 1858 2228 Astrum

365 2262 500 2297 autem
532 2257 768 2310 Augustum
798 2256 903 2299 idem
945 2271 1031 2298 esse
1069 2263 1192 2313 atque
1221 2256 1332 2297 sidus
1373 2256 1536 2307 Iulium,
1579 2261 1622 2296 ut
1661 2254 1858 2296 universis

366 2323 527 2379 placere
556 2324 727 2377 videtur,
760 2339 837 2380 ego
865 2326 1116 2380 negaverim,
1157 2324 1289 2381 potius
1317 2324 1529 2378 Augustus
1557 2323 1642 2380 ipse
1672 2321 1858 2379 quamvis

367 2390 482 2432 vivus
506 2391 626 2433 sidus
657 2393 783 2434 faetus
821 2398 892 2435 est.
907 2392 940 2447 3)
999 2392 1155 2435 Eodem
1197 2392 1306 2434 enim
1336 2397 1519 2448 tempore
1548 2390 1589 2432 in
1621 2390 1737 2434 terris
1768 2404 1857 2433 ver-

504 2546 534 2590 1)
561 2549 614 2581 De
639 2549 671 2580 vi
697 2548 963 2591 praepositionis
987 2548 1032 2580 in
1055 2549 1093 2581 in
1116 2559 1147 2581 v.
1171 2549 1187 2580 I
1204 2550 1271 2581 384
1296 2547 1384 2591 (uno
1408 2547 1591 2581 vincuntur
1607 2547 1645 2581 in
1661 2545 1771 2591 astro)
1787 2547 1857 2581 vid.

365 2605 411 2637 Μ.
426 2605 571 2637 Bechert
585 2615 625 2637 zu
640 2605 814 2638 Manilius'
828 2605 1054 2638 astronomica.
1065 2606 1099 2637 in
1113 2605 1282 2638 Fleckeis.
1296 2606 1355 2640 Jb.
1370 2606 1393 2638 f.
1403 2605 1451 2641 kl.
1466 2604 1557 2640 Phil.
1575 2605 1672 2647 1879,
1685 2615 1719 2647 p.
1731 2605 1797 2638 798
1805 2615 1856 2647 sq.

499 2660 532 2703 2)
559 2661 725 2697 Fleckeis.
749 2662 805 2694 Jb.
832 2662 927 2694 1889.
950 2665 1031 2694 tom.
1058 2663 1121 2694 139
1145 2673 1177 2704 p.
1205 2663 1278 2694 195.

499 2716 533 2759 3)
559 2718 600 2750 of.
625 2718 702 2750 Val.
726 2718 820 2749 Max.
853 2718 871 2749 I
895 2718 1013 2760 praef„
1055 2718 1117 2759 qui
1149 2718 1325 2751 Tiberium
1356 2718 1537 2761 alloquens
1569 2718 1736 2752 discernit
1765 2717 1856 2750 inter

365 2778 548 2815 paternum
571 2778 605 2806 et
630 2775 759 2806 avitum
783 2773 889 2815 sidus,
923 2783 998 2806 cum
1023 2773 1122 2807 dicit:
1158 2779 1271 2807 cetera
1295 2774 1459 2807 divinitas
1483 2773 1650 2816 opinione
1673 2774 1854 2818 colligitur,

365 2831 441 2866 'rua
463 2830 638 2876 praesenti
661 2830 727 2863 fide
751 2835 896 2874 paterno
920 2831 1078 2875 avitoque
1101 2831 1212 2864 sidere
1236 2842 1298 2875 par
1322 2831 1469 2866 videtur.
