1910 3250
902 295 1178 334 -50-

314 423 356 450 re
384 423 432 449 ne
458 411 533 449 hoc
562 411 719 459 quidem
746 423 819 450 nos
846 413 966 451 habet
994 413 1247 464 admirantes,
1280 414 1384 463 quod
1410 417 1543 464 poeta,
1571 426 1658 453 cum
1685 426 1753 467 no-

314 479 459 517 minum
487 478 643 526 quidem
672 483 923 517 externorum
948 502 997 507 -—
1033 481 1067 518 si
1096 481 1211 519 modo
1240 482 1395 520 librarii
1423 486 1528 520 recte
1557 482 1755 520 tradidere

313 567 362 573 —
396 550 580 583 externas
608 547 753 585 formas
781 548 938 597 saepius
966 561 1114 598 ponere
1143 562 1222 587 non
1250 550 1418 599 dubitet,
1454 550 1560 599 quod
1588 553 1756 600 apparet

313 625 361 650 ex
388 613 420 661 I,
448 614 534 660 268,
562 616 645 662 774,
674 613 748 662 IV,
776 617 860 663 764,
888 617 973 664 801,
1001 619 1088 663 804,
1113 616 1163 654 ad
1191 617 1470 666 significandas
1499 621 1628 656 tamen
1656 617 1755 656 artis

312 680 578 729 astrologicae
607 682 791 720 notiones
819 683 940 720 verba
967 696 990 721 a
1008 682 1171 722 Graecis
1200 685 1249 722 ad
1276 685 1352 722 hoc
1379 685 1540 723 inventa
1562 697 1755 734 usurpare

312 752 480 786 veretur.
535 747 651 786 Hanc
687 749 790 787 enim
827 750 953 799 ipsam
981 751 1270 790 dubitationem
1298 753 1459 791 allatam
1485 753 1660 790 voluisse
1688 752 1756 790 Ti-

311 815 463 852 berium
497 816 573 853 iam
608 817 864 864 cognovimus
900 830 919 855 e
949 817 1154 856 Suetonio.
1207 818 1311 856 Nam
1348 819 1442 867 quid
1476 819 1658 868 pluribus
1691 818 1756 858 vel

311 893 381 930 per
408 883 598 920 ambitum
624 883 835 922 verborum
863 885 1072 923 enunciare
1101 886 1235 935 potuit
1261 886 1329 924 ille
1357 887 1435 923 nisi
1463 898 1528 924 eas
1555 897 1630 934 res,
1659 897 1755 934 quas

313 950 380 996 qui
417 950 534 998 primi
568 949 672 988 inter
701 949 874 989 Graecos
908 953 1135 990 tractabant
1168 953 1417 1002 paucissimis
1452 953 1564 990 sonis
1591 952 1755 990 denota-

310 1017 476 1056 verant?
517 1017 597 1055 Vel
622 1017 695 1055 hac
722 1018 847 1067 igitur
874 1023 987 1068 parte
1015 1020 1206 1058 Manilius
1235 1021 1476 1059 satisfecisse
1502 1019 1660 1059 videtur
1686 1031 1754 1058 vo—

311 1084 458 1122 luntati
476 1084 653 1126 Tiberii.

414 1152 469 1190 Et
497 1153 683 1201 quoniam
710 1164 833 1201 usque
862 1164 1016 1201 quaque
1040 1153 1095 1191 ad
1113 1153 1229 1191 huius
1248 1153 1437 1192 iudicium
1456 1154 1572 1192 stilus
1594 1166 1617 1192 a
1634 1158 1755 1206 poeta

310 1219 480 1268 ducitur,
510 1231 589 1258 non
615 1224 774 1269 praeter
801 1221 862 1257 ius
890 1232 976 1258 eum
999 1221 1076 1258 iam
1095 1221 1352 1270 adiungemus
1372 1221 1421 1258 iis
1440 1222 1572 1269 poetis
1592 1221 1753 1270 socium,

313 1299 478 1335 quorum
505 1286 546 1324 in
574 1300 735 1326 numero
764 1288 886 1326 fuisse
914 1287 1200 1336 Germanicum,
1226 1289 1419 1338 principis
1447 1289 1582 1338 filium,
1609 1291 1649 1326 et
1674 1288 1754 1326 for-

311 1359 416 1392 tasse
452 1355 570 1393 etiam
597 1355 811 1404 Pedonem,
847 1367 959 1404 quem
993 1356 1034 1393 in
1068 1357 1196 1406 elegia
1224 1357 1390 1405 quadam
1418 1368 1466 1394 ex
1492 1355 1626 1394 Ponto
1661 1355 1754 1407 (IV,

314 1426 372 1472 16,
403 1423 443 1471 4)
466 1422 670 1461 Sidereum
691 1427 808 1462 vocat
829 1422 1010 1472 Ovidius,
1039 1428 1207 1471 constat,
1234 1436 1360 1477 neque
1388 1424 1492 1462 idem
1520 1424 1597 1462 erit
1625 1435 1752 1473 segre-

310 1491 464 1539 gandus
492 1491 541 1528 ab
570 1491 619 1528 iis
641 1490 793 1528 Tiberii
821 1491 1066 1539 aequalibus,
1093 1491 1197 1528 inter
1226 1503 1323 1539 quos
1347 1491 1488 1540 ingens
1507 1494 1754 1529 vetustorum

311 1562 351 1595 et
386 1558 659 1596 obsoletorum
692 1558 902 1595 verborum
937 1557 1109 1595 studium
1143 1558 1315 1595 eluxisse
1343 1557 1558 1596 Suetonius
1591 1569 1753 1596 comme-

311 1627 451 1675 morat,
491 1636 617 1673 neque
650 1625 699 1662 ab
735 1637 780 1662 ea
815 1625 923 1661 illius
959 1625 1148 1673 temporis
1183 1625 1383 1662 hominum
1418 1625 1604 1675 factione,
1639 1635 1755 1674 quam

313 1692 481 1730 Ovidius
509 1693 759 1731 existimante
787 1692 982 1730 Merkelio
1011 1692 1052 1729 in
1081 1692 1282 1730 Tristibus
1318 1692 1386 1741 (V,
1420 1694 1455 1741 3,
1483 1680 1551 1742 555
1584 1692 1754 1730 strictim

310 1760 476 1810 attingit
499 1761 575 1798 hoc
601 1760 792 1798 disticho:

512 1832 572 1876 „Si
598 1835 757 1868 veterum
782 1833 887 1877 digne
910 1843 1060 1868 veneror
1083 1833 1190 1877 (cum)
1216 1822 1353 1878 scripta
1376 1834 1540 1877 virorum,

645 1888 814 1925 Proxima
837 1900 909 1924 non
932 1889 1002 1924 illis
1026 1899 1105 1924 esse
1130 1890 1267 1924 minora
1290 1891 1409 1925 rcor“.'

413 1963 480 2002 Sic
508 1963 541 2000 si
570 1967 677 2001 recta
704 1963 743 2000 in
772 1963 1049 2001 ratiocinando
1078 1963 1282 2012 progressi
1311 1974 1454 2011 sumuS,
1488 1963 1752 2003 Manilianum

310 2031 468 2070 dicendi
502 2043 639 2081 genus,
676 2031 824 2080 quippe
861 2031 967 2079 quod
995 2031 1044 2068 ab
1075 2030 1287 2068 Octaviani
1314 2031 1605 2080 approbatione
1632 2031 1751 2080 plane

310 2101 535 2148 abhorreat,
563 2104 604 2138 et
630 2099 759 2148 ipsum
787 2103 1059 2149 argumentum
1087 2102 1159 2147 est,
1190 2110 1267 2147 quo
1286 2098 1597 2136 Astronomicon
1617 2101 1751 2136 aucto-

310 2180 390 2206 rem
418 2170 608 2216 regnante
637 2167 800 2205 Tiberio
831 2166 1034 2205 exstitisse
1065 2166 1246 2204 omnibus
1274 2166 1590 2215 persuadeamus.

410 2236 494 2273 Iam
525 2236 676 2285 pariter
709 2247 852 2284 magno
888 2235 977 2272 usui
1012 2235 1096 2272 fore
1123 2237 1222 2283 puto
1251 2234 1359 2272 aliud
1387 2245 1407 2271 e
1435 2245 1478 2270 re
1504 2233 1668 2271 metrica
1693 2244 1750 2272 re-

310 2302 491 2352 petitum,
520 2303 561 2340 in
591 2315 668 2351 qua
696 2306 808 2341 tanta
836 2315 929 2341 sane
956 2303 1024 2340 ille
1052 2304 1231 2340 versatus
1258 2304 1319 2340 est
1336 2304 1432 2348 arte,
1461 2303 1609 2349 quanta
1626 2301 1752 2340 maior

313 2369 459 2408 Ovidio
500 2370 589 2419 ipso
631 2382 711 2408 non
751 2373 916 2419 excepto
959 2369 999 2406 in
1035 2369 1272 2406 Latinorum
1314 2369 1551 2417 scriptorum
1590 2371 1750 2407 numero
1799 2379 1805 2385 ·

310 2437 415 2486 apud
455 2438 648 2476 neminem
689 2439 900 2487 spectatur.
965 2436 1087 2474 Cuius
1128 2435 1375 2473 existimator
1416 2438 1554 2474 nostra
1594 2436 1750 2484 quidem

310 2507 440 2543 aetate
473 2504 751 2554 peritissimus,
788 2503 990 2541 Lucianus
1024 2501 1246 2551 Mueller³)‚
1283 2503 1389 2550 quod
1424 2506 1576 2541 eeteros
1609 2506 1750 2552 poetas

310 2582 491 2610 versuum
518 2572 718 2622 elegantia
742 2583 868 2621 paene
897 2572 1135 2620 superasset,
1163 2569 1334 2607 Manilio
1354 2571 1524 2620 palmam
1541 2571 1750 2610 decernere

310 2648 390 2676 non
430 2639 631 2678 dubitavit
669 2639 907 2689 graviusque
944 2636 1141 2686 quondam
1175 2637 1354 2676 invectus
1389 2642 1449 2676 est
1482 2638 1522 2676 in
1548 2637 1750 2686 ssJacobum

396 2780 424 2828 a)
450 2781 504 2816 De
529 2792 567 2816 re
592 2783 692 2818 metr.
718 2791 753 2826 p.
778 2780 832 2823 52,
856 2780 932 2822 216,
957 2781 1033 2824 221,
1059 2780 1135 2824 317,
1160 2780 1235 2824 320,
1260 2780 1324 2814 324
1350 2778 1393 2816 al.
