1910 3250
739 237 1021 284 ..21-

666 366 756 411 iam
786 364 893 412 bella
925 367 1151 427 quiescant,

351 437 491 495 Atque
522 437 790 482 adamanteis
817 440 1036 483 discordia
1064 441 1206 482 vincta
1235 439 1392 481 catenis

352 509 559 551 Aeternos
587 508 738 551 habeat
765 509 924 564 frenos
959 511 1007 552 in
1037 523 1204 552 carcere
1231 510 1392 552 clausa.
1453 507 1526 563 (cf.
1558 507 1644 552 Ov.

115 576 196 636 Ep.
225 591 278 620 ex
309 576 356 622 P.
389 577 477 631 12,
513 577 630 630 126).
691 578 836 635 Itaque
867 594 959 621 cum
1001 578 1082 620 iam
1123 594 1160 623 a.
1192 594 1228 622 a.
1262 576 1364 623 Chr.
1397 593 1438 623 n.
1470 578 1524 620 29
1555 577 1646 620 Au·

114 653 260 704 gustus
287 646 375 689 Iani
415 646 559 704 templi
590 653 730 704 portas
758 647 981 702 clausisset,
1011 663 1093 705 qua
1125 663 1170 690 re
1201 648 1350 690 factam
1379 662 1468 690 esse
1498 661 1644 705 pacem

115 716 380 774 significaret,
412 731 570 774 perque
601 722 733 760 totum
765 732 898 775 paene
940 717 1027 760 eius
1066 717 1287 775 imperium
1321 732 1346 759 a
1373 716 1505 775 poetis
1533 716 1645 774 pacis

113 785 258 829 laudes
287 786 666 843 pronuntiarentur,
704 802 778 829 cur
818 793 911 844 post
950 803 986 831 a.
1019 787 1044 830 9
1084 787 1259 830 candem
1299 801 1443 844 pacem
1474 786 1646 829 laudare

114 854 286 899 Manilio
314 870 396 898 non
427 855 601 911 licuerit,
634 871 713 913 ego
742 872 823 899 non
846 856 1058 913 intellego,
1121 858 1253 899 Immo
1285 872 1378 899 cum
1401 856 1525 899 ctiam
1556 861 1645 898 tum

114 924 224 968 bella
273 925 509 982 quieverint
563 932 727 982 praeter
778 925 1074 969 Germanicum
1125 932 1293 983 totaque
1338 925 1459 968 ltalia
1505 931 1644 968 tantae

113 993 226 1053 pacis
254 994 397 1038 favore
416 994 560 1051 gavisa
584 995 648 1049 sit,
676 1001 720 1037 ut
744 1002 890 1052 poetae
914 995 1027 1037 nulla
1048 1010 1094 1038 re
1116 995 1435 1051 prohiberentur
1463 994 1645 1036 carmina

113 1063 306 1118 scribere,
339 1064 444 1107 bene
474 1079 563 1108 rem
590 1079 635 1109 se
663 1065 817 1108 habere
846 1071 1001 1122 putem,
1034 1065 1146 1122 quod
1168 1064 1363 1107 Manilius
1392 1064 1583 1106 laudibus
1605 1069 1646 1107 et

113 1134 356 1190 Augustum
397 1139 439 1176 et
478 1149 622 1191 pacem
662 1134 837 1177 efferens
880 1134 1042 1176 initium
1086 1134 1262 1177 canendi
1301 1133 1399 1176 facit
1435 1140 1560 1191 atque
1591 1132 1644 1176 de

114 1202 270 1246 eisdem
298 1202 458 1246 locutus
487 1203 561 1246 toti
591 1203 697 1247 libro
718 1204 844 1247 finem
876 1204 1085 1261 imposuit,
1119 1219 1202 1260 qua
1227 1218 1272 1246 re
1293 1204 1494 1260 optimum
1517 1217 1644 1260 quen-

115 1271 211 1315 dam
255 1271 465 1314 cumulum
510 1273 546 1316 ei
597 1274 795 1317 accedere
839 1273 1004 1319 sentias.
1075 1272 1274 1317 Ceterum
1324 1273 1412 1330 ipse
1454 1270 1645 1315 Tiberius

113 1340 356 1398 Augustum
385 1342 575 1387 stabilem
605 1343 857 1401 reipublicae
887 1343 1061 1386 salutem
1092 1343 1304 1401 peperisse
1334 1342 1376 1385 in
1406 1341 1644 1385 laudatione

114 1409 225 1455 dicit.
242 1410 276 1464 ¹)

254 1479 378 1533 Quod
419 1488 556 1525 autem
590 1499 630 1527 ν.
661 1482 683 1525 Ι
713 1482 887 1526 40-42
926 1482 978 1524 ad
1009 1482 1224 1526 Tiberium
1266 1488 1456 1539 spectare
1496 1480 1644 1524 Freier

114 1549 257 1604 voluit,
292 1550 403 1594 idem
433 1552 588 1595 sentire
625 1567 708 1596 non
740 1568 930 1610 possum:
974 1567 1109 1609 neque
1141 1552 1252 1595 enim
1284 1551 1411 1593 ullam
1440 1550 1494 1593 ad
1526 1564 1644 1608 prae-

114 1634 209 1662 sens
238 1635 415 1677 regnum
459 1621 547 1665 sive
577 1622 762 1678 Augusti
802 1622 890 1665 sive
928 1622 1084 1664 Tiberii
1122 1611 1371 1663 allusionem
1409 1620 1645 1677 perspicere

113 1688 246 1734 valeo.
317 1689 457 1733 Torsit
491 1691 573 1744 ille,
622 1691 663 1733 ni
705 1691 839 1744 fallor,
887 1693 1051 1748 reqales
1094 1693 1271 1743 animos,
1315 1689 1464 1747 quibus
1507 1688 1644 1731 verbis

113 1757 215 1800 nihil
247 1759 415 1803 omnino
445 1760 522 1802 nisi
563 1759 871 1804 Chaldaeorum
908 1760 1215 1818 antiquissimos
1257 1774 1379 1816 reges
1420 1758 1643 1814 significari

113 1827 215 1870 mihi
244 1835 307 1872 est
334 1829 700 1874 evidentissimum.
762 1830 913 1888 Neque
941 1831 1055 1887 {iusto
1087 1831 1178 1872 iure
1207 1845 1255 1872 ea
1286 1844 1332 1872 re
1363 1827 1643 1871 commendari

112 1897 290 1942 alterum
310 1898 602 1956 imperatorem
631 1899 828 1943 iudicavit
845 1899 1002 1954 Freier,
1036 1900 1147 1957 quod
1176 1898 1427 1955 astrologiae
1458 1897 1644 1940 curiosus

113 1973 156 2010 et
193 1967 350 2026 peritus
387 1968 602 2022 fuisset22)
640 1970 719 2012 hoc
758 1976 1050 2025 argumentum
1089 1975 1201 2012 recte
1223 1963 1436 2012 'refutavit
1476 1967 1644 2010 Lanson

112 2037 197 2083 ].1.
227 2053 268 2096 p.
313 2037 378 2083 15.
451 2038 644 2096 Denique
682 2039 735 2082 ad
777 2055 895 2082 suam
934 2039 986 2082 de
1025 2039 1194 2082 Tiberio
1236 2038 1427 2081 carminis
1469 2043 1644 2094 patrono

113 2107 358 2151 sententiam
386 2108 674 2151 stabiliendam
706 2109 918 2152 Fortunae
949 2109 1118 2163 cultum,
1151 2108 1285 2166 qualis
1316 2107 1387 2150 illo
1413 2107 1644 2164 imperante

113 2176 266 2232 fuisset,
298 2177 414 2221 nullo
437 2178 527 2221 iure
553 2179 687 2236 potuit
710 2194 918 2222 arcessere
942 2178 1087 2222 Freier
1104 2181 1165 2235 (p,
1195 2179 1245 2221 16
1268 2183 1310 2220 et
1338 2179 1426 2230 17),
1460 2176 1644 2234 quando-

113 2245 279 2303 quidem
310 2246 392 2290 iam
418 2247 711 2305 antiquissimis
729 2248 982 2305 temporibus
1014 2248 1110 2290 huic
1139 2247 1242 2290 deae
1274 2247 1430 2289 cultum
1458 2262 1540 2289 non
1573 2246 1643 2288 de—

113 2315 238 2359 fuisse
265 2316 333 2359 vel
372 2316 470 2359 inde
509 2316 772 2359 manifestum
808 2317 867 2370 fit,
907 2316 1018 2375 quod
1060 2316 1142 2359 duo
1174 2316 1211 2359 ei
1242 2316 1400 2374 templa
1430 2332 1455 2358 a
1491 2315 1642 2360 Servio

113 2385 328 2429 aedificata
354 2400 443 2429 esse
470 2387 767 2441 credebantur;
803 2394 1004 2444 erantque
1037 2387 1253 2444 complura
1283 2386 1399 2444 quasi
1430 2386 1644 2429 Fortunae

113 2469 279 2512 genera,
310 2470 416 2513 quae
431 2462 504 2498 aut
524 2456 689 2514 publice
711 2464 783 2499 aut
813 2457 1008 2514 privatim
1031 2457 1344 2510 invocabantur,
1376 2463 1503 2513 atque
1533 2456 1644 2498 hunc

114 2524 283 2580 cultum,
321 2540 413 2568 cum
446 2541 529 2569 non
559 2527 694 2569 minus
725 2528 802 2570 sub
842 2527 977 2585 primo
1009 2542 1135 2585 quam
1165 2527 1242 2569 sub
1273 2526 1404 2570 altero
1436 2526 1643 2568 Romano-

114 2609 206 2638 rum
235 2594 485 2653 imperatore
515 2610 609 2640 eum
635 2596 824 2640 floruisse
855 2604 1014 2640 certum
1053 2597 1118 2651 sit,
1160 2597 1202 2639 id
1233 2596 1345 2654 quod
1378 2596 1467 2654 ipse
1497 2594 1645 2638 Freier

252 2734 284 2778 ¹]
308 2736 379 2770 Dio
405 2736 499 2770 Cass.
525 2736 606 2768 LVI
631 2735 676 2771 36
701 2735 742 2770 τὸ
772 2734 890 2770 κοινὸν
915 2734 1065 2781 ἆκριβιῦς
1090 2737 1202 2770 ἔσωσε.

251 2791 284 2836 2]
310 2793 455 2827 Prorsus
479 2793 583 2826 aliter
605 2794 774 2826 iudicavit-
790 2793 998 2832 Teuffelius‚
1025 2794 1084 2836 qui
1109 2793 1362 2835 astrologorum
1387 2796 1499 2824 artem
1525 2793 1561 2824 in
1588 2792 1641 2824 IV

115 2848 270 2883 editione
291 2851 354 2884 sub
372 2850 514 2884 Tiberio
539 2856 665 2893 poetae
686 2851 917 2894 periculosam
933 2851 1039 2883 fuisse
1052 2854 1167 2893 putat:
1186 2849 1376 2891 vielleieht,
1397 2849 1475 2882 dass
1494 2849 1552 2882 die
1571 2850 1639 2883 Ge-

114 2905 340 2944 ffirliehkeit
362 2908 424 2942 der
448 2909 644 2952 Astrologie
670 2912 772 2942 unter
790 2909 952 2945 Tiberius
978 2918 1045 2942 von
1072 2907 1132 2942 der
1150 2908 1378 2953 Vollendung
1403 2907 1644 2941 abschreckte·
