1942 3308
862 228 1142 271 -52ss

256 353 408 398 Lucani
439 352 583 406 locum,
617 353 684 409 qui
713 358 845 394 exstat-
864 353 941 393 VII
961 352 1057 405 457,
1088 358 1265 394 nostram
1294 352 1344 394 ad
1376 352 1572 395 rationem
1602 354 1741 396 utilem

256 431 296 465 ct
325 422 682 473 accommodatum,
715 420 782 461 ubi
810 435 888 461 non
917 419 967 461 de
992 418 1167 462 Caesare
1193 420 1278 462 solo
1302 420 1372 462 ille
1402 421 1618 476 cogitabat,
1652 436 1741 464 cum

255 492 311 532 sic
340 491 551 531 scriberet:

458 568 561 608 bella
586 580 716 621 pares
746 568 908 621 superis
924 567 1092 620 facient
1123 567 1262 607 civilia
1294 567 1431 608 diros:

458 634 722 676 Fulminibus
749 648 891 675 manes
921 635 1137 690 radiisque
1168 634 1332 676 <mabit
1362 640 1397 675 et
1428 636 1553 675 astris

458 704 588 758 Inque
615 703 733 742 deum
764 703 925 756 templis
956 703 1112 744 iurabit
1138 702 1270 743 Roma
1293 716 1375 756 per
1401 701 1579 743 umbras.
1593 700 1622 754 1)

258 784 396 837 Atque
424 781 530 836 quod
560 779 806 836 Capricorno
838 795 1022 822 nummos
1057 780 1274 835 signandos
1301 780 1454 821 curavit
1484 779 1742 832 Octavianus,

257 850 308 891 ad
344 849 456 890 illam
496 847 738 903 opinionem,
784 848 834 888 de
875 863 955 903 qua
995 848 1239 899 disserimus,
1280 855 1320 889 et
1359 846 1676 888 confirmandam
1706 853 1746 888 et

258 915 563 973 propagandam
593 914 775 956 nonnihil
806 914 845 954 id
873 915 1087 956 contulisse
1111 914 1350 970 putaverim.
1401 915 1484 955 Iam
1514 913 1744 966 Suetonius,

258 999 348 1025 cum
387 984 438 1024 de
479 982 643 1023 Nerone
686 982 792 1035 agit,
835 989 1059 1022 memoratu
1100 982 1267 1036 dignum
1308 989 1443 1022 censet
1484 981 1655 1022 Romam
1697 995 1745 1022 eo

258 1066 390 1103 curru,
413 1065 492 1105 quo
519 1049 732 1104 Augustus
755 1049 1052 1105 triumphasset,
1085 1049 1379 1104 ingredientem
1403 1055 1514 1090 veste
1545 1063 1747 1104 purpurea

259 1119 523 1173 distinctaque
551 1117 682 1158 stellis
709 1119 853 1157 aureis
879 1116 1049 1157 clamide
1086 1131 1178 1157 eum
1207 1123 1392 1158 ornatum
1422 1117 1543 1158 fuisse
1572 1118 1624 1168 (c.
1657 1116 1745 1168 25).

259 1185 372 1227 Haec.
410 1185 560 1240 legenti
600 1185 641 1225 in
681 1185 916 1226 memoriam
961 1184 1071 1225 venit-
1110 1198 1248 1225 earum
1287 1183 1523 1238 figurarum,
1564 1197 1669 1239 quae
1707 1183 1747 1223 in

260 1254 423 1295 thorace
449 1253 557 1293 illius
580 1259 736 1293 statuae
758 1252 934 1306 Augusti
964 1251 1140 1292 caelatae
1161 1258 1266 1302 sunt,
1295 1266 1398 1306 quae
1419 1250 1580 1292 Primae
1602 1251 1748 1292 Portae

260 1327 419 1377 reperta
450 1327 525 1362 est:
570 1320 774 1361 invenitur
812 1320 864 1360 ibi
905 1319 1053 1361 Caelus
1095 1319 1205 1371 deus,
1250 1319 1454 1359 invenitur
1494 1318 1614 1359 etiam
1654 1316 1747 1370 Sol3

261 1389 310 1432 cf.
349 1388 604 1429 Buumeister
640 1387 818 1429 Denkm.
860 1387 898 1427 d.
938 1387 994 1429 kl.
1037 1387 1123 1429 Alt.
1164 1394 1190 1429 t.
1227 1386 1246 1426 I
1287 1401 1323 1441 p.
1365 1385 1459 1428 228.
1519 1386 1564 1426 In
1605 1385 1748 1427 eodem

259 1470 412 1513 genere
443 1455 674 1512 ponendum
704 1455 889 1507 arbitror,
922 1454 1030 1509 quod
1059 1453 1106 1497 C.
1136 1454 1290 1495 Plinius
1314 1452 1513 1495 Caecilius
1535 1452 1748 1495 Secundus

260 1526 300 1566 in
340 1523 575 1580 panegyrici
616 1522 792 1564 Traiano
830 1522 1060 1577 imperatori
1097 1521 1190 1562 dieti
1231 1535 1264 1564 c.
1304 1520 1360 1563 80
1391 1521 1490 1562 haec
1519 1520 1661 1562 habet:
1726 1534 1748 1561 o

264 1607 380 1634 veras
412 1593 628 1647 principis
667 1595 788 1646 atque
830 1592 950 1631 etiam
990 1590 1056 1630 dei
1094 1603 1219 1630 curas
1255 1590 1525 1630 reconciliare
1564 1589 1750 1630 aemulas

262 1662 444 1701 civitates
479 1663 750 1713 tumentesque
762 1659 944 1712 populos
964 1672 1047 1699 non
1078 1659 1252 1712 imperio
1280 1659 1413 1711 mayis
1435 1670 1560 1712 quam
1587 1658 1750 1697 ratione

263 1741 518 1782 compescere,
546 1727 796 1767 intercedere
817 1725 1104 1781 iniquitatibus
1125 1726 1447 1779 mayistrataum
1476 1723 1751 1782 infectumque

262 1797 434 1838 reddere
464 1794 671 1850 quidquid
685 1794 791 1847 fier-i
811 1807 892 1834 non
915 1795 1155 1848 oportuerit,
1177 1797 1385 1847 postremo
1415 1791 1752 1832 velocissimi

261 1865 463 1905 sideris
486 1876 597 1903 more
619 1863 759 1903 omnia
782 1863 966 1912 invisere,
998 1863 1137 1902 onmia
1159 1861 1309 1901 audire
1329 1865 1365 1901 et
1388 1859 1663 1914 undecumque
1689 1860 1753 1900 in-

263 1936 451 1974 vocatum
489 1931 628 1971 statim
659 1930 764 1970 relat
800 1943 950 1970 numen
981 1929 1121 1969 adesse
1154 1932 1189 1968 et
1220 1929 1409 1968 assistere
1420 1927 1474 1978 st)
1533 1925 1754 1982 Comparat

263 2000 387 2055 igitur
415 1998 636 2040 Traianum
667 2011 757 2037 cum
788 1996 919 2037 sidere
950 1995 1201 2037 velocissimo
1231 2002 1352 2050 atque
1382 1993 1422 2035 id
1451 1993 1752 2049 quidem,'dum

265 2067 386 2118 vivit3
426 2066 525 2107 haec
565 2064 744 2121 paullulo
786 2070 942 2104 tantum
972 2063 1104 2104 minor
1139 2069 1199 2104 est
1235 2061 1400 2102 audacia
1430 2075 1549 2116 quam
1579 2075 1638 2113 ea,
1672 2075 1754 2116 qua

264 2134 453 2178 Manilius
483 2134 718 2187 Augustum
757 2132 874 2172 sidus
911 2131 1026 2172 dicit:
1067 2131 1136 2172 sed
1168 2131 1232 2171 hic
1273 2136 1333 2171 est
1373 2129 1479 2171 inter
1514 2128 1752 2182 astrologOS,

265 2218 379 2260 quos,
410 2209 454 2242 ut
474 2216 596 2256 supra
623 2199 948 2251 commemoravi,
985 2214 1078 2239 suas
1108 2199 1278 2240 fortasse
1307 2197 1481 2238 rationes
1512 2197 1551 2237 in
1583 2197 1754 2252 impera-

266 2271 362 2312 toris
401 2269 633 2311 adulatione
671 2273 827 2309 secutos
858 2281 945 2308 esse
972 2266 1057 2307 veri
1088 2281 1167 2308 non
1192 2273 1252 2307 est
1278 2265 1483 2307 dissimile.
1516 2262 1636 2314 Quod
1659 2277 1754 2306 vero

266 2338 438 2383 Ovidius
464 2337 585 2379 Trist.
617 2335 657 2375 V
689 2337 753 2388 10,
793 2334 847 2376 45
877 2349 937 2390 sq,
970 2333 1086 2375 dicit:

213 2415 214 2418 ’
383 2405 417 2446 Ο
447 2406 600 2446 duram
631 2403 835 2444 Lachesin
864 2417 969 2458 quae
996 2408 1080 2443 tam
1104 2415 1268 2456 qraee
1296 2401 1452 2442 sidus
1478 2399 1643 2441 habenti

380 2474 479 2515 Fila
509 2473 621 2513 dedit
649 2474 756 2512 vitae
782 2485 863 2512 non
893 2470 1082 2511 breviora
1109 2484 1230 2523 meae,

267 2544 348 2584 no'n
378 2541 515 2596 inepte
545 2538 737 2595 explicari
765 2538 864 2579 haec
893 2538 1028 2590 verba,
1069 2537 1100 2577 si
1137 2536 1299 2578 omnino
1330 2535 1380 2578 de
1411 2534 1596 2577 natalicio
1624 2534 1757 2577 sidere

268 2611 507 2665 interpretes
537 2605 751 2662 accipiunt,
782 2619 934 2660 negare
963 2619 1044 2646 non
1072 2619 1248 2660 possum,
1281 2617 1355 2645 nec
1382 2609 1516 2644 tamen
1546 2602 1667 2644 aliam
1697 2602 1755 2643 in-

407 2711 435 2752 1)
460 2710 501 2742 cf.
525 2719 576 2751 ea,
609 2717 699 2751 quae
722 2707 766 2740 ad
796 2707 888 2739 hunc
912 2706 1021 2739 locum
1048 2706 1227 2738 annotavit
1252 2705 1290 2739 C.
1315 2706 1353 2739 F.
1379 2705 1506 2739 Weber
1530 2705 1611 2737 Luc.
1636 2703 1756 2739 Phars-

269 2769 350 2813 Lps.
378 2769 462 2802 1829
488 2778 521 2812 p.
548 2767 624 2800 211.

405 2826 430 2869 ²)
457 2822 630 2859 Baehrens
655 2821 723 2857 XII
747 2832 871 2867 paneg.
897 2821 973 2856 Lat.
999 2821 1079 2865 Lps.
1108 2821 1192 2858 1874
1218 2831 1250 2867 p.
1276 2820 1328 2854 75.
