1936 3392
822 289 878 330 25

133 444 330 495 tanquam
361 437 428 479 hic
459 437 512 479 ad
544 435 755 478 Tiberium
786 439 991 493 spectaret
1023 438 1141 492 poeta
1173 438 1215 476 et
1247 433 1328 476 alia
1360 434 1563 477 eiusmodi

132 532 264 561 merae
295 520 394 559 sunt
425 531 574 573 nugae.

194 596 256 638 Ex
304 596 442 652 patrui
489 595 598 638 notis
643 594 695 637 ad
727 594 911 637 Terentii
945 593 1248 645 Andriam-II,
1289 595 1307 635 1
1323 626 1336 646 ‚
1373 596 1452 643 20„
1492 593 1562 636 ubi

134 674 234 718 haec
266 674 418 718 habet:
453 673 654 726 „Veteres
686 675 730 716 in
763 673 998 716 nominibus
1021 672 1290 716 substantivis
1313 671 1562 715 exeuntibus

131 755 175 798 in
207 754 271 796 im
301 754 365 798 vel
400 754 480 797 ium
512 769 670 811 semper
702 753 906 809 genitivos
939 767 1054 796 casus
1077 753 1094 794 i
1114 751 1294 809 simplici
1316 751 1560 802 efferebant;

130 849 342 890 nunquam
373 833 548 885 auxilii,
582 833 765 884 consilii,
801 837 898 875 cett.
933 832 1004 875 sed
1026 832 1182 884 mamili,
1206 832 1362 874 consili.
1397 831 1562 873 Primus

131 928 181 956 ex
211 913 346 971 poetis
380 913 452 969 qui
483 912 606 955 hodie
639 915 781 955 extant
813 912 1054 969 Propertius
1087 911 1148 954 bis
1181 911 1247 954 vel
1280 916 1355 963 ter,
1385 910 1561 954 Ovidius

131 993 389 1051 saepissime,
423 997 464 1035 et
495 996 589 1049 post
621 1007 715 1034 eum
747 992 819 1034 alii
852 1006 990 1034 omnes
1023 992 1235 1048 geminum
1266 991 1301 1032 ii
1334 995 1558 1048 usurpant:

130 1072 206 1116 sub
252 1073 437 1129 Augusti
485 1072 645 1115 scilicet
688 1073 937 1114 senescentis
970 1075 1104 1115 aetate
1137 1071 1315 1114 mutatio
1348 1071 1422 1113 illa
1452 1071 1560 1113 facta

131 1149 238 1204 est’',
270 1177 333 1185 —
364 1167 414 1196 ex
450 1151 502 1194 iis
534 1151 643 1194 notis
677 1151 770 1194 dico
802 1150 940 1194 Bentl.
974 1151 1113 1193 iunior
1144 1150 1245 1192 haec
1277 1149 1501 1192 conclusit:
1533 1149 1559 1206 ¹)

194 1231 329 1284 „Cum
361 1232 491 1288 igitur
513 1235 652 1273 noster
672 1230 822 1273 habeat
843 1230 1071 1281 eonsilium,
1095 1229 1292 1272 auxilium
1305 1262 1316 1280 ‚
1340 1229 1559 1282 inqenium,

131 1311 360 1366 imperim,
401 1311 580 1367 pretium
591 1344 604 1363 ‚
649 1310 810 1361 vitium,
842 1309 1110 1364 principium,
1145 1309 1394 1360 connubium,
1429 1309 1560 1351 coniu-

126 1391 236 1444 ,qium
247 1422 259 1444 ‚
291 1391 529 1441 solstitium,
564 1390 738 1446 spatium
750 1423 763 1442 ,
797 1389 1035 1444 hospitium,
1070 1388 1239 1444 officium
1252 1421 1266 1440 ‚
1292 1388 1534 1443 supplicium
1548 1421 1560 1439 ‚

129 1470 326 1522 studium,
360 1471 492 1513 odium
503 1503 515 1522 ‚
548 1470 718 1525 spolium
730 1486 741 1521 ;
777 1483 1002 1524 numquam
1031 1483 1147 1511 vero:
1171 1468 1357 1520 consilii,
1381 1468 1556 1519 auxilii,

131 1553 228 1592 cett.
239 1582 252 1602 ,
275 1549 374 1592 licet
395 1549 540 1592 ceteris
561 1548 720 1591 casibus
743 1548 921 1603 obliquis
943 1548 1178 1604 saepissime
1201 1551 1364 1590 utatur:
1392 1548 1558 1589 omnino

129 1628 456 1672 concludendum
504 1633 566 1671 est
603 1628 722 1671 illum
771 1628 919 1670 vixisse
952 1632 1047 1670 ante
1079 1627 1191 1669 hunc
1224 1626 1442 1669 inductum
1475 1641 1558 1668 mo-

126 1707 255 1750 rem.”
318 1708 398 1750 Per
451 1723 493 1750 se
546 1709 623 1750 hoc
677 1711 966 1763 argumentum
1020 1707 1170 1749 inutile
1218 1710 1304 1758 est,
1344 1722 1462 1759 nam,
1512 1712 1560 1748 ut

128 1798 258 1831 unum
306 1791 470 1830 tantum
519 1803 726 1839 moneam,
776 1788 902 1830 etiam
935 1787 1140 1829 Martialis
1173 1786 1364 1842 religiose
1398 1785 1447 1829 ab
1482 1802 1559 1829 usu

125 1867 400 1923 genitivorum
447 1868 489 1910 in
535 1868 568 1909 ii
601 1867 877 1910 desinentium
909 1867 1134 1918 abstinuit,
1158 1866 1190 1922 ²)
1238 1866 1310 1909 sed
1342 1881 1435 1908 cum
1469 1866 1560 1908 aliis

127 1948 378 2002 argumentis
410 1948 675 2003 conjunctum
707 1962 823 1990 suam
855 1947 980 1990 habet
1011 1948 1109 1990 vim.

188 2024 293 2068 Cum
325 2027 456 2082 igitur
489 2027 538 2068 de
570 2026 739 2069 Manilii
771 2031 905 2069 aetate
938 2031 1098 2069 constet
1130 2042 1224 2069 eum
1257 2027 1440 2068 floruisse
1474 2029 1558 2068 Au-

125 2106 238 2161 gusti
269 2121 396 2161 regno
430 2113 605 2149 exeunte
639 2107 694 2162 (et
720 2106 875 2149 Tiberii
897 2107 1066 2148 ineunte
1089 2107 1295 2162 fortasse),
1319 2105 1403 2148 fere
1421 2106 1557 2148 omnia

125 2184 175 2226 de
208 2199 256 2226 eo
290 2184 491 2237 diximus,
527 2200 631 2240 quae
663 2186 904 2241 investigari
937 2190 1123 2241 possunt.
1175 2185 1283 2227 Nam
1316 2200 1421 2240 quae
1444 2200 1556 2242 prae-

123 2268 234 2306 terea
282 2263 332 2306 de
380 2279 427 2306 eo
476 2269 692 2307 narrantur
723 2266 860 2308 omnia
893 2269 1003 2307 certo
1035 2264 1255 2320 stabilique
1287 2264 1556 2307 fundamento

124 2347 276 2386 carent.
341 2343 430 2386 Iam
477 2344 574 2386 inde
622 2360 645 2387 a
693 2346 844 2387 renatis
893 2345 1044 2387 litteris
1093 2345 1215 2387 multi
1247 2344 1379 2386 nostri
1410 2347 1555 2400 poetae

124 2437 273 2465 nomen
309 2423 353 2464 in
387 2424 568 2479 antiquis
601 2423 867 2480 scriptoribus
906 2425 1209 2479 quaesiverunt.
1271 2422 1396 2477 Quod
1417 2410 1554 2465 tamen

122 2502 272 2544 frustra
304 2517 396 2545 cum
431 2504 630 2555 facerent,
666 2505 757 2554 eius
786 2519 934 2546 nomen
957 2505 1000 2546 in
1024 2504 1183 2546 codices
1206 2503 1405 2559 quosdam
1427 2502 1555 2545 Plinii

122 2580 314 2623 intulisse
357 2582 564 2624 videntur.
631 2583 832 2625 Narratur
867 2584 976 2625 enim
1009 2584 1051 2626 in
1085 2584 1165 2625 fine
1199 2582 1394 2625 editionis
1427 2582 1554 2625 Basil.

122 2662 274 2716 (1533)
324 2665 446 2716 atque
494 2662 604 2704 idem
642 2663 722 2705 iam
754 2664 794 2705 in
831 2663 931 2705 Cod.
965 2663 1245 2705 Laurentiano
1279 2662 1441 2704 saeculo
1474 2661 1554 2703 XV

122 2740 272 2796 scripto
295 2739 348 2793 ³):
399 2741 569 2792 „floruit
600 2742 687 2784 divi
719 2743 900 2799 Augusti
933 2742 1208 2799 temporibus,
1244 2742 1355 2798 quod
1389 2742 1475 2798 ipse
1510 2742 1550 2783 in

167 2851 192 2892 ¹)
242 2855 347 2886 Bentl.
372 2857 422 2887 ed.
446 2859 547 2896 praef.
572 2868 644 2898 pag.
669 2859 759 2890 XIII.

168 2913 195 2953 ²)
243 2915 290 2947 Cf.
312 2917 400 2948 Neue
424 2918 494 2949 Lat.
518 2919 674 2951 Formenl.
699 2918 728 2951 1²
752 2930 825 2960 pag.
850 2921 901 2951 92.

165 2973 192 3014 ³)
239 2977 378 3009 Bechert
401 2988 474 3018 pag.
501 2980 550 3011 13.
