1910 3250
736 244 1018 291 ...25-

114 371 348 435 lorsqu’elle
377 372 506 419 admit
535 389 587 420 en
618 390 693 419 son
735 374 923 420 enceinte
953 372 1057 419 celui
1099 370 1168 432 qui
1200 371 1320 431 apres
1348 369 1478 417 Cesar
1507 375 1570 415 est
1600 365 1641 413 la

113 446 416 489 vraielumiere
438 446 493 488 du
509 445 702 500 monde“,
734 460 870 504 neque
900 444 1188 488 assentientem
1220 458 1286 486 me
1307 443 1432 486 habet
1455 441 1637 494 Lauson,

114 530 209 559 eum
239 531 280 572 p.
313 515 383 560 25.
415 514 534 558 dicit:
575 515 744 569 „Verba
773 515 851 557 sub
882 513 1060 558 Caesare
1089 528 1183 556 cum
1213 513 1341 571 accipi
1370 512 1426 554 ita
1455 515 1639 569 possunt,

113 591 161 628 ut
196 584 388 629 Tiberius
428 584 568 628 lumen
608 584 752 627 mundi
791 599 879 627 esse
910 590 1003 642 post
1033 583 1254 628 Caesarem
1286 582 1530 635 declaretur,
1573 578 1640 621 vel

113 655 190 697 sub
229 654 393 711 fulgore
423 653 626 707 Caesaris,
673 669 755 712 quo
796 669 878 697 non
917 653 1029 696 aliud
1068 653 1199 696 maius
1242 659 1304 695 est
1342 666 1510 705 numen,
1552 655 1640 691 tum

112 722 345 781 siguificare
375 730 546 780 possunt
586 723 625 765 in
659 722 880 768 Caesare.“
943 722 1028 767 Sed
1065 722 1211 779 effugit
1241 721 1473 779 plerosque,
1517 733 1640 777 quam

113 799 202 836 arte
231 793 358 836 verba
394 795 540 850 maqni
568 793 644 836 sub
677 794 858 836 Caesare
888 793 1040 836 mundi
1082 792 1189 835 inter
1230 806 1320 835 sese
1350 805 1508 834 conexa
1536 789 1640 841 sint;

114 861 292 905 mundus
322 868 385 905 est
415 877 591 919 magnus
612 863 689 905 sub
718 862 908 906 Caesaris
931 862 1114 919 Augusti
1142 860 1317 919 imperio
1339 860 1404 903 vel
1427 874 1502 917 per
1523 873 1639 901 eum:

113 932 151 975 is
179 938 241 975 est
269 938 412 974 auctor
442 931 753 988 magnitudinis,
816 932 964 989 Itaque
996 947 1077 974 uno
1108 931 1186 973 hoe
1222 930 1312 973 loco
1343 930 1524 986 aliquam
1557 928 1642 970 lau-

114 1001 211 1045 dem
250 1001 290 1043 in
331 1000 557 1055 Tiberium,
599 1007 645 1043 ut
684 1001 754 1058 qui
796 1001 836 1043 in
869 1001 1052 1058 Augusti
1093 1000 1229 1043 locum
1271 1014 1533 1042 successurus
1575 998 1639 1051 sit,

113 1070 364 1114 cumulatam
385 1071 586 1125 videmus,
620 1086 763 1114 verum
787 1071 1009 1113 maioribus
1029 1070 1218 1112 laudibus
1247 1069 1418 1112 effertur
1448 1082 1643 1126 praesens

118 1140 358 1199 imperator,
390 1140 454 1183 cui
485 1140 622 1184 omnia
656 1141 834 1183 mundus
864 1140 1026 1184 debeat.
1066 1140 1194 1183 Poeta
1231 1139 1426 1197 quoniam
1458 1137 1643 1180 timuisse

113 1224 246 1268 paene
277 1209 454 1264 videtur,
485 1225 536 1253 ne
563 1211 596 1252 si
620 1210 832 1253 Tiberium
855 1210 990 1253 solum
1017 1209 1083 1252 hie
1115 1209 1252 1252 verbis
1285 1209 1464 1262 tolleret,
1495 1207 1643 1263 Augu-

112 1287 221 1323 stum
250 1279 463 1323 offendere
491 1286 641 1338 posset,
674 1280 784 1322 hunc
814 1279 1051 1337 praedicare
1082 1293 1164 1321 non
1197 1278 1397 1335 neglexit.

253 1348 411 1402 Quodsi
442 1356 555 1393 recto
585 1350 666 1393 talo
707 1355 846 1392 nostra
876 1348 1160 1406 interpretatio
1191 1354 1282 1402 stat,
1326 1347 1454 1390 libros
1485 1345 1642 1404 priores

113 1424 310 1476 quattuor
338 1419 433 1462 vivo
455 1419 650 1476 Augusto
681 1425 853 1477 apparet
883 1418 1055 1475 scriptos
1087 1432 1188 1463 esse.
1250 1418 1311 1460 At
1342 1417 1524 1460 nondum
1558 1431 1643 1458 om-

113 1503 187 1532 nes
208 1488 472 1532 difficultates
493 1495 676 1532 remotae
706 1495 813 1533 sunt.
876 1486 1107 1546 Superesse
1135 1488 1244 1531 enim
1266 1488 1389 1541 locos,
1422 1487 1474 1529 de
1495 1486 1643 1543 quibus

114 1558 380 1615 disceptetur,
422 1558 678 1612 videbimus;
719 1557 785 1601 vel
827 1573 908 1600 non
946 1557 1096 1600 desunt
1122 1557 1324 1611 nonnulli,
1365 1556 1514 1614 quibus
1545 1554 1644 1598 levi-

116 1634 183 1672 ter
214 1627 502 1671 tantummodo
533 1627 726 1685 inspectis
757 1633 798 1670 et
825 1626 1011 1669 iudicatis
1042 1626 1097 1681 id,
1130 1626 1239 1684 quod
1272 1626 1396 1669 modo
1426 1626 1644 1683 probatum

116 1697 376 1756 putabamus,
409 1697 569 1740 concuti
601 1703 642 1739 et
662 1696 902 1739 labefactari
923 1696 1055 1739 videri
1081 1696 1221 1753 possit.
1272 1696 1540 1754 Quapropter
1571 1696 1645 1737 hos

116 1765 344 1810 accuratius
383 1767 636 1824 pensitemus
674 1781 840 1810 neeesse
883 1772 965 1808 est:
1006 1765 1047 1807 in
1082 1765 1264 1808 medium
1309 1765 1438 1822 igitur
1479 1764 1646 1808 venient

117 1836 146 1883 l.
177 1837 214 1882 Ι.
245 1853 313 1881 vv,
344 1835 443 1891 899,
474 1837 572 1891 922,
603 1836 701 1890 800,
735 1836 831 1891 385,
865 1836 963 1880 916.

261 1904 441 1949 Corruet
478 1913 617 1949 autem
648 1905 786 1948 statim
823 1905 1026 1948 sententia
1052 1904 1089 1947 F
1091 1904 1211 1948 reieri
1246 1920 1387 1962 pugna
1417 1904 1648 1947 Teutobur-

116 1974 250 2033 giensi
278 1974 418 2032 paullo
458 1990 584 2033 supra
615 1981 937 2018 commemorata
968 1974 1039 2016 vix
1070 1976 1272 2018 invictum
1304 1975 1344 2015 in
1376 1990 1414 2018 ν.
1445 1974 1530 2018 925
1557 1974 1645 2016 Au·

116 2050 285 2102 gustum
313 2044 512 2102 appellari
543 2044 724 2101 potuisse
755 2044 964 2087 arbitrati:
990 2043 1031 2086 id
1062 2045 1170 2087 enim
1194 2043 1308 2087 nullo
1329 2050 1449 2101 pacto
1472 2043 1647 2086 toleran-

117 2113 216 2157 dum
248 2128 338 2157 esse
370 2120 497 2172 atque
533 2113 641 2156 bunc
672 2129 838 2172 quoque
866 2114 1002 2157 locum
1033 2113 1084 2156 ad
1124 2113 1336 2157 Tiberium
1370 2113 1515 2156 melius
1548 2128 1647 2170 qua-

116 2183 251 2228 drare.
314 2182 439 2236 Quod
469 2198 563 2226 cum
591 2183 708 2238 dixit,
739 2185 921 2241 primum
951 2199 1035 2226 non
1064 2184 1272 2242 reputavit
1295 2199 1371 2242 pro
1400 2183 1539 2226 multis
1562 2198 1646 2226 ma-

117 2253 293 2311 gnisque
315 2253 460 2296 ceteris
482 2253 604 2296 rebus
620 2253 672 2295 ab
690 2253 883 2310 Augusto
908 2253 1014 2296 bene
1036 2253 1164 2309 gestis
1183 2268 1264 2295 una
1285 2253 1357 2295 illa
1374 2253 1503 2307 clade,
1522 2268 1646 2310 quam

117 2337 200 2366 non
230 2322 331 2380 ipse,
368 2322 441 2366 sed
471 2322 606 2364 Varus
637 2323 810 2381 accepit,
845 2323 916 2365 vix
947 2322 1103 2365 meritis
1135 2321 1220 2365 eius
1253 2322 1480 2380 quidquam
1512 2322 1646 2376 demi3

117 2390 213 2434 dein
243 2391 496 2435 monendum
528 2406 675 2435 censeo
705 2393 946 2448 Augustum
985 2391 1119 2449 ipsum
1150 2392 1191 2434 in
1220 2391 1354 2435 indice
1383 2407 1522 2435 rerum
1553 2408 1578 2435 a
1603 2407 1648 2435 se

117 2466 328 2518 gestarum
359 2477 526 2519 prorsus
557 2462 609 2506 de
640 2463 717 2505 hac
746 2461 863 2505 clade
894 2468 1043 2506 tacere.
1062 2461 1094 2517 ¹)
1144 2461 1294 2519 Neque
1316 2461 1534 2518 indignum
1567 2463 1647 2504 for-

122 2538 232 2574 tasse
258 2537 320 2574 est
346 2531 457 2588 quod
488 2538 704 2589 reputetur
732 2547 757 2573 a
786 2531 970 2586 Manilio,
1009 2531 1091 2585 ubi,
1134 2531 1246 2588 quod
1276 2547 1342 2574 res
1372 2531 1536 2589 publica
1565 2532 1648 2574 Ro-

118 2615 334 2644 manorum
351 2607 511 2643 versata
529 2616 652 2659 saepe
673 2601 714 2643 in
738 2601 973 2643 discrimine
998 2615 1168 2658 semper
1191 2607 1354 2643 servata
1373 2602 1437 2655 sit,
1469 2602 1646 2644 fatorum

117 2669 278 2712 numini
310 2670 477 2712 ascribit
508 2669 584 2724 (IV
617 2670 673 2713 23
703 2671 784 2727 sq.)
825 2685 874 2712 ac
903 2669 1054 2712 multas
1098 2685 1164 2713 res
1195 2670 1376 2728 trepidas
1406 2677 1447 2714 et
1476 2670 1648 2713 afflictas

118 2745 425 2793 commemorat,
457 2739 617 2782 cladem
647 2739 876 2782 Varianam
904 2739 946 2781 in
978 2754 1026 2783 eo
1057 2753 1214 2796 genere
1245 2739 1348 2782 adeo
1380 2755 1462 2782 non
1490 2739 1646 2793 haberi,

118 2814 177 2864 ut,
209 2808 325 2867 quasi
356 2809 508 2851 nullius
539 2808 734 2866 ponderis
765 2809 830 2864 sit,
873 2809 1042 2852 omnino
1071 2809 1299 2853 omittatur.
1361 2810 1512 2866 Neque
1543 2808 1647 2851 adeo

259 2912 292 2958 ¹]
318 2913 360 2947 ef.
387 2914 580 2948 Mommsen
604 2924 658 2948 res
681 2917 801 2959 gestae
827 2914 898 2947 divi
924 2913 1074 2959 Augusti
1100 2913 1182 2947 edit.
1208 2913 1252 2947 11.
1278 2914 1391 2947 Berol.
1420 2913 1520 2949 1883.
