1936 3392
1574 379 1628 419 27

136 502 356 559 Cytherea]
394 502 578 544 citherea
620 527 675 531 —
720 501 818 542 440.
857 499 1070 554 Phoebus]
1108 498 1273 554 phebus
1318 524 1373 528 —-
1420 497 1629 553 Cyllenie]

133 575 303 619 cillenie
341 599 396 604 —
435 574 534 615 441.
572 572 694 629 regit]
732 573 847 628 regis
885 597 940 602 -—
979 572 1078 613 443.
1112 570 1306 625 Mavorti]
1340 570 1541 612 mavortis
1573 595 1628 600 —

131 646 288 702 haeret]
320 646 441 688 heret
472 670 527 675 —-
559 645 658 687 445.
691 643 845 699 sidera]
877 643 1031 697 sydera
1063 668 1119 673 ——
1151 643 1249 684 448.
1276 642 1409 684 futuri
1434 642 1547 684 inest
1574 667 1628 671 -—

131 719 230 761 449.
260 730 337 774 per
367 715 520 772 stellas]
552 717 634 758 fert
658 715 798 758 stellas
831 741 887 745 —
919 714 1072 770 sidera]
1101 714 1255 768 sydera
1287 739 1340 743 —
1375 713 1531 768 curret]
1559 726 1631 755 cu-

130 792 196 833 rat
226 815 281 821 —
314 789 417 832 Post
446 803 483 830 v.
506 790 569 830 45
573 790 603 830 2
632 802 710 830 scr.
737 802 806 843 pr.
838 802 920 829 mx
954 800 1065 836 QVAE
1089 799 1255 828 MENBRA
1278 799 1453 828 HVMANA
1479 798 1632 834 CVIQVE

131 875 247 906 810Νο
277 874 585 904 A'l'rRIBVANTVR
616 885 671 890 —-
705 861 803 901 453.
836 858 991 914 sidera]
1024 859 1178 912 sydera
1210 883 1265 887 —
1298 859 1396 899 454.
1423 857 1628 912 membra]

130 933 306 976 menbra
337 958 392 964 ——
425 933 522 974 456.
554 931 673 974 Exer
696 936 707 981 ΙΙ
733 935 847 985 cent,
877 931 994 972 inter
1023 945 1046 972 r
1076 934 1116 972 et
1146 943 1169 972 c
1199 944 1294 972 una
1325 930 1404 972 litt.
1437 943 1542 972 eras.
1573 955 1627 959 —

130 1006 229 1048 457.
256 1004 451 1060 Sortitus]
479 1003 660 1046 Sortitur
687 1029 742 1033 ——
770 1002 892 1059 colla]
920 1002 1028 1044 collo
1056 1027 1111 1032 —-
1138 1002 1236 1043 464.
1257 1001 1436 1057 Aquari]
1464 1002 1630 1056 aquarii

132 1103 188 1108 —
213 1077 317 1119 Post
327 1091 365 1119 v.
385 1078 479 1118 465
503 1090 580 1118 ser.
595 1089 664 1131 pr.
683 1090 764 1117 m:
799 1088 1005 1117 SIGNORVM
1030 1087 1268 1116 COMMERTIA.
1302 1099 1358 1104 ——
1391 1074 1490 1115 467.
1517 1086 1630 1115 com-

130 1147 300 1204 mercia]
335 1148 580 1190 commertia
617 1173 672 1177 —
711 1147 809 1189 469.
841 1146 1061 1201 foedusve]
1093 1146 1295 1188 faedusve
1334 1171 1390 1175 —
1430 1146 1527 1187 471.
1560 1145 1630 1186 Id—

131 1219 258 1276 circo]
283 1220 443 1263 Iccirco
476 1245 531 1250 -
564 1232 653 1261 non
677 1218 914 1275 nunquam]
942 1231 1266 1273 nonnumquam
1299 1244 1354 1248 -
1387 1218 1486 1259 474.
1513 1217 1630 1259 Utri-

132 1305 215 1348 que
239 1295 312 1335 aut
335 1291 454 1348 sorti]
480 1291 666 1346 Utrique
692 1292 786 1346 (om.
812 1291 900 1345 aut)
929 1291 1032 1332 sorti
1059 1316 1113 1320 —
1141 1291 1239 1332 478.
1259 1289 1443 1346 foedere]
1463 1290 1630 1332 faedere

133 1389 188 1394 —
219 1365 318 1406 479.
349 1366 522 1419 possent
547 1363 662 1405 inest
693 1389 748 1392 —
783 1363 880 1404 486.
907 1362 1045 1404 Audit
1058 1362 1118 1418 se]
1146 1362 1282 1404 Audit
1306 1363 1343 1404 si
1377 1363 1506 1417 (inest
1529 1376 1625 1404 ver-

130 1450 207 1478 sus
236 1436 289 1478 in
321 1434 387 1490 G.)
426 1461 481 1465 —
514 1436 612 1477 487.
644 1434 838 1476 fraudem
869 1435 1002 1476 nectit
1034 1434 1089 1489 et]
1115 1434 1310 1476 fraudem
1336 1438 1394 1488 et,
1425 1449 1505 1476 om.
1532 1447 1630 1476 nec-

133 1508 201 1563 tit,
231 1508 344 1562 quod
373 1507 425 1548 in
454 1521 588 1562 marg).
619 1506 836 1562 supplevit
860 1520 937 1548 rec.
963 1520 1081 1548 ‘mmm
1110 1505 1168 1562 [β]
1207 1531 1256 1536 --
1291 1506 1350 1548 In
1373 1520 1509 1561 mary.
1535 1506 1624 1560 37ζο-

131 1593 243 1621 nwm
282 1592 303 1632 7
344 1578 551 1634 appinxit
580 1592 650 1634 pr.
689 1592 744 1620 m.
789 1603 845 1608 —
890 1579 989 1620 488.
1027 1572 1271 1634 Fulgentes]
1311 1578 1533 1633 Fulgentis
1573 1603 1626 1607 —

130 1649 284 1706 sidera]
315 1649 467 1704 sydera
499 1675 554 1680 --
587 1650 684 1692 490.
716 1649 850 1705 laeva]
882 1650 978 1692 leva
1010 1675 1065 1680 ——
1098 1651 1196 1692 491.
1228 1650 1323 1692 Iovi
1351 1649 1426 1705 est]
1460 1653 1523 1692 est
1546 1664 1626 1692 om.

129 1721 188 1764 In
223 1735 358 1778 mary.
395 1722 574 1777 sz'qnwm
607 1734 628 1775 7
663 1722 869 1778 appinaeit
894 1736 963 1777 pr.
997 1736 1051 1763 m.
1093 1748 1147 1752 -
1188 1723 1286 1764 493.
1319 1722 1503 1777 animus]
1537 1723 1626 1764 ani-

127 1806 246 1836 mum
277 1818 334 1824 —-
366 1795 464 1836 494.
497 1793 708 1849 conditus]
741 1794 939 1836 conditur
970 1819 1025 1824 -—
1058 1795 1156 1836 495.
1189 1794 1384 1836 Vertitur
1415 1795 1461 1836 in
1492 1799 1628 1836 semet

129 1865 280 1921 oculis]
317 1865 370 1907 In
407 1869 540 1907 semet
574 1869 747 1907 vertunt
784 1866 1016 1920 oculosque
1055 1867 1119 1920 (0oe
1156 1866 1392 1921 oculusque
1429 1867 1531 1921 fecit
1556 1881 1625 1922 pr.

130 1937 214 1991 m.).
287 1937 345 1979 In
386 1951 521 1992 marg).
565 1938 744 1993 siymcm
783 1952 804 1991 7
846 1938 1054 1993 appinoeit
1084 1952 1153 1994 pr.
1170 1930 1175 1935 ’
1192 1953 1248 1980 m.
1295 1964 1349 1968 ——-
1396 1939 1442 1979 in
1478 1942 1628 1981 mutua

126 2009 241 2051 inest
277 2034 333 2039 —-
371 2010 469 2051 496.
503 2008 668 2065 Cancri]
708 2023 858 2052 cancer
894 2035 950 2040 —
990 2011 1088 2052 497.
1120 2023 1272 2059 ‚aurem
1311 2011 1458 2066 (aure),
1497 2024 1520 2052 e
1553 2025 1621 2052 re-

127 2080 304 2136 mpsit
326 2094 397 2136 pr.
427 2094 484 2123 m.
525 2106 580 2112 -—
620 2082 718 2123 498.
758 2081 968 2124 Centauro
1007 2081 1196 2138 gemino]
1230 2081 1465 2125 Centaurus
1495 2083 1626 2138 gemi-

127 2165 206 2198 nos
237 2177 293 2183 ——-
327 2153 423 2194 502.
457 2152 660 2211 Scorpion
691 2153 816 2209 infra]
847 2154 958 2196 infra
983 2168 1084 2207 om„
1116 2155 1191 2196 sed
1214 2155 1266 2196 in
1291 2169 1425 2210 mary.
1445 2156 1621 2210 supple-

126 2224 192 2266 vit
219 2237 298 2266 rec.
329 2238 445 2266 man.
479 2224 537 2280 [β]
571 2250 626 2255 —-
661 2226 757 2267 505.
786 2225 965 2281 Aquari]
999 2227 1167 2281 aquarii
1199 2252 1255 2256 —
1290 2227 1386 2268 506.
1417 2226 1624 2281 adsuevit]

127 2296 311 2338 assuevit
347 2321 403 2326 —
443 2297 540 2338 508.
570 2296 703 2351 visus]
735 2298 853 2339 visus
892 2323 946 2328 —-
989 2299 1084 2340 509.
1119 2298 1267 2353 quum]
1301 2312 1398 2340 cum
1431 2325 1486 2328 —
1528 2300 1623 2340 513.

127 2367 268 2410 Pisces
292 2373 304 2418 ΙΙ
329 2367 400 2422 ad,
431 2371 533 2423 post
568 2383 651 2411 voc.
690 2369 827 2424 pisces
862 2383 954 2411 una
985 2370 1064 2412 litt.
1097 2384 1203 2412 eras.
1244 2395 1299 2400 ——
1340 2371 1437 2412 515.
1469 2370 1624 2426 sidera]

126 2439 281 2493 sydera
313 2439 373 2470 ’—-
413 2434 510 2481 51'6.
549 2440 712 2496 sensus]
751 2454 903 2483 census
942 2467 997 2472 —-
1039 2443 1136 2484 518.
1177 2442 1387 2485 ducantur
1422 2443 1536 2484 inest
1568 2468 1623 2472 —

48 2542 52 2546 .
79 2503 84 2506 ¹
130 2511 225 2553 519.
257 2514 477 2567 captentur
505 2512 620 2554 inest
651 2537 707 2542 —
741 2514 838 2554 520.
871 2517 1014 2555 meant
1039 2517 1079 2556 et
1104 2515 1251 2556 iuncta
1275 2515 1457 2570 trigona]
1484 2518 1626 2556 meant

129 2582 256 2624 etiam
293 2583 397 2636 (mm
427 2583 652 2639 etiamque)
684 2585 850 2640 trigona
886 2610 942 2615 —
981 2586 1076 2627 523
1109 2585 1320 2641 Namque]
1352 2586 1535 2641 Nanque
1568 2612 1622 2616 -—

34 2668 35 2671 ¹
114 2653 309 2714 trigono]
339 2654 506 2710 trigona
537 2681 593 2685 —
628 2657 724 2697 524.
756 2657 920 2712 foedus]
952 2657 1099 2699 faedus
1132 2683 1187 2687 »-
1223 2659 1319 2699 530.
1349 2658 1527 2713 Idcirco]
1560 2658 1624 2699 Ic-

129 2723 240 2767 circo
277 2750 333 2758 -—
372 2727 468 2768 532.
500 2727 652 2783 sidera]
685 2728 837 2782 sydera
875 2754 930 2758 —
972 2731 1068 2771 533.
1102 2729 1337 2772 Centaurus
1367 2733 1533 2786 tergora
1562 2731 1624 2771 vi-

131 2793 209 2851 dit]
237 2800 460 2840 centaurus
484 2810 583 2854 ergo
609 2799 766 2842 recedit
798 2825 853 2830 -
888 2802 984 2842 534.
1010 2801 1189 2856 homini]
1216 2802 1403 2844 hominis
1436 2828 1490 2832 ——
1526 2803 1622 2843 535.

130 2863 331 2923 Ingentis]
361 2867 581 2912 Nascentis
614 2896 670 2901 -—
704 2872 800 2913 541.
833 2863 1001 2928 genitis]
1027 2874 1167 2927 gentis
1200 2898 1254 2903 —
1290 2875 1386 2915 542.
1413 2875 1548 2929 pisces
1574 2888 1624 2916 ew

130 2937 314 2992 piscisff)
343 2939 444 2994 feeit
467 2955 536 2997 pr.
568 2957 624 2984 m.
659 2967 714 2972 —
748 2943 939 2998 protulit]
971 2945 1145 2999 pertulit
1176 2945 1328 3000 (ptulit)
1362 2969 1418 2976 -
1453 2947 1549 2986 545.
1583 2950 1624 2987 at

132 3008 253 3064 quos]
285 3012 410 3066 atque
441 3012 559 3068 (atq:)
585 3014 662 3056 hos
696 3039 750 3044 —
783 3015 936 3070 sidera]
963 3015 1115 3069 sydera
1146 3041 1200 3046 —
1236 3017 1332 3058 547.
1358 3017 1515 3059 femina
1539 3017 1623 3059 lae-
