1936 3392
823 274 874 316 77

131 427 235 469 vitas
268 425 478 467 hominum
514 423 732 479 suspendit
765 421 816 463 ab
850 423 996 473 astris,
1043 436 1148 477 quae
1183 436 1363 462 summas
1396 435 1565 477 operum

130 509 290 562 partes,
325 518 429 559 quae
463 503 569 545 lucis
602 503 820 552 honorem,
855 516 958 557 quae
991 501 1139 542 famam
1174 505 1421 551 assererent,
1463 515 1566 555 quae

129 596 341 638 nunquam
389 582 493 623 fessa
542 580 727 623 volarent
763 612 772 621 .
809 612 819 622 .
858 612 866 622 .
935 579 1010 621 His
1048 579 1229 634 regimen
1271 584 1418 620 natura
1452 578 1566 620 dedit

128 661 396 718 propriasque
429 660 605 702 sacravit
637 659 866 714 unicuique
900 659 1032 709 vices,
1073 659 1291 713 sanxitque
1324 673 1398 714 per
1430 658 1567 700 omnia

128 756 312 792 summa,
347 740 534 796 undique
568 739 631 781 uti
664 739 739 781 fati
773 739 878 780 ratio
912 737 1145 780 traheretur
1177 738 1220 779 in
1255 752 1400 779 unum.
1456 736 1563 779 Nam

129 820 406 876 quodcunque
439 834 570 875 genus
603 833 764 869 rerum,
818 818 1095 873 quodcunque
1130 816 1340 868 laborum,
1377 830 1566 871 quaeque

129 915 252 957 opera
283 903 407 954 atque
440 903 572 949 artes,
615 898 852 953 quicunque
886 912 959 953 per
991 897 1128 938 omnia
1161 910 1278 938 casus.
1312 896 1491 937 humana
1523 896 1565 937 in

128 981 214 1022 vita
261 981 451 1036 poterant
500 979 742 1033 contingere
775 981 949 1027 sortem,
984 975 1197 1031 complexa
1231 979 1314 1026 est,
1350 979 1415 1017 tot
1448 980 1489 1017 et
1522 976 1566 1017 in

128 1063 264 1116 partes
274 1091 287 1110 ,
339 1062 441 1113 quot
489 1062 531 1099 et
579 1061 687 1099 astra
718 1057 872 1098 locarat
906 1055 1138 1111 disposuit,
1180 1060 1395 1111 certasque
1429 1055 1563 1105 vices,

127 1153 202 1181 sua
232 1137 401 1180 nomina
432 1137 584 1192 cuique
618 1135 834 1186 attribuit,
870 1140 1090 1189 totumque
1123 1135 1302 1176 hominis
1335 1149 1408 1191 per
1434 1134 1567 1176 sidera

127 1232 296 1261 censum
346 1217 490 1260 ordine
538 1215 614 1258 sub
665 1220 775 1258 certo
824 1215 968 1265 duxit,
1017 1229 1111 1270 pars
1160 1218 1400 1270 semperput
1433 1214 1566 1256 eidem

127 1297 298 1340 confinis
358 1297 467 1353 parti
526 1283 672 1338 vicinis
720 1298 847 1336 staret
895 1295 936 1335 in
987 1294 1107 1335 arvis.
1187 1293 1346 1335 Horum
1396 1308 1565 1350 operum

128 1380 258 1419 sortes
290 1376 342 1418 ad
374 1375 539 1432 singula
571 1375 689 1431 signa
721 1373 914 1416 locavit.’'
944 1374 970 1428 ¹)
1014 1372 1107 1414 Fati
1142 1377 1281 1415 autem
1314 1373 1380 1414 lex
1402 1377 1566 1415 tantum

127 1455 260 1507 valet,
307 1459 357 1498 ut
402 1470 454 1498 ne
502 1454 776 1511 cogitationes
825 1452 992 1508 quidem
1043 1452 1220 1494 hominis
1268 1451 1420 1494 liberae
1458 1452 1565 1494 sint:

126 1533 235 1586 „hoc
270 1548 436 1590 quoque
470 1534 649 1576 fatorum
682 1536 746 1575 est
777 1532 910 1588 legem
942 1531 1171 1588 perdiscere
1203 1528 1335 1581 fati‚'’
1359 1530 1391 1585 2)
1428 1530 1471 1572 id
1505 1535 1567 1572 est

126 1612 210 1656 fato
256 1613 346 1671 ipso
379 1613 535 1656 factum
567 1616 629 1655 est
645 1644 658 1664 ,
692 1615 742 1654 ut
773 1610 945 1667 quidam
978 1609 1166 1652 homines
1198 1613 1370 1651 naturae
1404 1608 1566 1666 legibus

124 1707 149 1735 a
197 1691 282 1736 fato
329 1692 594 1750 praescriptis
643 1691 862 1742 studeant,
917 1703 1010 1731 cum
1060 1688 1131 1731 alii
1181 1689 1282 1731 alias
1332 1689 1566 1746 voluptates

125 1776 364 1830 sequantur.
434 1771 594 1815 Notum
644 1775 706 1814 est
745 1770 919 1813 Zenonis
953 1770 1112 1812 dictum
1146 1769 1255 1826 quod
1289 1770 1414 1826 Diog.
1448 1768 1567 1812 Laer-

123 1852 258 1908 tius³)
291 1854 348 1895 sic
383 1856 544 1894 narrat:
580 1848 737 1893 δοῦλον
774 1850 845 1892 ἐπὶ
880 1847 1037 1905 κλοπῇ,
1072 1849 1228 1902 φασίν,
1264 1849 1497 1903 ἐμαστίγου
1528 1851 1567 1906 (ὁ

126 1934 297 1989 Ζήνων)
344 1945 356 1958 ·
400 1936 474 1974 τοῦ
526 1929 796 1982 δἐἷπόντος,
849 1931 1055 1985 ,,εἳ’μαρτό
1090 1945 1161 1984 μοι
1197 1927 1360 1984 κλέψαι
1379 1928 1423 1981 ,”
1460 1931 1565 1981 „nal

126 2009 344 2067 δαρῆναι”
378 2011 474 2067 ἔφη.
542 2011 659 2054 Idem
691 2010 917 2062 Manilius3
954 2025 1059 2062 „nec
1088 2009 1268 2062 refert‚’'
1292 2011 1378 2061 ait,
1404 2010 1568 2062 „scelus

126 2092 237 2135 unde
270 2092 413 2144 cadat3
448 2091 580 2134 scelus
614 2107 699 2133 esse
734 2091 962 2133 fatendum.
1009 2090 1100 2132 Hoc
1135 2105 1295 2146 quoque
1329 2090 1454 2133 fatale
1478 2095 1566 2141 est,

821 2170 832 2188 ³
886 2170 931 2212 id
964 2175 1026 2212 est
1059 2185 1211 2226 poenas
1244 2170 1444 2213 scelerum
1478 2186 1565 2228 per-

125 2172 182 2214 sic
215 2172 354 2229 ipsum
388 2171 619 2228 expendere
651 2171 782 2213 fatum
796 2170 820 2221 ,’

126 2250 282 2294 solvere
299 2284 311 2303 ‚
348 2265 454 2307 quae
485 2251 570 2293 fato
603 2254 774 2307 cogente
808 2249 1023 2292 commissa
1054 2251 1208 2306 sunt.⁴)

187 2329 294 2373 Tota
346 2330 445 2373 haec
502 2330 689 2373 doctrina
738 2330 787 2372 de
838 2330 922 2371 fato
972 2333 1032 2371 est
1082 2329 1202 2385 quasi
1251 2330 1566 2373 fundamentum

125 2407 370 2463 astrologiae
417 2407 542 2458 artis,
593 2422 675 2450 non
720 2407 856 2449 minus
890 2411 1016 2461 atque
1048 2405 1308 2448 immutabile
1341 2406 1447 2448 illud
1481 2422 1568 2449 cae-

125 2486 236 2538 lum,
272 2487 322 2530 de
363 2501 445 2542 quo
477 2502 602 2544 supra
625 2487 904 2530 disseruimus.
974 2485 1160 2539 Quorum
1183 2487 1218 2529 si
1241 2486 1416 2529 alterum
1440 2486 1568 2545 tollis,

124 2570 264 2610 totum
297 2566 529 2610 aedificium
564 2567 732 2609 corruit.
799 2566 1009 2622 Astrologi
1043 2565 1166 2623 paulo
1201 2566 1404 2608 doctiores
1426 2565 1568 2621 quales

178 2781 200 2816 ¹]
250 2785 315 2819 111,
342 2785 382 2814 58
407 2793 496 2821 seqq,

175 2841 201 2877 ²)
249 2845 277 2874 II
296 2868 302 2878 .
332 2845 403 2874 149.

174 2903 200 2938 ³]
251 2905 304 2934 Vll
322 2929 328 2936 .
355 2905 406 2935 ⁶23.

175 2964 200 3008 ⁴)
250 2966 311 2995 lv.
341 2967 412 2996 117.
