1936 3392
803 325 852 372 17

118 479 305 522 concedit
325 477 443 520 nobis
465 477 591 534 patrii
614 476 810 518 sermonis
834 474 1022 531 egestas’'
1037 475 1061 530 ¹)
1073 491 1085 525 ς
1111 473 1344 525 „abstrahit
1364 474 1542 516 invitum

116 557 240 614 patrii
273 557 468 599 sermonis
501 554 685 612 egestas’'
709 554 755 612 2).
806 553 911 597 Cum
944 558 1083 596 tamen
1107 553 1156 595 de
1179 552 1322 595 Latini
1344 555 1542 597 sermonis

114 639 294 693 egestate
342 636 388 678 in
434 634 732 692 astrologorum
778 638 863 677 arte
906 633 1120 676 tractanda
1165 633 1276 690 apud
1321 632 1546 676 Firmicum

114 714 247 760 solum
295 729 425 758 sermo
458 715 536 766 sit,
586 714 655 756 vix
689 712 868 756 dubitari
901 717 1038 770 potest
1070 713 1174 767 quin
1206 711 1428 755 Manilium
1462 728 1550 770 per·

114 794 295 851 stringat
328 797 589 849 querentem:
631 793 661 848 ³)

178 874 267 924 „At
296 872 400 915 mihi
432 887 505 930 per
537 886 726 914 numeros
759 871 984 927 ignotaque
1018 870 1186 913 nomina
1213 885 1370 922 rerum,
1394 876 1549 927 tempo-

113 959 240 1008 raque
287 955 329 994 et
377 952 509 994 varios
544 966 684 1002 casus,
732 952 1019 1005 momentaque
1052 949 1220 1001 mundi,
1255 950 1549 1005 signorumque

112 1021 245 1084 vices,
294 1034 513 1089 partesque
561 1031 606 1073 in
653 1029 840 1087 partibus
888 1029 987 1086 ipsis
1035 1028 1278 1071 luctandum
1312 1033 1373 1071 est
1388 1061 1401 1081 ,
1443 1044 1547 1085 quae

113 1126 232 1155 nosse
274 1111 422 1164 nimis,
467 1110 598 1166 quid?
628 1110 786 1162 dicere,
820 1114 1022 1164 quantum
1054 1108 1146 1151 est?
1180 1109 1385 1161 carmine,
1421 1110 1547 1164 quid,

111 1190 307 1248 proprio?
354 1189 553 1247 pedibus,
604 1190 728 1245 quid,
777 1189 949 1245 iungere
998 1187 1150 1230 certis?
1214 1187 1309 1230 Huc
1358 1189 1482 1240 ades,
1524 1203 1548 1231 o

114 1271 359 1326 quicumque
408 1270 509 1312 meis
559 1269 768 1311 advertere
802 1269 957 1326 coeptis
990 1282 1129 1310 aurem
1163 1267 1384 1323 oculosque
1406 1272 1546 1325 potes,

112 1365 227 1393 veras
260 1353 302 1392 et
333 1350 497 1407 percipe
531 1363 664 1391 voces.
714 1347 934 1404 Impendas
968 1347 1174 1398 animum,
1209 1362 1284 1389 nec
1307 1347 1444 1390 dulcia
1466 1362 1549 1390 car-

114 1429 226 1470 mina
273 1443 456 1483 quaeras.
525 1427 676 1469 Ornari
723 1441 786 1468 res
834 1427 922 1483 ipsa
969 1430 1117 1482 negat,
1168 1430 1363 1468 contenta
1396 1426 1546 1468 doceri.

114 1507 168 1549 Et
215 1507 249 1549 si
282 1522 363 1562 qua
395 1510 562 1548 externa
593 1507 820 1548 referentur
850 1506 1017 1547 nomina
1056 1504 1226 1561 lingua,
1270 1505 1348 1547 hoc
1387 1506 1545 1563 operis,

112 1601 196 1648 non
228 1587 334 1628 vatis
366 1586 466 1637 erit3
503 1597 584 1627 non
618 1585 755 1627 omnia
786 1584 895 1627 flecti
928 1587 1122 1640 possunt,
1147 1589 1188 1626 et
1210 1585 1376 1641 propria
1400 1585 1547 1628 melius

110 1665 186 1707 sub
219 1679 316 1707 voce
347 1663 585 1707 notantur.’'

174 1743 273 1800 Pag.
312 1745 398 1786 216
421 1743 624 1785 Firminus
647 1742 831 1799 scripsit:
862 1741 946 1793 „In
969 1742 1108 1784 arietis
1130 1742 1295 1784 sinistro
1321 1742 1476 1795 latere,
1500 1744 1542 1785 in

111 1825 225 1880 parte
273 1822 427 1866 scilicet
475 1822 633 1865 decima
681 1822 812 1864 oritur
860 1820 1005 1863 Orion.
1071 1820 1116 1863 Si
1160 1821 1302 1876 itaque
1338 1821 1467 1864 Orion
1502 1822 1542 1864 in

110 1903 267 1946 horosc.
316 1902 520 1960 partiliter
566 1902 714 1953 fuerit,
764 1901 887 1943 faciet
935 1900 1146 1953 homines,
1195 1900 1327 1943 veloci
1361 1902 1542 1959 corporis

109 1981 339 2024 mobilitate
385 1981 645 2039 perspicuos,
680 1985 722 2023 et
759 1995 934 2036 quorum
966 1981 1151 2032 animus,
1185 1981 1308 2023 variis
1339 1980 1543 2024 sollicitu—

111 2060 275 2104 dinibus
307 2061 564 2118 implicatus,
605 2060 799 2117 pervigili
832 2060 1081 2116 cogitatione
1115 2074 1274 2117 semper
1306 2065 1540 2112 exaestuet3

96 2141 154 2195 ,hi
185 2141 297 2184 enim
329 2140 548 2184 variabunt
579 2156 699 2198 saepe
732 2139 942 2182 domicilia
974 2144 1016 2182 et
1050 2139 1190 2182 domos
1223 2140 1419 2195 sedesque
1453 2133 1540 2183 m'u-

107 2220 281 2272 tabunt,
331 2235 378 2263 ac
425 2236 522 2278 per.
546 2220 729 2290 omniqm
761 2219 906 2263 limina
953 2220 1171 2262 matutinis
1203 2235 1361 2276 semper
1393 2221 1540 2265 saluta-

107 2299 291 2343 tionibus
324 2300 597 2343 discurrent?
693 2284 766 2362 ἧς,

171 2378 298 2435 Sequi
329 2379 494 2422 videtur
523 2379 745 2421 Manilium
778 2377 840 2431 V,
877 2379 959 2422 57:

170 2458 282 2510 „Sed
330 2458 502 2502 decuma
531 2459 672 2502 lateris
705 2473 876 2514 surgens
914 2457 964 2499 de
997 2462 1113 2514 parte
1148 2458 1306 2500 sinistri
1339 2460 1539 2503 maximus

109 2537 240 2580 Orion
270 2553 550 2595 magnumque
582 2537 791 2594 amplexus
823 2537 1323 2594 Olympum—sollertis
1356 2540 1536 2593 animos,

107 2615 264 2659 velocia
321 2632 489 2675 corpora
546 2617 699 2674 finget,
759 2621 884 2671 atque
942 2616 1092 2672 agilem
1147 2617 1277 2659 officio
1332 2623 1535 2671 mentem,

110 2709 306 2751 curasque
354 2711 428 2753 per
476 2696 607 2738 omnis
651 2695 898 2739 indelassato
930 2696 1194 2752 properantia
1226 2696 1348 2738 corda
1381 2698 1534 2753 vigore.

154 2879 180 2920 ι)
226 2882 258 2918 Ι,
283 2882 356 2914 831.

152 2939 178 2980 ²)
224 2943 287 2980 111.
311 2942 386 2974 260.

151 3000 179 3040 ³)
227 3003 292 3038 111,
317 3003 356 3032 31
382 3011 472 3040 seqq.
