1936 3392
796 286 1010 330 ..39-

338 411 420 454 Qua
438 409 546 458 niger
566 408 751 446 astriferis
770 409 1008 446 connectitur
1028 410 1164 446 axibus
1185 421 1264 456 aer,

339 462 523 510 Quodque
540 464 646 509 patet
665 466 787 498 terras
806 462 908 499 inter
926 464 1100 511 lunaeque
1122 465 1286 508 meatus,

338 515 504 554 semidei
523 517 650 552 Manes
669 515 857 561 habitant,
873 528 970 563 quos
988 516 1104 564 ignea
1123 517 1241 553 virtus

338 569 527 605 Innocuos
547 569 632 605 vitae
652 569 839 615 patientes
861 570 1012 605 aetheris
1032 569 1100 605 imi

339 622 451 669 Fecit,
475 625 512 658 et
532 626 696 658 aeternos
716 621 890 658 animam
911 622 1060 670 collegit
1077 622 1116 658 in
1136 623 1261 659 orbes.

149 727 239 768 Huc
257 727 506 780 Pompeium
527 727 666 767 evehit
690 731 816 780 poeta
837 739 846 767 ε

432 839 510 875 lllic
529 841 735 887 postquam
753 850 793 875 se
816 839 960 875 lumine
978 850 1067 875 vero

336 892 528 940 Implevit,
549 893 754 939 stellasque
773 904 891 940 vagas
911 892 1087 937 miratus,
1111 894 1148 928 et
1167 893 1270 928 astra

339 946 427 982 Fixa
446 946 557 993 polis,
580 945 673 982 vidit
693 948 835 993 quanta
855 945 923 982 sub
943 948 1055 982 nocte
1077 945 1224 993 jaceret

333 999 471 1036 Nostra
488 999 570 1036 dies
589 1001 616 1035 ¹.

197 1117 290 1155 Non
323 1116 452 1167 igitur
486 1115 642 1155 infitias
674 1116 743 1155 ibo
780 1116 944 1166 magnis
977 1115 1077 1155 viris
1112 1119 1323 1155 astrorum
1363 1114 1594 1167 hospitium
1623 1128 1648 1154 a

146 1180 287 1221 stoicis
308 1193 566 1221 concessum.
590 1181 670 1221 Sed
692 1181 736 1220 hi
762 1185 905 1221 tamen
934 1185 1028 1233 post
1055 1180 1268 1220 Manilium
1290 1180 1491 1233 scripsere
1515 1191 1524 1220 :
1554 1180 1647 1233 quis

146 1258 291 1286 eorum
319 1246 567 1286 sententiam
592 1259 643 1286 ex
672 1246 783 1285 illius
807 1246 992 1286 carmine
1019 1259 1104 1286 non
1132 1249 1270 1286 ortam
1300 1250 1413 1285 certo
1439 1245 1648 1284 affirmet?

145 1311 252 1351 Ante
274 1311 493 1352 Manilium
526 1316 668 1351 autem
698 1311 764 1350 cui
795 1311 953 1363 placuit
979 1311 1124 1350 eadem
1152 1311 1357 1362 suspicari
1378 1323 1426 1350 ac
1451 1310 1647 1362 sperare?

145 1377 237 1415 Non
250 1389 350 1415 sane
367 1376 492 1416 alicui
510 1376 753 1425 stoicorum,
770 1376 843 1415 sed
860 1376 1062 1425 Ciceroni,
1081 1375 1200 1427 cujus
1214 1375 1423 1415 somnium
1441 1375 1645 1427 Scipionis

146 1440 251 1480 mihi
275 1440 442 1480 videtur
467 1440 658 1480 Manilius
684 1453 772 1480 esse
792 1441 995 1488 imitatus,
1018 1440 1174 1493 quique
1203 1440 1518 1479 celeberrimam
1546 1439 1642 1479 Pla-

148 1505 382 1546 tonicorum
403 1518 644 1546 sermonum
663 1505 853 1545 fabulam
871 1505 929 1544 ita
949 1504 1170 1545 aemulatus
1187 1508 1261 1544 est.
1281 1506 1416 1556 Atque
1436 1509 1482 1543 ut
1499 1504 1644 1544 omnia

145 1583 232 1611 uno
246 1570 374 1610 verbo
396 1571 659 1619 concludam,
678 1574 724 1609 ut
741 1570 953 1623 poeticum
975 1570 1108 1621 magis
1134 1582 1263 1622 quam
1284 1569 1639 1622 philosophicum,

142 1635 203 1675 ita
237 1635 556 1675 Ciceronianum
602 1636 737 1686 magis
776 1648 904 1687 quam
949 1635 1127 1675 stoicum
1173 1638 1309 1674 totum
1347 1634 1458 1674 hunc
1502 1633 1639 1674 locum

142 1699 456 1754 appellaverim.

194 1764 324 1805 Multa
349 1778 448 1816 ergo
475 1766 518 1804 in
543 1765 855 1804 Astronomicon
882 1765 1068 1804 carmine
1093 1767 1318 1804 occurrunt
1342 1777 1436 1816 quae
1464 1776 1485 1803 e
1511 1764 1641 1804 stoica

141 1829 361 1883 disciplina
389 1830 637 1882 profluxisse
662 1830 841 1870 dicenda
861 1833 974 1880 sunt,
997 1829 1139 1869 stoicae
1162 1829 1393 1869 dummodo
1411 1828 1640 1881 disciplinae

140 1894 352 1935 addictum
392 1895 517 1935 fuisse
550 1899 719 1948 poetam
758 1907 887 1948 supra
925 1894 1232 1935 dubitationem
1269 1893 1478 1946 posueris,
1504 1906 1639 1945 neque

141 1959 312 2000 omnino
333 1972 420 1999 esse
445 1964 695 2011 argumento
714 1964 891 2013 possunt
914 1960 1040 2000 talem
1062 1972 1158 2000 eum
1185 1959 1322 2012 reipsa
1343 1959 1482 1999 fuisse.
1505 1959 1638 2012 Atque

139 2023 182 2064 id
210 2024 253 2064 in
287 2024 433 2077 primis
466 2026 698 2065 cavendum
726 2029 802 2074 est,
832 2037 882 2064 ne
904 2029 945 2064 et
966 2025 1172 2077 quosdam
1204 2037 1347 2063 versus
1374 2025 1527 2064 stoicos
1550 2036 1639 2064 esse

138 2088 402 2140 colligamus,
423 2089 536 2142 quod
558 2102 582 2128 a
602 2094 745 2129 nostro
766 2093 892 2141 poeta
912 2089 1056 2141 scripti
1075 2089 1244 2137 fuerint,
1264 2092 1304 2128 et
1324 2093 1494 2141 poetam
1515 2089 1640 2128 simul

137 2153 316 2195 stoicum
332 2154 459 2194 fuisse
476 2154 719 2207 probemus,
737 2155 850 2206 quod
870 2154 1038 2194 eosdem
1059 2167 1202 2194 versus
1223 2153 1446 2206 scripserit.

857 2347 919 2392 III

188 2469 232 2510 Si
251 2470 342 2523 quis
365 2474 506 2511 autem
533 2484 703 2512 carmen
731 2473 901 2525 penitus
930 2472 1253 2524 universumque
1289 2469 1629 2518 consideraverit,

135 2533 308 2575 minime
333 2536 509 2577 stoicum
538 2537 664 2577 fuisse
688 2537 904 2577 Manilium
926 2537 1139 2584 fatebitur,
1165 2536 1239 2576 etsi
1265 2536 1477 2576 interdum
1505 2535 1632 2574 stoice

135 2595 300 2639 locutus
329 2605 402 2640 est.
433 2603 538 2640 Nam
564 2602 607 2641 in
638 2601 704 2642 his
731 2602 832 2654 ipsis
864 2615 958 2655 quae
995 2602 1179 2642 maxime
1208 2601 1389 2641 Zenonis
1421 2599 1634 2652 discipulis

133 2662 305 2711 reddas,
338 2669 482 2705 nostro
515 2671 651 2718 poetae
690 2667 819 2707 verba
851 2667 1050 2706 excidunt
1083 2679 1234 2718 parum
1270 2666 1421 2714 stoica,
1458 2676 1634 2717 quaeque

137 2725 338 2768 doctrinae
355 2729 433 2769 toti
447 2730 724 2784 universoque
742 2732 958 2772 sententiae
979 2731 1113 2771 tenori
1133 2731 1215 2771 sint
1231 2730 1455 2771 contraria.
1473 2731 1634 2781 Nempe

179 2849 209 2881 1.
230 2848 329 2892 Luc„
348 2849 487 2890 Phar-s..
505 2851 562 2892 IX,
581 2853 600 2884 5
619 2862 698 2895 sqq.
