1930 3320
886 286 1163 324 *52*

841 406 1202 461 Metonymiae.

394 485 459 526 De
491 485 761 539 metonymiis
793 485 898 525 scite
930 485 1018 539 egit
1049 485 1103 525 M.
1125 485 1272 540 Haupt
1303 486 1345 526 in
1375 485 1460 527 ind.
1491 487 1587 526 lect.
1609 477 1748 528 Berol.

282 553 366 594 hib.
403 552 580 604 18591);
611 552 811 592 Manilius
842 552 908 592 his
940 552 1029 593 fere
1061 566 1164 593 usus
1198 557 1263 594 est
1292 554 1581 608 metonymiis:

396 631 569 672 Causa
600 631 850 672 efficiens
881 645 971 686 pro
1003 646 1051 673 re
1084 632 1287 674 effecta
1315 634 1548 688 ponitur:

369 698 534 732 Bacchus
559 713 601 726 Ξ
625 697 750 732 vinum
773 698 825 731 III
849 698 923 732 153.
971 698 1018 731 IV
1042 698 1117 732 204.
1166 698 1195 732 V
1220 699 1295 733 227.
1321 699 1397 733 680.
1423 699 1535 744 (apud
1548 698 1751 744 Vergilium

281 755 317 788 ct
342 753 511 788 Ovidium
546 764 651 797 saepe
687 753 809 787 eadem
842 754 1064 798 metonymia
1089 754 1252 796 occurrit,
1277 755 1412 798 legitur
1436 755 1546 789 etiam
1570 755 1667 799 apud
1691 754 1766 796 Ti-‚

280 810 421 844 bullum
446 811 482 844 et
507 809 732 854 Lygdamum
757 811 794 843 et
823 809 1080 854 Propertiun1);
1108 826 1148 839 =
1173 810 1262 845 vitis
1285 811 1320 846 II
1343 811 1398 846 20.
1444 811 1473 845 V
1497 811 1573 845 238.
1599 810 1750 855 (Verg.);

282 881 323 895 Ξ
349 867 564 900 auctumnus
588 866 622 900 II
639 866 721 906 658;
747 865 903 909 denique
929 882 970 895 =
997 867 1151 901 ebrietas
1176 867 1234 901 vel
1258 866 1399 911 potatio
1417 867 1447 901 V
1463 867 1572 911 334.11
1591 868 1692 901 Ceres
1709 882 1751 895 =

282 924 400 957 aestas
423 923 457 956 H
481 923 562 962 658;
588 937 629 950 Ξ
654 933 754 966 seges
777 923 813 956 H
836 923 889 955 21.
937 923 990 956 III
1015 923 1090 956 152.
1115 923 1189 957 629.
1215 924 1290 957 664.
1334 924 1382 958 IV
1405 923 1482 957 251.
1507 923 1581 957 734.
1622 923 1651 957 V
1675 923 1750 958 281.

281 979 400 1024 (Verg.
437 980 474 1013 et
514 978 641 1022 Ovid.).
666 980 680 1022 11
711 979 789 1012 Iris
829 994 870 1007 Ξ
910 990 1013 1013 arcus
1053 979 1215 1014 caelestis
1255 979 1271 1013 Ι
1304 980 1380 1013 713.
1408 981 1422 1023 11
1451 979 1562 1014 Liber
1593 994 1635 1008 =
1665 978 1753 1013 vitis

280 1036 331 1070 III
361 1035 632 1079 662.11Dyaeus
657 1050 698 1062 Ξ
723 1034 848 1068 vinum
873 1035 902 1068 V
924 1035 1000 1069 3⁶23.
1026 1035 1183 1080 (saepius
1208 1036 1307 1080 apud
1330 1036 1452 1070 Horat.
1481 1036 1594 1077 Ovid.,
1618 1035 1754 1080 legitur

284 1091 394 1125 etiam
419 1091 516 1135 apud
531 1091 757 1135 Lygdamum
782 1092 818 1124 et
831 1091 1085 1135 Propertium).
1103 1093 1116 1135 11
1135 1092 1241 1126 Mars
1266 1108 1307 1121 =
1333 1103 1458 1137 pugna
1472 1093 1527 1127 HI
1540 1092 1607 1126 632
1624 1092 1752 1136 (Verg.,

287 1148 467 1192 Panegyr.
492 1147 531 1181 in
554 1147 770 1190 Messallam,
795 1148 901 1192 Prop.
928 1147 984 1191 [=
1009 1148 1169 1192 bellum]‚
1200 1148 1328 1191 Ovid.).
1345 1150 1359 1191 11
1377 1149 1502 1182 Pallas
1526 1163 1568 1177 =
1593 1148 1672 1182 olea
1696 1150 1753 1191 (ex

284 1205 375 1239 coni.
401 1204 571 1247 Bentleii)
600 1205 636 1238 II
659 1205 710 1238 21.
738 1203 855 1247 (Ovid.
882 1216 951 1238 am.
975 1205 1010 1238 H
1034 1205 1086 1246 16,
1110 1205 1146 1245 8;
1177 1206 1218 1239 cf.
1245 1216 1276 1239 a.
1302 1216 1334 1238 a.
1365 1205 1383 1239 I
1407 1205 1470 1239 727
1499 1205 1688 1239 Palladiae
1710 1224 1752 1229 —-

279 1261 400 1305 palma
429 1262 601 1303 coronae).
627 1262 640 1303 11
672 1260 791 1295 Venus
817 1276 858 1289 =
883 1272 983 1295 amor
1011 1262 1069 1295 vel
1097 1261 1212 1296 libido
1242 1262 1294 1296 HI
1317 1262 1393 1295 655.
1439 1262 1486 1296 IV
1510 1262 1584 1296 258.
1633 1261 1665 1295 V
1689 1261 1754 1296 143

282 1317 431 1363 (legitur
454 1317 527 1351 iam
551 1317 649 1361 apud
674 1317 907 1361 Lucretium).

393 1374 493 1415 Res
526 1374 733 1415 effecta
762 1389 853 1429 pro
888 1389 1046 1415 causa
1076 1374 1346 1416 efficienti
1376 1375 1612 1430 ponitur:

374 1441 507 1485 Aquilo
532 1457 573 1470 Ξ
599 1440 864 1485 septentriones
887 1442 905 1475 I
927 1442 1005 1476 574.
1022 1443 1036 1484 11
1052 1442 1171 1476 austri
1195 1456 1236 1470 Ξ
1260 1441 1428 1476 meridies
1451 1443 1469 1476 Ι
1492 1441 1558 1476 612
1582 1442 1640 1485 (ex
1663 1441 1754 1476 coni.

284 1497 484 1542 Scaligeri).
510 1499 522 1541 11
552 1497 676 1532 boreas
707 1513 748 1526 Ξ
779 1497 1043 1542 septentriones
1078 1498 1095 1532 Ι
1123 1498 1199 1532 314.
1234 1497 1310 1532 372.
1347 1498 1422 1532 566.
1453 1498 1529 1532 685.
1575 1497 1623 1532 IV
1654 1497 1757 1542 64611

283 1555 418 1589 calores
443 1570 485 1583 Ξ
509 1553 585 1588 dies
623 1554 671 1587 IV
694 1554 802 1597 58811
825 1554 992 1598 flammae
1028 1569 1069 1582 =
1104 1554 1230 1588 stellae
1264 1555 1281 1588 I
1318 1554 1393 1588 132.
1429 1554 1503 1588 255.
1541 1553 1618 1588 311.
1652 1553 1756 1598 416.1Ι

283 1611 385 1656 ‘iyues
411 1627 452 1639 Ξ
476 1610 602 1645 stellae
626 1611 642 1644 I
666 1610 741 1644 218.
765 1610 841 1644 466.
866 1611 942 1644 896.
988 1611 1041 1644 III
1064 1611 1141 1644 502.
1176 1611 1224 1645 IV
1247 1610 1323 1644 328.
1364 1610 1396 1644 V
1420 1611 1473 1645 38.
1499 1610 1574 1644 733.
1592 1611 1605 1654 11
1621 1610 1758 1645 lumina

285 1682 326 1697 =
353 1667 489 1708 stellae,
515 1677 632 1711 saepe.
651 1668 664 1710 11
681 1666 744 1700 luae
767 1667 826 1700 vel
850 1667 944 1700 luces
962 1682 1003 1695 Ξ
1023 1666 1108 1707 dies,
1134 1666 1350 1710 saepissime.
1369 1668 1381 1709 11
1405 1668 1539 1700 natura
1557 1681 1598 1694 =
1629 1668 1756 1700 auctor

282 1725 444 1764 naturae,
481 1733 597 1767 saepe.
623 1725 636 1766 11
663 1722 824 1756 tenebrae
851 1738 892 1751 Ξ
916 1734 987 1757 nox
1019 1723 1037 1756 Ι
1060 1723 1136 1757 834.
1182 1723 1217 1756 H
1245 1723 1322 1756 205.
1368 1723 1420 1756 HI
1442 1722 1518 1756 266.
1543 1723 1619 1757 380.
1645 1722 1720 1757 639.
1744 1722 1756 1768 11

283 1780 410 1814 umbra
434 1779 491 1815 vel
515 1779 662 1813 umbrae
688 1794 729 1807 =
754 1790 826 1813 nox
850 1779 867 1813 I
891 1778 964 1813 673.
1012 1780 1047 1813 H
1071 1779 1144 1813 797.
1193 1779 1245 1813 III
1267 1779 1342 1813 236.
1368 1779 1444 1812 251.
1473 1777 1550 1814 302.
1576 1778 1654 1812 446.
1678 1778 1755 1813 450.

282 1837 332 1871 IV
354 1837 430 1871 326.

398 1893 704 1935 Concretum
734 1908 823 1949 pro
864 1894 1140 1934 abstracto
1178 1893 1258 1934 vel
1297 1892 1623 1933 abstractum
1662 1906 1756 1948 pro

286 1965 536 2003 concreto
567 1962 803 2017 ponitur:

374 2031 502 2062 aratra
516 2043 556 2056 =
571 2027 794 2071 agricultura
811 2027 859 2060 IV
871 2027 948 2061 380.
967 2028 980 2069 11
998 2027 1104 2060 lanae
1118 2041 1159 2054 Ξ
1173 2024 1371 2059 lanificium
1386 2025 1432 2058 IV
1447 2025 1523 2060 380.
1541 2026 1554 2069 11
1570 2036 1700 2060 merces
1716 2040 1758 2054 Ξ

284 2086 487 2128 mercatura
510 2084 557 2118 IV
574 2084 651 2118 381.
669 2086 682 2127 11
700 2085 821 2117 aestus
841 2099 882 2111 Ξ
899 2084 1018 2117 aestas
1040 2083 1075 2117 ΙΙ
1091 2083 1176 2122 429;
1203 2097 1244 2110 Ξ
1270 2093 1351 2126 pars
1376 2081 1515 2115 aestiva
1537 2081 1596 2116 vel
1619 2081 1760 2126 tropica

284 2141 301 2175 Ι
324 2141 399 2174 581.
418 2142 431 2184 11
449 2141 534 2174 armi
558 2141 670 2174 teneri
694 2155 736 2168 Ξ
763 2139 867 2184 pueri
893 2139 1010 2173 V456.
1029 2141 1041 2183 11
1058 2142 1186 2173 mortes
1210 2154 1251 2167 =
1276 2138 1410 2172 mortui
1433 2138 1451 2172 I
1472 2137 1548 2173 889.
1572 2139 1586 2181 11
1611 2149 1759 2182 maynae

286 2197 432 2231 virtutes
457 2212 499 2225 Ξ
524 2197 582 2231 dei
605 2197 640 2231 H
664 2196 740 2231 436.

398 2256 561 2297 Locus
592 2270 686 2311 pro
720 2270 798 2309 eo,
831 2256 971 2310 quod
1002 2256 1055 2296 in
1087 2269 1146 2296 eo
1180 2259 1283 2306 est,
1313 2254 1550 2309 ponitur:

376 2324 536 2358 Athenae
550 2339 590 2352 Ξ
602 2323 841 2357 Athenienses
855 2324 873 2357 I
886 2323 958 2357 775.
977 2322 1053 2356 885.
1070 2324 1084 2366 11
1101 2332 1161 2355 cor
1177 2321 1234 2355 vel
1244 2321 1353 2355 corda
1367 2335 1408 2348 Ξ
1419 2331 1520 2354 mens
1532 2321 1549 2354 I
1562 2319 1612 2354 79.
1633 2320 1668 2354 H
1681 2320 1758 2354 452.

288 2379 363 2413 638.
387 2380 463 2413 898.
502 2380 554 2414 HI
577 2379 653 2413 203.
692 2380 741 2414 IV
763 2380 840 2414 241.
876 2379 905 2412 V
929 2379 982 2412 63.
1009 2378 1115 2421 144.11
1140 2377 1290 2411 Helicon
1315 2392 1356 2405 Ξ
1381 2376 1505 2410 Musae
1529 2375 1567 2409 in
1586 2376 1759 2411 Helicone

288 2436 452 2470 sedentes
479 2436 497 2470 Ι
519 2436 550 2470 4.
573 2437 587 2478 11
613 2435 782 2480 Olympus
807 2451 848 2463 Ξ
880 2434 1073 2469 caelicolae
1103 2433 1130 2467 V
1156 2434 1206 2467 18.
1232 2434 1245 2476 11
1264 2436 1389 2476 pectus
1420 2447 1461 2460 =
1492 2443 1592 2466 mens
1621 2433 1638 2466 I
1669 2432 1722 2466 28.
1747 2432 1759 2477 11

287 2493 416 2536 templa
430 2507 471 2521 Ξ
485 2491 588 2536 ignes
601 2491 639 2524 in
652 2491 797 2535 templis
814 2491 980 2525 ardentes
994 2491 1042 2525 IV
1055 2490 1107 2524 68.
1126 2491 1139 2533 11
1156 2490 1258 2524 urbes
1274 2489 1398 2532 niqrae
1412 2504 1454 2517 Ξ
1466 2488 1606 2523 incolae
1618 2489 1762 2523 urbium

285 2548 385 2593 nigri
409 2549 425 2582 I
447 2548 502 2582 45.
520 2550 533 2591 11
550 2547 655 2582 urbes
678 2548 816 2591 sopitae
841 2563 882 2575 Ξ
907 2547 1048 2581 incolae
1072 2546 1216 2580 urbium
1241 2545 1350 2590 sopiti
1373 2546 1390 2579 Ι
1414 2544 1490 2579 243.

400 2605 620 2646 Materia
650 2619 741 2660 pro
773 2618 829 2645 ea
859 2618 932 2656 re,
974 2617 1107 2658 quae
1150 2617 1211 2644 ex
1240 2602 1470 2643 materia
1498 2601 1761 2643 fabricata

291 2678 393 2726 est,
424 2673 653 2729 ponitur:

379 2751 466 2775 aera
491 2755 532 2769 Ξ
557 2741 732 2784 tympana
756 2739 773 2773 I
795 2738 872 2773 227.
890 2741 903 2782 11
920 2738 1059 2774 testudo
1084 2753 1126 2766 Ξ
1151 2738 1229 2782 lyra
1253 2737 1282 2771 V
1304 2737 1381 2771 325.

384 2857 410 2900 ¹)
437 2870 478 2883 Ξ
504 2865 624 2901 opusc.
649 2854 683 2888 II
707 2865 767 2900 pp.
792 2853 858 2888 162
882 2864 958 2898 sqq.
