1930 3320
1002 300 1210 340 -60-

424 389 543 438 Illud,
573 398 810 438 quanquam
831 398 912 424 non
941 387 1039 425 satis
1066 386 1164 424 mihi
1193 391 1365 438 apparet
1386 388 1732 438 quemadmodum
1759 402 1833 441 per

372 453 515 490 falsam
548 454 752 488 astrorum
781 449 1098 500 descriptionem
1131 450 1182 489 ad
1212 463 1350 489 veram
1384 455 1588 490 astrorum
1618 453 1832 503 potestatis

370 513 747 564 interpretationem
781 513 918 551 accedi
958 513 1101 564 possit,
1129 526 1212 552 non
1248 519 1385 553 tamen
1418 527 1623 566 respuam,
1651 519 1691 554 et
1721 516 1834 566 quod

368 589 476 628 saepe
506 576 606 615 alias
633 576 764 614 visum
792 580 865 623 est,
890 576 1107 627 astrologis
1127 577 1278 616 scilicet
1305 577 1437 616 acrius
1457 577 1687 629 explicandi
1708 591 1832 630 quam

369 639 562 679 noscendi
581 639 669 678 caeli
690 639 870 678 studium
897 639 1034 687 fuisse,
1055 645 1095 679 et
1114 640 1318 696 interdum
1341 641 1392 679 ab
1412 641 1459 679 iis
1480 642 1637 691 generis
1663 642 1832 680 humani

369 704 493 742 vitam
517 715 563 742 ac
580 704 784 742 fortunam
803 715 852 741 ex
871 702 932 741 his
952 715 1189 754 suspensam
1210 716 1300 755 quae
1323 704 1362 742 in
1377 704 1494 743 astris
1514 709 1585 743 aut
1601 717 1682 744 non
1700 710 1834 749 essent

370 772 442 806 aut
461 767 579 806 aliter
599 770 747 814 essent,
767 767 806 805 id
827 766 867 804 in
890 766 1053 805 Manilio
1075 779 1237 818 quoque
1258 767 1529 806 animadverti
1541 769 1776 807 concedam.

422 833 477 869 De
495 830 717 879 astrologia
734 830 857 880 igitur
877 830 1186 881 disputandum.
1209 830 1416 881 quomodo
1438 843 1486 869 ea
1505 843 1530 869 a
1551 835 1690 870 nostro
1711 843 1831 883 expe-

369 894 518 933 diatur.
545 894 682 932 Multis
709 897 843 932 autem
874 894 943 944 qui
972 894 1020 932 de
1044 893 1346 932 Astronomicon
1373 893 1551 932 carmine
1577 885 1701 933 verba
1727 895 1833 934 fece-

370 962 478 1005 runt,
498 958 606 996 visus
627 962 687 996 est
704 961 827 1008 pocta
848 957 1034 995 Lucretio
1055 957 1358 1008 comparandus
1379 957 1389 979 ¹
1413 971 1420 994 :
1444 969 1538 995 nam
1557 970 1638 1008 quo
1657 958 1834 1009 flagrans

369 1021 513 1060 ardore
536 1021 744 1059 Lucretius
766 1021 960 1059 Romanis
981 1020 1227 1071 persuadere
1248 1025 1433 1070 conatur,
1453 1021 1494 1059 in
1517 1020 1715 1072 Epicurea
1736 1021 1835 1060 doc-

368 1084 475 1123 trina
492 1089 531 1123 et
549 1084 762 1123 veritatem
782 1088 888 1122 stare
913 1096 1076 1122 omnem
1098 1089 1138 1122 et
1159 1083 1410 1131 felicitatem,
1430 1088 1555 1135 utque
1573 1084 1695 1123 faciat
1711 1083 1832 1122 fidem

367 1148 610 1197 legentibus,
649 1160 772 1198 quam
809 1148 894 1197 ipse
931 1147 1094 1186 firmam
1130 1151 1170 1185 et
1201 1147 1485 1186 inconcussam
1521 1147 1659 1192 habet,
1692 1159 1835 1186 omnes

367 1210 521 1260 ingenii
547 1211 666 1258 vires,
692 1215 731 1249 et
757 1210 883 1249 animi
910 1210 1092 1260 affectus,
1120 1214 1159 1248 et
1185 1210 1293 1261 quod
1321 1223 1503 1262 unquam
1533 1210 1575 1248 in
1600 1209 1834 1261 eloquentia

368 1277 407 1312 et
434 1273 547 1323 poesi
569 1273 730 1311 virtutis
760 1274 851 1318 suit,
878 1273 1055 1311 studiose
1081 1273 1297 1324 impendit,
1320 1273 1477 1320 eodem,
1507 1278 1551 1312 ut
1576 1273 1656 1311 illis
1684 1273 1832 1324 placet,

363 1336 501 1375 studio
523 1348 716 1375 accensus
743 1336 929 1374 Manilius
961 1340 1165 1374 astrorum
1192 1337 1297 1374 vires
1329 1336 1571 1374 mortalibus
1590 1336 1752 1387 pandit.
1779 1337 1835 1374 Ac

368 1399 491 1438 verba
526 1412 546 1437 c
581 1399 820 1437 Christianae.
853 1399 1063 1448 religionis
1092 1399 1312 1437 annalibus
1346 1399 1652 1449 transferentes,
1685 1400 1836 1438 Lucre-

369 1463 468 1501 tium
491 1463 605 1501 aiunt
627 1475 835 1514 unumque
856 1475 948 1501 cum
970 1462 1039 1501 illo
1059 1462 1269 1501 Manilium
1292 1463 1449 1501 fervore
1471 1463 1650 1513 quodam
1672 1465 1836 1513 aposto-

368 1526 445 1565 lico
467 1539 558 1577 quae
580 1527 784 1577 complexi
805 1530 922 1564 erant
942 1526 1139 1576 dogmata
1158 1526 1341 1577 profiteri
1361 1530 1400 1564 et
1420 1526 1658 1576 praedicare.

420 1591 484 1636 At,
507 1591 550 1628 ni
576 1590 711 1636 fallor,
737 1594 820 1628 tam
843 1589 1029 1628 Lucretio
1057 1589 1359 1641 comparandus
1380 1589 1579 1639 Manilius,
1601 1601 1726 1640 quam
1745 1589 1835 1627 AEs-

366 1652 488 1703 ehylo
512 1654 678 1691 Seneca.
695 1655 796 1691 Nam
815 1653 952 1690 nullus
972 1665 1054 1691 non
1085 1653 1277 1691 carminis
1297 1652 1343 1690 de
1363 1653 1522 1693 Natura
1542 1665 1674 1690 rerum
1696 1664 1836 1690 versus

366 1717 554 1754 intimam
582 1720 907 1766 aestuantemque
939 1716 1154 1754 scribentis
1184 1715 1488 1767 persuasionem
1513 1715 1724 1754 declarat:
1754 1727 1837 1766 qua

368 1780 512 1829 plenus
533 1783 572 1818 et
600 1779 812 1817 exundans
840 1779 942 1817 alios
963 1791 1127 1830 quoque
1154 1779 1389 1829 contingere
1411 1783 1450 1817 et
1469 1779 1713 1830 perfundere
1731 1777 1832 1817 vult.

369 1843 549 1894 Cumque
570 1843 655 1894 ipse
675 1842 839 1894 Epicuri
861 1843 1033 1894 repertis
1053 1842 1194 1891 fretus,

552 1983 668 2016 Metus
690 1991 820 2015 omnes
843 1980 1117 2026 strepitumque
1137 1979 1362 2015 Acheruntis
1382 1979 1483 2014 avari

369 2111 540 2162 pedibus
572 2111 804 2161 subjecerit,
830 2111 1078 2161 cognitaque
1099 2111 1260 2161 penitus
1284 2115 1431 2149 natura
1450 2121 1667 2160 rerumque
1688 2109 1833 2156 causis,

367 2175 524 2214 cunctis
559 2174 750 2213 humanae
786 2174 907 2212 sortis
946 2174 1065 2213 malis
1105 2187 1146 2213 se
1183 2174 1394 2223 exemerit,
1429 2185 1580 2222 magno
1618 2171 1834 2210 hominum

369 2251 509 2277 amore
535 2238 604 2276 ille
630 2238 756 2277 homo
782 2237 984 2288 impulsus
1008 2237 1324 2288 laborantesque
1350 2237 1579 2282 miseratus,
1609 2235 1836 2287 tranquilli-

369 2302 464 2340 tatis
487 2314 570 2339 suae
600 2313 647 2339 ac
674 2301 814 2351 gaudii
843 2301 1044 2352 principia
1069 2305 1110 2339 et
1131 2301 1264 2339 fontes
1289 2300 1433 2350 aperit,
1458 2303 1647 2350 totusque
1674 2299 1716 2336 in
1740 2298 1832 2344 hoc,
1853 2324 1860 2332 -

366 2364 430 2402 sui
450 2364 614 2412 oblitus,
638 2364 793 2402 nullam
825 2363 999 2414 gloriam
1027 2375 1073 2402 ac
1101 2363 1266 2402 laudem
1295 2367 1447 2413 captat,
1470 2362 1549 2401 nisi
1574 2362 1728 2413 ignaris
1750 2373 1838 2413 per-

364 2427 566 2466 suadendi
589 2431 712 2478 atque
739 2427 967 2465 auxiliandi
993 2426 1165 2465 miseris.
1194 2426 1308 2465 Unde
1338 2426 1497 2464 nullum
1526 2438 1609 2465 non
1638 2425 1836 2476 eloquen-

368 2490 433 2529 tiae
463 2491 617 2539 lumen,
640 2490 798 2529 nullum
828 2502 909 2528 non
944 2490 1151 2541 poeticum
1177 2489 1301 2529 decus
1327 2489 1498 2540 accepit,
1527 2501 1609 2528 non
1641 2488 1737 2539 quia
1765 2500 1838 2539 per

363 2567 408 2592 se
441 2553 698 2604 splendebat,
733 2553 802 2592 sed
837 2553 934 2604 quia
966 2553 1220 2604 propositam
1254 2553 1560 2604 persuasionem
1592 2551 1796 2591 efficiebat
1825 2562 1835 2590 ε

367 2629 499 2669 neque
528 2617 685 2656 lumina
713 2620 972 2656 consectatus
999 2620 1073 2667 est,
1095 2616 1167 2656 sed
1197 2620 1454 2668 argumenta,
1477 2628 1568 2667 quae
1594 2627 1679 2655 non
1705 2613 1835 2654 delec-

407 2768 435 2797 1.
454 2766 783 2806 Bouche-Leclercq,
810 2765 896 2797 Hist.
923 2765 965 2796 de
993 2765 1026 2797 la
1054 2766 1266 2805 Divination,
1288 2766 1314 2806 Ι,
1337 2767 1407 2797 283.
1429 2785 1463 2790 —
1493 2765 1657 2804 Boissier,
1682 2762 1836 2804 Reliqion

366 2812 529 2848 romaine,
553 2812 593 2851 11,
615 2813 684 2844 ¹66.
704 2830 742 2834 —
762 2812 905 2852 Teuffel,
923 2811 988 2843 Lit.
1007 2821 1103 2848 rom„
1123 2813 1192 2844 248.
