1930 3320
783 234 1063 274 ..15—

162 360 377 412 eaetollmzt,
419 361 463 402 M
494 372 536 402 se
564 359 773 411 attollunt,
807 357 929 402 codd.
964 358 1102 401 ceteri
1131 371 1204 401 sex
1235 358 1418 414 tollunt),
1467 357 1564 400 *IV
1595 360 1678 401 608

163 428 304 484 (sequ.
335 429 571 480 effunden83
606 427 728 472 codd.
762 442 913 470 omnes
946 427 1086 469 laevas
1115 426 1373 483 effundens);
1413 427 1472 469 de
1504 427 1594 469 *IV
1625 429 1678 469 46

164 498 300 554 (sequ.
332 497 473 546 (παίω
518 496 567 539 de
599 510 653 539 ex
684 497 934 539 coniectura
950 496 1156 557 Bentleii,
1201 496 1324 539 codd.
1355 497 1465 539 haec
1496 496 1676 539 habent:

163 565 203 608 G
234 566 381 620 quodq.
412 566 544 617 exule,
575 566 612 607 L
643 581 668 608 a
698 566 839 623 prima
876 580 1007 608 manu
1038 566 1148 619 quod
1176 567 1316 618 exule,
1362 566 1399 608 L
1430 581 1456 609 a
1489 566 1679 609 secunda

75 683 80 687 ἡ
161 649 292 678 manu
336 635 446 688 quod
474 636 514 677 c&
543 635 681 687 exule,
727 635 785 681 V1
824 635 857 677 O
903 638 1000 689 quot
1029 636 1070 677 c&
1098 635 1239 687 exule,
1287 636 1347 682 V2
1396 636 1506 689 quod
1548 636 1678 687 exule,

161 703 207 746 M
251 718 293 760 q3
334 703 495 760 exule);
558 718 665 747 eum
723 704 745 746 I
803 706 884 747 287
946 704 1086 762 (sequ.
1132 705 1246 761 aer),
1309 705 1354 747 II
1406 707 1486 747 136
1537 704 1677 762 (sequ.

159 773 217 816 ad
261 773 442 829 sidera),
491 775 572 816 770
631 773 771 830 (sequ.
811 773 990 831 omnia),
1042 773 1109 815 HI
1157 776 1237 816 194
1289 772 1427 830 (eequ.
1472 774 1678 831 obducta),

162 845 243 885 505
299 844 438 900 (sequ.
495 845 663 894 exacta3
727 843 901 886 codices
957 843 1067 886 haec
1123 843 1364 900 praebent:
1425 842 1466 885 Gr
1515 843 1575 890 V2
1628 858 1679 886 ex

159 912 237 956 hae
263 912 378 967 fides,
415 913 451 955 L
481 926 532 955 ex
570 913 647 956 hae
677 913 782 967 fides
823 911 988 970 [addito
1020 927 1046 954 a
1077 926 1207 954 manu
1249 911 1441 955 secunda
1471 913 1537 955 uel
1566 913 1680 955 sedes

163 997 294 1039 supra
310 981 447 1039 fides]‚
480 982 513 1025 O
535 983 592 1029 V1
620 983 666 1025 M
686 996 738 1025 ex
758 982 834 1025 hae
853 982 999 1035 sedes),
1032 982 1096 1024 IV
1113 984 1195 1024 547
1216 981 1356 1038 (sequ.
1379 982 1677 1037 autumnales);

158 1052 244 1094 iam
273 1051 295 1093 I
327 1054 403 1094 291
441 1051 582 1108 (sequ.
615 1051 853 1108 inclinari),
883 1051 949 1094 IV
982 1053 1035 1093 53
1069 1051 1209 1109 (sequ.
1242 1052 1399 1108 etiam).

275 1122 326 1165 In
358 1122 497 1180 prima
526 1122 772 1165 hexametri
804 1122 918 1165 thesi
956 1122 1070 1180 apud
1101 1121 1331 1165 Manilium
1373 1122 1498 1165 elisio
1531 1136 1679 1164 mono-

161 1191 318 1248 syllabi
372 1205 458 1234 non
518 1192 729 1244 occurrit,
783 1192 828 1234 in
873 1191 988 1234 thesi
1035 1191 1159 1249 pedis
1204 1191 1383 1234 secundi
1429 1191 1537 1234 locis
1585 1191 1677 1234 his:

159 1260 181 1302 I
213 1261 296 1302 604
327 1265 372 1303 et
402 1259 492 1302 *ΠΙ
524 1261 627 1310 343;
670 1260 714 1302 in
751 1261 880 1303 tertia
911 1261 1104 1317 itemque
1138 1261 1182 1303 in
1214 1265 1369 1318 quarta
1400 1260 1516 1303 thesi
1552 1261 1678 1303 elisio

160 1330 279 1372 nulla
318 1334 405 1383 est,
445 1331 490 1372 in
532 1330 682 1386 quinta
718 1329 763 1371 ΙΙ
797 1332 891 1372 749.
926 1332 1020 1372 770.
1061 1329 1153 1372 *IV
1184 1333 1251 1380 46,
1291 1331 1336 1372 in
1377 1334 1505 1382 sexta
1543 1331 1676 1372 nulla.

96 1435 104 1443 .
160 1399 212 1441 In
242 1399 328 1442 arsi
359 1399 542 1456 spondei
578 1400 766 1456 legimus
799 1400 908 1442 elisa
940 1399 1244 1456 monosyllaba
1286 1400 1417 1442 haec:
1461 1400 1506 1442 in
1550 1400 1679 1457 primi

162 1468 284 1525 pedis
333 1469 419 1511 arsi
471 1468 690 1511 eliduntur
732 1482 823 1510 eum
869 1468 890 1509 I
928 1470 1025 1512 287.
1092 1468 1161 1509 III
1194 1471 1287 1512 194.
1320 1471 1417 1511 505.
1477 1468 1542 1511 IV
1581 1471 1677 1523 547,

160 1538 244 1580 iam
275 1537 297 1579 I
331 1539 426 1580 291.
475 1536 540 1579 IV
572 1538 640 1591 53,
680 1550 786 1590 quae
816 1536 883 1578 *Π
914 1539 1010 1591 924,
1050 1538 1095 1579 in
1125 1538 1214 1580 arsi
1243 1537 1368 1595 pedis
1400 1538 1519 1581 tertii
1551 1538 1676 1581 elidi-

161 1612 230 1651 tur
273 1620 316 1649 se
363 1605 467 1647 *ΠΙ
498 1607 593 1648 489.
654 1604 742 1647 *IV
772 1607 881 1660 608,
928 1606 1051 1664 pedis
1086 1607 1228 1663 quarti
1261 1621 1353 1650 eum
1382 1607 1427 1649 II
1461 1609 1554 1659 136,
1602 1607 1676 1661 qui

158 1677 317 1720 11171.
377 1675 429 1718 In
461 1676 549 1718 arsi
580 1675 741 1732 dactyli
774 1676 896 1719 elidit
911 1676 1118 1719 Manilius
1141 1677 1354 1720 vocabula
1374 1677 1676 1734 monosyllaba

159 1747 268 1789 haec
307 1750 435 1803 atque
478 1760 531 1788 ea
566 1745 611 1787 in
649 1746 794 1802 priore
835 1760 984 1788 arseos
1018 1747 1204 1803 syllaba:
1247 1749 1283 1788 te
1323 1746 1424 1788 *ΠΙ
1456 1748 1538 1788 507
1570 1745 1675 1803 (non

158 1815 243 1858 seri
288 1817 325 1858 te
369 1815 503 1858 obitus
550 1830 607 1858 ex
636 1815 830 1858 Bentleii
877 1814 1148 1872 coniectura)
1195 1816 1241 1858 in
1278 1816 1389 1874 pede
1429 1817 1674 1859 hexametri

160 1885 312 1938 altero,
346 1888 390 1926 et
420 1884 507 1925 iam
527 1883 592 1926 IV
614 1885 667 1925 53
691 1882 800 1940 (cum
832 1883 916 1926 iam
945 1884 1070 1926 etiam
1096 1883 1256 1941 posses)
1288 1885 1333 1927 in
1364 1885 1502 1942 primo
1534 1885 1672 1928 hexa-

160 1953 288 1997 metri
317 1953 488 2009 dactylo
503 1953 550 2008 ¹).

274 2022 561 2078 Dactylica
612 2023 657 2064 in
707 2037 767 2065 -m
809 2023 1066 2066 exeuntia
1112 2023 1222 2065 elisa
1271 2024 1531 2080 insequente
1579 2039 1672 2067 eor-

160 2096 284 2150 repta
313 2093 383 2134 vel
404 2088 540 2134 'acuta
570 2092 690 2134 nulla
719 2092 895 2148 repperi
925 2092 1010 2134 nisi
1040 2091 1082 2133 V
1114 2093 1194 2133 735
1218 2092 1461 2145 proximum
1491 2095 1675 2147 equester

161 2161 232 2218 (cf.
264 2160 417 2218 infra);
467 2161 770 2218 pyrrhichiaoa
804 2161 956 2204 eadem
999 2161 1254 2204 condicione
1286 2161 1507 2204 eliduntur
1536 2163 1671 2206 haec:

158 2231 181 2273 I
203 2233 256 2274 90
286 2230 396 2272 enim
427 2234 527 2272 ante
558 2243 609 2272 ex
641 2234 684 2274 et
713 2230 758 2271 H
777 2231 858 2292 347
874 2230 982 2272 enim
1015 2234 1115 2273 ante
1147 2243 1217 2283 an,
1249 2235 1434 2288 utroque
1466 2232 1510 2274 in
1542 2247 1674 2275 versu

159 2301 240 2354 ita,
281 2304 330 2343 ut
365 2299 623 2343 vocabulum
653 2300 1002 2357 monosyllabum
1042 2300 1290 2357 proximum
1327 2301 1372 2343 in
1402 2301 1518 2344 thesi
1548 2302 1672 2360 pedis

160 2369 340 2413 secundi
369 2369 559 2426 positum
590 2369 659 2411 sit.

275 2438 592 2496 Spfiondiaca
640 2443 921 2494 sequente
967 2439 1114 2482 brevi
1169 2439 1388 2483 eliduntur
1435 2455 1461 2483 a
1490 2440 1672 2484 Manilio

160 2509 287 2551 haec:
316 2507 369 2549 In
398 2507 538 2564 prima
568 2507 813 2550 hexametri
843 2508 948 2550 arsi:
980 2508 1002 2549 I
1032 2511 1111 2551 641
1150 2509 1327 2564 Quando
1356 2509 1479 2559 aliis3
1511 2509 1557 2551 II
1590 2512 1670 2553 788

161 2581 206 2620 et
235 2576 302 2618 HI
335 2579 414 2619 169
445 2577 560 2631 Erqo
589 2590 682 2631 aye;
723 2577 790 2618 ΙΠ
823 2579 903 2620 328
935 2578 1050 2632 Eryo
1080 2578 1165 2621 ubi.
1224 2578 1276 2621 In
1322 2579 1502 2622 secundi
1546 2579 1671 2636 pedis

160 2646 266 2688 arsi:
297 2645 366 2687 III
396 2646 478 2688 378
508 2659 601 2700 eryo
632 2646 778 2689 oeulos.
837 2647 1105 2691 Monendum
1143 2653 1288 2692 autem
1327 2654 1394 2692 est
1434 2653 1478 2691 et
1505 2649 1672 2702 quando

162 2719 207 2758 et
237 2728 330 2769 erqo
359 2715 446 2757 iam
478 2719 576 2758 ante
608 2715 776 2758 Manilii
805 2721 1003 2775 tempora
1039 2733 1065 2761 a
1095 2719 1237 2776 poetis
1279 2719 1323 2761 in
1359 2718 1541 2761 brevem
1573 2732 1671 2760 esse

255 2821 282 2864 ¹)
312 2819 366 2854 De
397 2818 549 2854 elisione
584 2820 924 2864 monosyllaborum
955 2822 1119 2858 conferas
1162 2822 1242 2858 Iul.
1277 2821 1454 2863 Schulz⁷
1496 2821 1670 2867 Beitrttge

161 2889 223 2912 zur
246 2877 311 2912 lat.
337 2876 474 2912 Metrik
499 2877 526 2919 I,
554 2877 711 2912 Gedanii
738 2878 827 2914 1872
852 2891 914 2924 pp.
942 2879 984 2914 13
1010 2881 1047 2915 et
1070 2880 1125 2915 20.
