1910 3250
0 2745 19 2988 yffw-u:m=r··r.·w
0 2638 9 2722 ,
0 2583 3 2599 ,,
3 2532 5 2534 ,

279 671 413 733 Artis
453 689 780 746 astrologorum,
831 690 901 747 qui
948 691 1052 733 mira
1089 691 1268 748 quadam
1307 691 1418 749 apud
1452 692 1665 735 Romanos

131 763 374 804 auctoritate
406 760 467 802 usi
498 765 606 811 sunt,
639 759 910 802 clarissimum
943 761 1059 803 nobis
1090 767 1297 803 servatum
1330 767 1390 804 est
1421 776 1664 804 monumen-

133 834 237 884 tum,
265 829 569 873 astronomicon
597 828 687 870 dico
711 828 835 870 libros
861 829 913 883 V,
937 830 1007 886 qui
1028 830 1105 871 sub
1127 829 1286 872 Manilii
1308 830 1473 873 nomine
1494 831 1665 873 circum-

133 899 336 944 feruntur.
409 898 464 940 Hi
496 913 577 955 quo
610 898 696 940 fere
732 904 918 954 tempore
959 899 1177 956 conscripti
1209 900 1302 952 sint,
1348 915 1440 942 cum
1481 900 1663 943 nondum

132 969 231 1013 satis
261 974 448 1012 constare
470 967 672 1020 videatur,
702 981 780 1023 ego
803 968 879 1009 hac
910 968 1194 1011 dissertatione
1214 968 1247 1011 si
1269 968 1320 1011 ad
1351 969 1666 1012 discernendam

131 1039 245 1082 illam
286 1038 567 1095 quaestionem
611 1051 741 1093 pauca
770 1036 960 1090 attulero,
1002 1052 1172 1094 operam
1214 1053 1281 1081 me
1322 1054 1404 1081 non
1437 1038 1665 1096 perdidisse

131 1108 310 1152 credam.
374 1106 433 1151 Ut
464 1113 602 1148 autem
635 1121 871 1162 cognoscaS,
906 1115 1165 1164 quantopere
1195 1108 1395 1150 fluctuent
1435 1109 1664 1151 sententiae

131 1193 273 1222 eorum
305 1177 501 1231 virorum,
535 1176 604 1233 qui
623 1176 728 1218 hanc
757 1183 839 1218 tam
861 1177 1031 1218 arduam
1055 1192 1142 1219 rem
1173 1178 1358 1233 aggressi
1389 1184 1497 1231 sunt,
1521 1192 1664 1221 omnes

132 1249 173 1291 in
215 1263 297 1290 uno
336 1253 558 1304 conspectu
599 1260 753 1303 ponere
795 1246 966 1288 fortasse
1007 1247 1204 1302 proderit.
1223 1246 1252 1302 ¹)
1325 1247 1468 1304 Atque
1510 1254 1555 1289 ut
1594 1262 1664 1290 eos

132 1324 403 1376 praeteream,
435 1316 506 1373 qui
535 1315 824 1357 Theodosiana
855 1322 989 1358 aetate
1016 1315 1203 1359 floruisse
1234 1317 1538 1360 astronomicon
1570 1332 1664 1359 auc-

272 1412 296 1450 ¹)
322 1410 464 1442 Praesto
489 1409 575 1441 mihi
602 1413 699 1441 erant
724 1409 830 1441 haece
857 1410 995 1442 Manilii
1023 1409 1217 1444 editiones:

168 1471 198 1503 1.
222 1468 312 1502 Julii
338 1467 479 1500 Firmici
506 1467 660 1499 Materni
686 1467 792 1500 editio
828 1468 1115 1501 Basileensis
1148 1479 1240 1502 anno
1270 1469 1357 1501 1533
1385 1472 1478 1510 nata,
1507 1469 1563 1501 cui
1589 1470 1663 1502 Ma·

222 1526 300 1559 nilii
326 1535 467 1570 quoque
493 1525 750 1558 astronomicon
776 1525 859 1570 libri
885 1526 914 1557 V
940 1526 1073 1558 insunt.

165 1587 198 1618 2.
222 1586 269 1618 M.
288 1583 428 1616 Manilii
448 1583 701 1616 astronomicon
721 1593 797 1615 eum
823 1584 909 1616 JOS.
935 1582 1123 1626 Scalige
1136 1583 1171 1615 ri
1197 1583 1410 1618 auctioribus
1428 1585 1519 1617 curis
1537 1585 1663 1618 edente

222 1644 278 1676 Jo.
314 1642 423 1674 Henr.
458 1641 626 1674 Boeclero
662 1642 828 1683 impensis
860 1642 916 1674 Jo.
942 1641 1118 1674 Joachimi
1145 1641 1416 1675 Boekenbofl'eri
1442 1644 1664 1686 Argentorati

223 1701 332 1741 16555
367 1702 401 1732 et
432 1700 506 1732 Jos.
541 1698 722 1741 Scaligeri,
754 1699 828 1732 Jul.
862 1700 963 1733 Caes.
997 1700 1034 1740 f.‚
1068 1699 1311 1742 castigationes
1345 1704 1378 1732 et
1409 1704 1512 1733 notae
1545 1701 1582 1733 in
1615 1701 1663 1733 M.

221 1758 362 1791 Manilii
387 1757 655 1796 astronomicon,
681 1757 726 1789 ab
753 1757 827 1798 ipso
853 1760 994 1790 auctore
1012 1758 1212 1800 recognitae
1230 1758 1492 1800 luculentisque
1517 1759 1662 1792 accessi·

225 1816 352 1848 onibus
378 1814 568 1858 plurimum
596 1813 802 1857 locupletae.

163 1873 196 1908 3.
223 1874 270 1906 M.
298 1873 437 1906 Manilii
465 1872 722 1905 astronomicon
761 1882 803 1904 ex
831 1882 896 1905 rec.
924 1876 958 1905 et
982 1883 1058 1905 cum
1084 1874 1175 1906 notis
1202 1873 1427 1906 Richardi
1455 1874 1661 1907 Bentleii

222 1930 375 1964 Londini
403 1931 504 1962 1739.

159 1989 192 2024 4.
220 1989 267 2022 Μ.
292 1989 388 2021 Man.
413 1991 541 2020 astron.
575 1997 619 2019 ex
653 1997 719 2020 rec.
754 1988 793 2020 R.
820 1987 973 2020 Bentleii
1007 1998 1090 2021 cura
1115 1991 1150 2021 et
1181 1988 1299 2022 studio
1325 1989 1372 2022 M.
1398 1989 1501 2022 Eliae
1527 1989 1660 2023 Stoe-

218 2047 329 2080 beri.
355 2045 578 2088 Argentorati
613 2046 708 2078 1767.

164 2106 196 2139 5.
221 2106 269 2138 M.
294 2105 389 2137 Man.
414 2107 543 2136 astron.
569 2103 698 2136 edente
723 2103 787 2136 Al.
814 2104 852 2137 C.
875 2103 1053 2147 Pingre.
1084 2104 1228 2137 Parisiis
1258 2103 1343 2138 1786
1370 2104 1557 2146 (Gallicam
1584 2115 1662 2137 ver·

218 2163 354 2196 sionem
379 2162 586 2199 continens).

161 2221 192 2256 6.
217 2219 390 2262 Joseph
426 2220 598 2252 Merkel
634 2219 694 2252 des
723 2220 767 2252 M.
802 2219 970 2252 Manilius
1004 2219 1285 2263 Himmelskugel
1320 2220 1380 2253 lat.
1418 2221 1490 2254 und
1515 2221 1660 2254 deutscb

216 2279 270 2322 (B.
296 2278 336 2320 Ι.)
360 2277 640 2320 Aschaffenburg
675 2278 774 2310 1844.
824 2278 979 2310 Alteram
1006 2277 1110 2310 huius
1142 2278 1261 2310 libelli
1295 2278 1483 2311 editionem
1510 2283 1548 2311 ut
1572 2280 1662 2312 mihi

219 2346 458 2380 compararem
485 2335 559 2367 fieri
587 2346 653 2366 non
681 2335 805 2377 potuit.

161 2395 194 2430 7.
223 2396 269 2428 M.
295 2395 390 2428 Man.
417 2394 674 2426 astronomicon
692 2393 772 2425 libri
801 2393 956 2436 quinque
975 2404 1040 2426 rec..
1066 2394 1162 2429 Frid.
1190 2394 1352 2435 Jacob,
1372 2394 1529 2426 Berolini
1557 2396 1657 2436 1846,

218 2453 315 2485 cuius
340 2462 503 2484 numeros
528 2452 564 2483 in
590 2451 740 2483 citandis
766 2455 893 2494 poetae
911 2452 1066 2485 versibus
1093 2456 1230 2485 secutus
1255 2463 1342 2486 sum.
1372 2452 1571 2485 Dolendum
1598 2457 1659 2495 est,

218 2509 310 2553 quod
330 2510 376 2542 M.
403 2509 521 2542 Bech
535 2519 553 2541 e
566 2513 604 2541 rt
629 2510 670 2551 is,
698 2509 760 2551 qui
778 2509 821 2541 de
839 2509 1050 2542 emendandi
1070 2509 1210 2542 Manilii
1230 2510 1365 2543 ratione
1381 2510 1538 2553 (Lipsiae
1559 2511 1658 2553 1878,

217 2568 414 2610 eademque
447 2567 482 2599 in
509 2567 628 2609 Leipz.
666 2566 813 2601 Studien
839 2578 902 2599 zur
926 2567 1032 2600 klass.
1058 2567 1149 2601 Phil.
1172 2568 1189 2599 1
1215 2567 1302 2600 Hest
1327 2569 1359 2610 2,
1395 2568 1481 2609 Lp7..
1511 2570 1597 2602 1878
1623 2581 1657 2611 p.

219 2625 348 2664 1-63)
380 2625 531 2667 scripsit,
564 2635 690 2657 novam
718 2635 821 2667 quam
852 2625 1028 2668 pollicitus
1062 2629 1112 2658 est
1145 2625 1202 2668 (ef.
1228 2626 1376 2659 Bursian
1402 2625 1566 2659 Jahresb.
1593 2626 1657 2660 Bd.

218 2684 274 2716 20.
303 2683 399 2716 1880.
425 2693 459 2724 p.
485 2684 564 2722 274)
590 2682 780 2715 editionem
813 2683 968 2715 nondum
1004 2683 1230 2725 comparavit,
1264 2693 1353 2726 quae
1386 2684 1542 2716 omnium
1569 2684 1657 2717 votis

217 2740 377 2774 sitienter
414 2741 600 2783 expetitur.
658 2740 963 2784 Francogallieam
997 2744 1112 2774 autem
1152 2742 1349 2774 versionem
1382 2751 1498 2783 nuper
1530 2741 1656 2774 factam

217 2797 366 2841 adipisci
392 2797 557 2839 nequivi:
594 2799 633 2830 L.
658 2798 884 2832 Ricouart
909 2799 960 2831 les
987 2799 1068 2841 cinq
1094 2799 1197 2832 livres
1223 2799 1284 2832 des
1310 2800 1587 2841 astronomiques
1612 2800 1656 2832 de

218 2855 358 2888 Marcus
386 2855 564 2888 Manilius.
598 2855 808 2889 Traduction
836 2867 881 2889 en
905 2867 991 2890 vers.
1010 2858 1120 2900 Paris,
1146 2856 1285 2891 Picard.
1314 2857 1401 2889 1884
1427 2856 1487 2901 [of.
1507 2857 1655 2890 Bursian

217 2913 378 2946 Jahresb.
405 2916 428 2945 t.
456 2914 510 2945 37.
536 2913 808 2956 Anzeigeblatt).
