1942 3308
739 238 1024 288 ...61—

119 375 302 418 manicus
342 389 416 416 suo
460 374 712 416 Aratcorum
761 373 972 432 prooemio
1018 371 1176 415 Manilii
1219 371 1436 415 exordium
1482 370 1645 414 videtur

119 444 301 487 imitatus
334 459 434 488 esse.
496 444 717 486 Praeterea
749 459 830 486 non
862 442 938 485 nisi
969 442 1201 484 rarissimae
1224 441 1475 484 locutionum
1504 441 1645 483 simili-

121 513 280 555 tudines
321 512 606 563 inveniuntur3
650 513 701 556 cf.
735 511 909 555 Cramer
941 527 979 568 p.
1010 510 1080 554 58.
1142 511 1208 553 De
1237 509 1370 552 Fastis
1409 525 1508 553 vero
1545 510 1644 567 quid

119 581 385 624 iudicandum
417 588 535 631 esset,
565 597 646 624 non
680 581 778 622 mihi
807 580 991 636 contigit,
1025 587 1069 622 ut
1097 580 1194 622 satis
1226 580 1500 623 enuclearem.
1541 579 1644 622 Rec-

118 651 274 694 tissime
303 652 574 694 vehementer
603 651 812 693 dubitasse
844 649 1088 693 Cramerum
1121 649 1317 699 iudicans,
1352 665 1451 691 num
1479 650 1519 691 in
1543 666 1581 693 v,
1606 649 1643 690 V

122 721 203 763 176
241 721 330 775 (Te,
373 721 595 776 Meleayre,
637 722 779 763 colunt
805 720 1002 774 flammis
1031 719 1320 762 habitantibus
1350 719 1473 775 [corr.
1506 719 1643 763 Bentl.

119 790 379 845 absentibus]
414 791 567 844 ustum)
599 789 861 845 agnoscenda
883 796 1002 842 esset,
1035 804 1114 844 ego
1136 795 1326 831 neutrum
1355 789 1487 830 locum
1511 803 1645 845 neque

118 859 336 902 Fastorum
361 859 416 915 (V
436 859 519 902 305
542 859 714 915 Respice
749 859 1021 901 'l'hestiadew
1042 858 1238 912 flammis
1260 851 1497 900 absentibus
1519 860 1645 912 arsit)

118 943 254 986 neque
285 928 414 970 Ibidis
446 929 551 985 (599
585 929 726 970 Natus
758 933 801 970 ut
827 927 1029 970 Althaeae
1046 927 1242 982 flavtmis
1262 927 1498 970 absentibus
1519 930 1645 981 arsit)

117 997 336 1041 Manilium
380 1005 476 1040 ante
521 998 660 1041 oculos
707 997 921 1050 babuisse,
973 997 1045 1038 sed
1093 1012 1211 1038 suum
1258 1012 1421 1039 versum
1466 998 1645 1040 scribere

118 1066 302 1122 potuisse
332 1067 536 1110 contendo
566 1067 652 1109 eius
684 1066 928 1108 narrationis
957 1066 1230 1119 recordatum,
1261 1081 1385 1122 quam
1412 1066 1510 1110 Met.
1536 1066 1645 1109 VIII

117 1137 288 1193 legerat,
323 1136 523 1193 imprimis
552 1152 590 1179 v,
614 1136 723 1179 515:
755 1135 923 1178 Inscius
954 1140 1078 1191 atque
1109 1135 1256 1177 absens
1275 1135 1461 1188 flamma
1493 1135 1646 1178 Melea-

114 1220 215 1262 gros
253 1208 297 1249 in
336 1207 416 1248 illa
457 1205 638 1259 Uritur;
679 1204 792 1246 cuius
835 1204 961 1260 partis
1001 1204 1040 1244 in
1086 1203 1327 1245 memoriam
1375 1204 1497 1246 etiam
1546 1204 1645 1246 illud

117 1290 297 1318 munera
329 1274 391 1328 (V
426 1275 531 1327 1773
563 1274 613 1317 cf.
648 1273 747 1317 Met.
781 1272 881 1314 VIII
911 1273 1018 1325 502)
1058 1272 1268 1330 scripsisse
1307 1279 1428 1329 poeta
1470 1273 1645 1326 videtur,

118 1344 227 1402 quod
259 1344 362 1386 falso
393 1343 595 1386 removeri
623 1342 664 1384 in
694 1342 864 1399 eiusque
893 1342 1026 1384 locum
1053 1346 1201 1384 mutua
1231 1342 1419 1383 substitui
1453 1349 1548 1384 sunt
1574 1343 1645 1400 qui

118 1412 260 1457 velint.
312 1413 417 1455 Tam
446 1411 601 1454 similes
629 1418 779 1464 autem,
814 1417 858 1452 ut
888 1425 1020 1467 paene
1042 1409 1216 1452 eFastis
1241 1410 1405 1453 deducti
1429 1411 1647 1454 videantur

118 1497 220 1535 esse,
252 1489 348 1524 sunt
379 1496 522 1523 versus
553 1481 618 1522 hi:

118 1563 232 1607 Man.
264 1562 302 1603 V
333 1562 417 1604 224
449 1562 591 1605 Corda
622 1564 780 1604 micant
811 1567 848 1604 et
878 1562 1029 1618 linqua
1059 1561 1171 1603 rabit

122 1631 417 1677 Fast.111331
450 1632 592 1674 Corda
623 1634 783 1674 micant
814 1633 926 1687 reyis

120 1701 233 1746 Man.
276 1701 314 1742 V
356 1701 440 1744 253
481 1701 597 1743 Cura
629 1702 880 1743 Ariadneae
911 1701 1126 1757 quomlam
1157 1704 1425 1742 monumenta
1455 1715 1648 1746 coronae.

120 1769 234 1814 Fast.
258 1771 326 1812 llI
353 1771 438 1813 513
470 1770 648 1828 Simque
678 1776 776 1813 tuae
802 1776 934 1812 tecum
952 1771 1126 1826 faciam
1158 1776 1426 1813 monumenta
1456 1785 1647 1815 coronae.

122 1838 232 1883 Man.
279 1839 311 1880 V
360 1840 444 1882 333
485 1839 567 1882 Ille
595 1840 713 1882 dabit
742 1845 890 1882 cantus
918 1842 1030 1882 inter
1061 1842 1250 1882 convivia
1278 1840 1420 1882 dulces

61 1966 65 1978 Ι
120 1907 295 1952 Fast.11
314 1909 395 1951 767
423 1909 519 1951 Iam
543 1910 718 1951 dederat
747 1914 895 1951 cantus
922 1910 1028 1951 lueis
1048 1912 1335 1965 praenuntius
1366 1910 1454 1951 ales

118 2041 238 2070 noster
261 2038 379 2080 potuit
404 2037 566 2070 condere.
613 2037 737 2081 Unger
761 2042 880 2070 autem
906 2037 944 2069 in
963 2037 1098 2070 traditis
1119 2038 1234 2070 verbis
1255 2037 1456 2071 Manilianis
1484 2038 1648 2071 mendum

122 2093 264 2127 haerere
289 2098 386 2127 ratus
413 2095 463 2135 (in
490 2095 668 2138 philologo
693 2106 724 2129 a.
755 2096 843 2128 1888
867 2107 902 2138 pt
928 2094 986 2138 80)
1011 2095 1110 2128 iussit
1135 2096 1183 2127 sic
1207 2095 1334 2129 scribi:

260 2151 345 2184 Hic
369 2152 582 2184 Hammon
609 2157 815 2194 superat:
842 2153 996 2186 solata
1022 2163 1073 2185 en
1099 2153 1288 2196 publica
1313 2152 1470 2184 damna

260 2209 461 2243 Privatis
487 2210 692 2243 lacrimis
716 2215 909 2244 ornatur
934 2211 1124 2244 victima
1149 2221 1335 2253 poenae.

122 2267 223 2308 Quae
249 2267 452 2300 coniectura
477 2278 557 2300 num
583 2269 666 2301 satis
693 2270 794 2302 certis
820 2269 932 2302 causis
958 2269 1050 2301 fulta
1076 2274 1218 2310 constet,
1246 2269 1366 2311 quaeri
1393 2272 1515 2311 potest.
1557 2270 1647 2302 Illud

57 2331 62 2335 ”
122 2325 262 2366 quidem
288 2324 380 2367 quod
406 2335 476 2357 una
502 2336 567 2358 neo
593 2326 811 2359 dissentienti
837 2327 993 2360 omnium
1027 2327 1196 2360 librorum
1227 2327 1539 2369 manuscriptorum
1565 2337 1648 2360 voce

122 2392 240 2415 versus
265 2383 333 2415 546
369 2383 526 2425 initium,
563 2384 667 2426 quale
692 2385 797 2428 vulgo
831 2385 1085 2426 circumfertur,
1119 2385 1261 2417 defendi
1287 2389 1413 2426 potest,
1447 2394 1518 2417 non
1545 2385 1649 2416 nimis

123 2441 240 2483 magni
292 2442 473 2474 aestimem
528 2442 621 2474 haud
672 2444 831 2486 ignarus,
879 2453 983 2485 quam
1024 2442 1141 2476 multis
1188 2442 1423 2486 gravibusque
1461 2442 1557 2475 vitiis
1595 2442 1648 2473 illi

122 2497 237 2531 affecti
261 2497 342 2531 sint.
391 2499 514 2541 Neque
530 2510 631 2543 nego,
659 2501 724 2533 etsi
743 2501 904 2533 universe
923 2504 1064 2532 auctore
1081 2510 1153 2532 non
1178 2500 1316 2532 adiecto
1341 2510 1363 2532 a
1388 2504 1493 2542 poeta
1518 2500 1649 2532 dictum

123 2558 175 2588 est
210 2557 452 2598 proposita
484 2562 551 2590 est
589 2568 776 2600 merces,
810 2559 965 2600 potuisse
997 2562 1113 2590 tamen
1148 2558 1328 2590 oraculum
1365 2557 1543 2591 Ammonis
1578 2567 1649 2588 non

122 2613 242 2656 inepte
275 2615 548 2658 commemorari,
581 2616 672 2648 sicut
707 2617 801 2659 apud
837 2615 1004 2649 Ovidium
1032 2617 1103 2648 Met
1139 2616 1188 2647 lv
1216 2616 1302 2655 671;
1330 2617 1358 2647 V
1389 2616 1449 2654 17;
1473 2615 1533 2647 sed
1559 2614 1649 2647 illud

123 2671 196 2703 hic
236 2671 352 2704 minus
394 2671 482 2705 duco
523 2674 739 2706 commodum
784 2677 818 2706 et
857 2673 975 2715 aptius
1024 2673 1170 2705 forsitan
1217 2677 1397 2714 exspectes
1442 2673 1649 2715 Iamque,

125 2728 220 2772 quod
244 2740 266 2762 a
289 2730 494 2762 traditarum
530 2731 720 2763 litterarum
756 2732 865 2764 ductu
898 2732 1036 2774 longius
1062 2731 1205 2764 recedit.
1255 2732 1386 2763 Verum
1414 2740 1484 2772 qua
1508 2731 1648 2763 tandem

124 2786 259 2830 Ungeri
283 2787 482 2821 emendatio
508 2789 767 2822 commendetur
797 2789 1011 2829 necessitate,
1039 2789 1232 2822 videndum
1259 2790 1333 2822 erit.
1382 2789 1456 2821 Non
1484 2791 1649 2829 opportu-

124 2854 207 2878 nam
233 2855 307 2880 esse
340 2846 527 2891 hymenaei
561 2847 775 2881 mentionem
807 2846 874 2880 iste
906 2846 1096 2880 arbitratur
1128 2857 1195 2880 nec
1226 2857 1298 2881 non
1329 2849 1584 2891 repugnantem
1616 2849 1650 2879 et

125 2903 282 2939 versibus
307 2905 338 2939 V
363 2905 430 2939 545
456 2914 507 2952 sq.
533 2907 568 2939 et
593 2905 622 2940 V
641 2905 709 2939 679
734 2915 785 2950 sq.
833 2903 937 2948 Quod
961 2904 1010 2938 ita
1027 2914 1099 2939 non
1125 2907 1188 2939 est,
1235 2904 1375 2939 Etenim
1394 2903 1526 2938 ironice
1550 2903 1649 2949 quasi
