1936 3392
828 320 884 359 43

155 464 278 506 malia
303 463 430 519 signis
443 463 482 518 ¹),
506 477 581 504 nec
611 461 814 514 „turbae”
839 463 1020 504 carmina
1042 461 1305 503 conditurum
1327 460 1398 502 sed
1421 460 1561 502 divino

154 543 255 585 flatu
285 545 492 584 vectatum
526 541 577 583 ad
611 540 744 583 sidera
767 539 1006 596 laturum.²)
1038 539 1152 582 Haec
1174 539 1382 596 praefatus
1404 538 1456 580 ad
1472 553 1562 595 pro·

153 620 282 677 priam
315 619 462 662 transit
483 622 611 661 artem
633 617 932 674 astrologorum
956 619 1032 660 hoc
1054 616 1161 660 libro
1184 617 1406 659 divisiones
1428 617 1562 671 signo-

154 711 243 739 rum
275 700 466 739 tractans.
523 695 577 738 Et
608 696 786 752 primum
821 696 1065 738 divisionem
1097 694 1278 737 siderum
1311 689 1417 735 καθ’
1451 693 1561 734 αὑτά

149 777 294 829 refert:
319 776 529 832 >principia
562 775 775 818 divisionis
802 779 900 818 sunt
922 779 950 829 ή
972 777 1095 828 φύσις
1110 807 1120 826 ,
1146 777 1194 815 τό
1219 770 1330 822 εἶδος
1343 806 1357 826 ,
1394 774 1446 815 τὰ
1469 776 1559 827 ἤθη

152 872 190 898 κ.
228 872 265 899 τ.
299 858 342 899 ἐς
377 860 475 898 sunt
507 856 639 911 igitur
660 855 842 898 mascula
865 859 906 898 et
929 855 1126 903 feminea,
1152 855 1333 897 humana
1354 857 1394 895 et
1415 853 1557 904 ferina;

151 934 336 991 gemina,
386 934 596 985 biformia,
649 934 855 990 duplicia3
907 949 1046 976 aversa
1094 942 1134 975 et
1166 936 1302 985 recta,
1337 932 1485 974 diurna
1517 936 1559 974 et

150 1015 373 1063 nocturna,
425 1013 612 1070 aquatica
660 1017 702 1055 et
748 1017 910 1054 terrena
959 1016 1000 1054 et
1048 1010 1263 1067 ambigua,
1308 1009 1485 1052 fecunda
1516 1013 1557 1051 et

150 1089 307 1131 sterilia
354 1093 396 1131 et
442 1090 699 1141 communia,
751 1090 958 1132 currentia
1006 1093 1048 1130 et
1091 1088 1265 1139 stantia,
1300 1087 1485 1129 sedentia
1517 1090 1556 1128 et

150 1167 347 1219 iacentia,
381 1172 594 1220 truncata,
627 1167 821 1218 hiberna,
858 1168 1012 1210 aestiva
1028 1200 1038 1217 ‚
1073 1171 1295 1218 autumna,
1330 1180 1465 1207 verna.
1476 1164 1505 1219 ³)

211 1244 371 1286 Deinde
419 1245 623 1302 quomodo
671 1246 777 1301 πρὸς
809 1243 980 1300 ἄλληλα
1016 1245 1256 1286 dividantur
1289 1242 1481 1299 exponit,
1516 1241 1558 1283 id

149 1326 210 1364 est
258 1337 324 1365 eas
371 1323 548 1365 siderum
598 1324 966 1379 configurationes,
1019 1337 1120 1378 quas
1159 1322 1338 1364 diversos
1371 1323 1559 1376 aspectus

149 1399 343 1456 astrologi
376 1405 545 1452 vocant3
570 1402 621 1443 ad
643 1403 817 1457 figuras:
842 1402 1032 1456 trigona,
1056 1405 1294 1456 tetragona,
1321 1399 1556 1453 hexagona3

149 1479 201 1520 ad
233 1480 571 1522 similitudinem:
607 1481 854 1536 singularia,
879 1481 1117 1537 asyntheta,
1141 1480 1344 1522 contraria
1352 1497 1364 1531 3
1393 1494 1556 1522 enume-

148 1566 212 1602 rat
243 1559 396 1601 tutelas
430 1560 620 1611 deorum,
655 1561 696 1602 id
731 1565 792 1602 est
822 1575 958 1616 „quae
983 1562 1131 1615 cuique
1154 1560 1229 1602 deo
1251 1574 1385 1601 rerum
1409 1563 1556 1601 natura

151 1636 346 1689 dicavit'’‚
371 1638 521 1680 tutelas
544 1639 815 1681 membrorum
838 1640 1109 1681 humanorum
1121 1656 1133 1689 3
1151 1639 1292 1694 signa,
1317 1653 1421 1692 quae
1446 1637 1553 1678 inter

148 1730 190 1756 se
223 1715 384 1767 vident,
419 1716 617 1767 audiunt,
652 1721 816 1768 amant,
840 1716 1016 1758 oderunt
1030 1734 1040 1767 ;
1066 1717 1124 1758 sic
1147 1716 1270 1758 etiam
1293 1715 1552 1771 configurati-

148 1806 258 1843 ones,
284 1807 388 1848 quae
421 1792 498 1835 sibi
531 1793 711 1835 vicissim
744 1794 970 1835 contrariae
1004 1797 1101 1834 sunt
1134 1797 1206 1834 aut
1238 1793 1404 1835 amicae.
1429 1792 1462 1846 4)

207 1866 313 1908 Tum
347 1867 396 1909 de
429 1867 767 1909 dodecatemoriis
799 1868 911 1923 agit,
945 1867 988 1909 id
1022 1872 1083 1909 est
1115 1867 1165 1909 de
1199 1867 1399 1909 divisione
1421 1867 1553 1909 cuius·

148 1960 227 2000 que
275 1946 384 2002 signi
433 1947 476 1988 in
526 1947 740 1989 duodecim
779 1952 937 2004 partes,
989 1948 1039 1989 de
1073 1947 1399 1989 dodecatemorio
1433 1946 1553 1990 lunae

147 2030 271 2080 atque
320 2026 369 2068 de
419 2026 754 2070 dodecatemoriis
803 2027 1220 2070 dodecatemoriorum
1249 2027 1307 2083 ³);
1358 2031 1555 2081 quattuor

146 2105 429 2160 geniturarum
462 2106 645 2148 cardines
670 2105 892 2158 describit,
918 2121 1021 2162 quae
1046 2106 1165 2158 „loca
1186 2107 1425 2163 praecipuas
1447 2107 1552 2148 vires

145 2196 407 2238 summosque
439 2199 511 2240 per
542 2188 670 2226 artem
693 2185 870 2227 fatorum
892 2185 1059 2227 effectus
1081 2185 1287 2236 referunt,
1312 2185 1423 2240 quod
1440 2188 1552 2226 totus

145 2259 188 2302 in
251 2259 334 2302 illis
382 2261 531 2303 nititur
578 2261 777 2304 aethereis
825 2263 954 2305 veluti
1004 2262 1268 2319 compagibus
1318 2261 1454 2305 orbis'’
1494 2263 1548 2318 ⁶),

144 2338 287 2381 horum
319 2340 530 2382 cardinum
563 2341 730 2383 effectus
763 2357 809 2383 ac
843 2342 1066 2398 dignitates
1103 2342 1287 2399 exponit.
1318 2342 1345 2397 7)

204 2416 318 2459 Finis
350 2418 472 2460 huius
503 2418 596 2460 libri
628 2424 739 2461 totus
773 2420 815 2461 in
838 2420 1053 2462 duodecim
1077 2420 1314 2463 caelestium
1335 2421 1547 2463 domorum

189 2626 214 2664 ¹)
261 2631 309 2666 11,
335 2631 393 2667 82,
419 2633 469 2662 83.

189 2686 215 2726 ²)
262 2690 293 2720 11
320 2688 458 2722 1—149.

189 2748 214 2788 ³)
264 2752 446 2784 150—-270.

188 2807 213 2847 ⁴)
260 2811 443 2843 271—692.

187 2867 212 2901 5)
260 2870 444 2902 693-787,

188 2925 213 2962 ⁶)
261 2929 435 2968 Sol-seqq.

192 2986 214 3023 ἵ)
263 2989 444 3022 788-855.
