1910 3250
957 258 1230 297 ..80-

455 381 547 424 Qua
571 379 751 425 genitus
775 377 1033 424 Caesarque
1057 386 1177 412 meus
1199 383 1302 410 nunc
1327 376 1532 411 condidit
1555 376 1705 412 orbem

453 438 509 472 Et
533 435 733 482 propriis
758 435 906 469 frenat
928 434 1196 479 pendentem
1221 433 1407 467 nutibus
1432 433 1615 468 orbem.“

365 516 442 554 His
478 526 527 553 ex
560 513 740 551 versibus
775 517 855 551 tres
888 513 1020 561 primi,
1060 512 1128 560 qui
1161 511 1339 558 Romam,
1380 510 1486 560 quod
1519 511 1561 548 in
1595 509 1806 560 Hesperia,

363 594 484 632 regno
513 581 672 629 Librae,
700 580 862 618 condita
890 579 954 628 sit,
981 579 1072 617 huic
1100 579 1214 628 signo
1244 578 1454 627 imperium
1481 571 1588 616 orbi's
1616 581 1808 616 terrarum

367 651 508 688 debere
543 647 768 695 ostendant,
803 659 826 684 a
860 646 1028 684 consilio
1065 649 1217 693 nostro,
1253 645 1359 694 quod
1388 645 1544 694 quidem
1570 644 1620 682 ad
1649 642 1809 682 Germa-

363 717 442 754 nici
471 720 510 754 et
533 715 693 752 Manilii
723 714 951 752 societatem
979 713 1164 763 pertinet,
1193 712 1312 750 alieni
1342 715 1434 750 sunt
1459 713 1578 760 atque
1606 711 1696 749 ideo
1723 711 1810 750 tan-

365 787 447 822 tum
480 786 571 820 ante
607 783 742 820 oculos
770 781 908 831 positi,
945 792 1022 828 quo
1051 779 1189 818 melius
1217 791 1353 818 versus
1381 780 1666 827 subsequentes
1693 777 1808 815 intel-

362 851 563 899 legantur.
626 849 674 886 In
721 849 770 886 iis
818 848 920 886 enim
964 846 1206 895 aliquamdiu
1246 846 1539 884 consistendum
1580 845 1698 884 nobis
1737 845 1808 882 est.
1859 864 1862 866 v

368 916 522 954 Rursus
550 917 650 954 fiunt
675 917 796 954 verba
821 915 870 953 de
888 915 1026 963 Libra,
1055 926 1132 963 quo
1158 914 1285 952 sidere
1306 913 1514 952 Caesarem
1533 911 1810 952 Germanicum

363 987 497 1021 natum
524 983 645 1021 fuisse
673 995 693 1021 e
714 981 907 1020 Suetonio
937 981 1103 1019 antehac
1130 981 1364 1030 cognovisse
1394 980 1510 1018 nobis
1532 979 1723 1028 videmur,
1750 982 1809 1018 at-

364 1062 438 1099 que
474 1049 591 1088 etiam
625 1062 648 1087 a
676 1054 798 1098 poeta
823 1053 962 1099 partus
991 1049 1148 1097 quidam
1177 1049 1286 1086 illius
1314 1049 1472 1086 nomine
1502 1047 1684 1086 Caesaris
1710 1059 1809 1085 nun—

363 1122 541 1167 cupatur.
603 1116 702 1155 Cum
738 1121 868 1154 autem
903 1116 1024 1154 alium
1059 1115 1267 1154 Caesarem
1302 1115 1437 1154 eadem
1470 1115 1512 1152 in
1547 1117 1655 1152 sorte
1687 1114 1810 1154 fuisse

362 1185 517 1223 saeculo
555 1184 743 1234 Augusto
777 1183 895 1232 plane
930 1183 1169 1232 ignoremus,
1211 1183 1376 1220 maxime
1409 1186 1716 1221 consentaneum
1749 1185 1811 1220 est

364 1266 436 1292 nos
464 1254 521 1291 ita
548 1252 794 1300 ratiocinari,
822 1255 866 1289 ut
894 1251 966 1290 illa
992 1251 1113 1289 verba
1139 1250 1188 1288 de
1211 1249 1445 1288 Germanico
1475 1250 1561 1288 solo
1589 1250 1698 1288 dicta
1723 1260 1810 1288 esse

366 1323 595 1359 statuamus.
639 1319 773 1367 Quid?
802 1318 908 1368 quod
937 1318 1051 1367 nihil,
1080 1318 1113 1356 si
1141 1318 1364 1366 genituram
1385 1317 1595 1356 Chelarum
1621 1316 1810 1366 excipias,

362 1389 410 1427 de
444 1389 519 1426 hoc
553 1388 651 1426 duce
685 1387 908 1436 praedicari
934 1387 1072 1435 potest
1097 1385 1230 1435 aptius
1261 1396 1376 1433 quam
1404 1395 1503 1432 quae
1529 1383 1710 1422 versibus
1734 1382 1811 1432 IV,

365 1458 451 1495 776.
492 1458 564 1494 777
605 1454 872 1492 continentur.
934 1452 1191 1491 Germanicus
1231 1451 1412 1500 profecto
1447 1450 1629 1488 condidit
1663 1449 1809 1488 orbem.

365 1523 490 1561 Initio
525 1522 627 1560 enim
661 1522 755 1559 anni
782 1521 834 1559 U.
871 1532 902 1558 c.
938 1523 1010 1559 771
1045 1532 1116 1570 per
1145 1518 1351 1558 Graeciam
1379 1517 1541 1567 eiusque
1567 1517 1718 1555 insulas
1745 1517 1811 1555 iti-

362 1602 454 1628 nere
489 1593 675 1639 superato
712 1601 799 1627 cum
825 1588 966 1626 Asiam
997 1588 1163 1635 teneret,
1199 1586 1400 1636 profectus
1435 1588 1494 1623 est
1521 1584 1572 1623 ad
1597 1584 1811 1623 Armenios

363 1658 496 1706 eisque
531 1669 622 1706 rege
654 1656 748 1695 dato
776 1656 955 1706 perrexit
983 1655 1032 1692 ad
1061 1653 1333 1704 Cappadoces,
1372 1652 1514 1701 quibus
1541 1651 1712 1690 dicionis
1738 1662 1810 1701 po·

362 1725 450 1775 puli
482 1724 655 1762 Romani
694 1723 811 1762 factis
852 1724 1019 1761 exeunte
1062 1733 1167 1759 anno
1209 1720 1421 1758 amicitiam
1461 1731 1507 1757 ac
1546 1718 1685 1757 foedus
1725 1729 1812 1757 cum

362 1792 570 1830 Parthis
595 1791 812 1830 'renovavit
841 1794 959 1839 atque
989 1801 1121 1828 omnes
1150 1800 1283 1827 eorum
1310 1799 1373 1826 res
1402 1799 1518 1836 quam
1544 1785 1692 1836 optime
1719 1797 1810 1823 con-

364 1859 507 1897 stituit.
567 1859 807 1897 Parthorum
848 1863 977 1896 autem
1018 1869 1180 1906 regnum
1220 1854 1399 1893 maximis
1440 1854 1585 1904 opibus
1625 1852 1808 1892 Romano

364 1927 530 1977 imperio
573 1925 815 1964 simillimum
850 1925 1042 1964 Manilius
1082 1924 1263 1962 versibus
1302 1922 1396 1961 libri
1437 1921 1568 1971 quarti
1601 1923 1686 1961 674.
1723 1921 1811 1970 675,
1860 1910 1867 1919 ’

373 1994 442 2043 qui
469 1997 577 2032 sunt:
1670 2002 1672 2005 ’

613 2066 738 2111 „India
762 2065 891 2101 notitia
915 2064 1040 2107 maior,
1062 2063 1315 2108 Parthique
1338 2063 1409 2099 vel
1435 2061 1554 2097 alter

613 2122 744 2158 Orbis
769 2124 806 2157 et
830 2122 866 2156 in
890 2120 1028 2164 caelum
1054 2119 1230 2165 surgentis
1255 2119 1397 2154 moenia
1423 2118 1566 2163 'rauri“,

364 2196 404 2233 vi
438 2195 670 2246 particulae,
706 2207 805 2245 quae
840 2197 902 2232 est
927 2194 1053 2244 „vel“,
1089 2192 1185 2230 satis
1213 2192 1334 2231 dubia
1361 2193 1418 2230 ita
1444 2193 1732 2239 commemorat,
1765 2192 1811 2228 ut

368 2264 449 2302 sive
477 2276 500 2301 a
525 2263 688 2302 Parthis
715 2263 814 2313 ipsis
843 2263 925 2300 sive
954 2262 1002 2299 ab
1031 2260 1234 2299 Armeniis
1262 2260 1429 2298 alterum
1454 2261 1648 2298 terrarum
1674 2257 1809 2295 orbem

366 2331 564 2381 possideri
598 2331 893 2380 intellegamus:
927 2329 1031 2367 Utut
1066 2327 1191 2377 igitur
1225 2331 1298 2377 est,
1330 2327 1406 2365 hoc
1439 2326 1548 2364 nullo
1586 2325 1666 2364 fere
1693 2323 1810 2362 modo

365 2399 528 2436 dubium
570 2409 655 2436 esse
694 2401 841 2447 potest,
884 2396 979 2445 quin
1019 2398 1132 2434 extra
1174 2393 1327 2444 imperii
1365 2392 1535 2431 Romani
1574 2393 1670 2431 fines
1711 2391 1812 2430 alter

366 2467 559 2504 terrarum
601 2465 709 2503 orbis
747 2462 971 2503 Germanici
1013 2475 1135 2512 opera
1174 2473 1268 2500 usus
1309 2459 1479 2511 fueritff).
1542 2458 1602 2498 Ac
1635 2458 1811 2510 propriis

369 2533 466 2571 mire
494 2531 666 2570 frenavit
695 2531 797 2570 idem
824 2531 1059 2581 pendentem
1086 2530 1247 2568 nutibus
1276 2529 1420 2567 orbem.
1465 2527 1567 2566 Nam
1594 2538 1681 2566 cum
1706 2538 1727 2565 e
1754 2537 1810 2566 se-

370 2603 486 2638 natus
525 2600 708 2638 consulto
743 2610 929 2638 summam
966 2609 1059 2636 sane
1092 2599 1331 2648 potestatem
1364 2596 1406 2634 in
1440 2595 1605 2636 Oriente
1636 2594 1812 2643 haberet,

464 2741 493 2786 ⁷)
518 2741 609 2778 Tac.
630 2741 726 2778 Ann.
748 2740 798 2785 ΙΙ,
821 2739 965 2777 53-58.
988 2757 1033 2766 -
1055 2737 1212 2783 Respice
1237 2747 1275 2783 p.
1298 2737 1359 2774 41:
1384 2736 1486 2773 Astr.
1509 2734 1558 2780 V,
1582 2735 1660 2773 376.
1681 2733 1760 2771 877.
