1930 3320
810 252 1092 292 —49-

210 376 292 417 317
317 390 408 431 sqq.
441 377 523 417 687
547 389 636 431 sqq.
661 377 740 416 704
765 390 855 431 sqq.
882 378 962 417 753
986 391 1076 433 sqq.
1099 379 1194 419 804.
1237 377 1276 418 V
1293 379 1331 420 6.
1355 379 1405 418 61
1432 391 1494 433 sq.
1518 378 1599 418 256
1621 391 1711 432 sqq.

214 446 295 486 702
319 443 415 500 sq.)⁷
449 449 522 486 aut
554 445 632 495 ita,
673 450 720 486 ut
757 445 998 501 asyndeton
1030 461 1125 488 cum
1156 445 1446 503 polysyndeto
1485 461 1570 488 non
1612 461 1714 488 con-

210 515 404 556 iunctum
437 516 505 558 sit.
569 514 702 556 Cuius
733 516 909 570 generis
942 518 1144 574 exempla
1170 517 1326 572 collegi
1356 517 1478 569 haec,
1511 516 1714 573 sepositis

210 584 288 636 eis,
321 598 430 639 quae
463 585 591 626 simul
623 584 861 626 chiasmum
894 585 1106 627 efficiunt:
1140 587 1248 628 haec
1281 587 1396 628 enim
1426 587 1470 627 in
1504 601 1556 628 ea
1586 585 1714 627 huius

210 652 363 709 capitis
406 658 528 709 parte
568 653 768 706 afferam,
821 653 894 695 ubi
938 654 991 696 de
1041 655 1222 697 chiasmi
1261 656 1400 710 figura
1448 669 1588 711 agam.
1665 653 1717 695 In

210 735 296 763 non
326 720 476 778 paucis
507 722 707 764 versibus
740 722 867 764 simul
898 723 1119 780 anaphora
1150 728 1362 780 usurpata
1393 728 1472 766 est.

298 802 407 837 1109
445 813 532 837 suas
570 802 727 846 formas,
764 813 832 837 sua
866 804 1024 838 nomina.
1072 804 1108 838 II
1131 804 1198 839 477
1234 803 1352 848 Atque
1393 803 1547 837 aliorum
1585 803 1716 844 oculos,

208 859 361 894 aliorum
396 860 546 894 contulit
581 871 702 895 aures.
751 861 819 895 518
844 860 989 895 Horum
1014 861 1109 905 odio,
1138 871 1236 895 nunc
1265 861 1393 895 horum
1417 860 1509 895 idem
1533 860 1717 895 ducantur

207 928 349 958 amore;
386 918 474 953 Illis
506 919 666 954 insidias
703 919 867 959 tendant,
905 925 1097 964 captentur
1128 920 1173 955 ab
1198 920 1286 955 illis.
1335 919 1403 954 646
1429 931 1498 954 sua
1523 919 1717 964 quadratis

208 975 365 1018 veniunt,
403 987 472 1011 sua
506 976 589 1011 iura
623 977 792 1021 triponis.
838 977 903 1012 831
931 978 1005 1012 Hic
1031 982 1121 1013 tenet
1147 978 1341 1013 arbitrium
1365 978 1473 1019 vitae,
1507 978 1563 1012 hic
1589 978 1718 1023 regula

209 1044 343 1068 morum
377 1038 439 1069 est.
486 1035 537 1070 ΙΠ
561 1035 630 1070 313
666 1035 838 1070 Omnibus
875 1040 1091 1072 auctumnus
1126 1037 1259 1083 siqnis,
1292 1048 1354 1071 ver
1390 1036 1553 1071 omnibus
1589 1047 1712 1070 unum.

207 1091 257 1127 IV
282 1091 349 1127 178
371 1102 489 1127 novas
512 1104 648 1137 semper
668 1104 824 1138 puynas,
859 1105 953 1129 nova
991 1094 1083 1129 bella
1120 1095 1296 1139 ferar-um.
1346 1095 1412 1129 772
1444 1094 1619 1139 Tempora
1645 1105 1716 1140 quo

204 1149 374 1194 pendent,
399 1152 527 1185 coeunt
552 1162 624 1196 quo
648 1162 792 1196 nomque
816 1151 974 1196 diesque.
1009 1153 1028 1187 I
1053 1153 1119 1187 199
1142 1152 1212 1187 huc
1236 1152 1332 1187 illue.
1369 1153 1405 1188 Π
1423 1153 1488 1187 104
1517 1153 1718 1188 Venta-ras-

206 1219 274 1252 que
309 1208 430 1243 vident
463 1210 609 1253 hiemes,
643 1210 811 1245 reditura
855 1222 993 1246 serena.
1043 1212 1108 1246 176
1145 1224 1196 1257 sq.
1223 1212 1357 1247 desinit
1394 1215 1532 1254 aestas,
1574 1210 1716 1255 Incipit

208 1266 432 1302 auetumnus.
482 1267 547 1301 193
570 1267 719 1302 hiemem
743 1268 891 1309 claudit,
917 1279 979 1303 ver
1003 1269 1151 1304 inchoat
1175 1271 1276 1304 alter.
1325 1270 1393 1304 258
1418 1282 1496 1314 sqq.
1545 1270 1718 1314 Scorpios

205 1321 245 1356 in
268 1322 387 1358 Libra
411 1325 588 1359 consumit
613 1324 808 1368 bracchia;
850 1325 995 1361 Taurus
1019 1326 1181 1361 Succidit
1210 1328 1249 1361 in
1280 1337 1390 1361 curvo
1422 1327 1577 1362 claudus
1607 1327 1716 1372 pede.;

207 1379 346 1414 lumina
373 1379 512 1415 Cancro
539 1382 693 1427 Desunt,
729 1384 906 1418 Centauro
932 1389 1097 1428 superest
1129 1386 1162 1419 et
1192 1385 1381 1430 quaeritur
1405 1396 1523 1420 unum.
1572 1385 1641 1420 266
1666 1397 1719 1429 sq.

208 1439 343 1472 Aestas
367 1449 389 1471 a
416 1437 588 1480 Geminis,
626 1444 837 1476 auctumnus
867 1440 1017 1486 Virqine
1052 1443 1181 1487 suryit,
1216 1442 1359 1478 Bruma
1384 1442 1622 1489 Sagittifero,
1658 1453 1720 1477 ver

207 1494 381 1530 Piscibus
416 1495 547 1540 incipit
582 1507 670 1532 esse.
732 1498 800 1533 426
834 1498 1032 1534 Fructibus
1073 1500 1132 1534 hic
1170 1500 1293 1544 implet
1328 1521 1383 1542 —‚
1417 1500 1578 1545 floribus
1617 1499 1718 1534 illud.

205 1553 260 1588 ΠΙ
283 1552 349 1587 481
376 1553 468 1588 diem
494 1554 642 1590 brumae
666 1566 740 1590 nox
764 1560 916 1600 aequat,
950 1558 1114 1601 tempora
1137 1558 1257 1593 noctis
1284 1558 1414 1602 Lonya
1439 1558 1524 1593 dies.
1574 1558 1641 1593 (305
1666 1562 1720 1593 ter

207 1610 352 1646 vicenos
375 1612 551 1657 geminat,
585 1614 658 1648 tres
685 1613 869 1648 abstrahit
900 1625 1024 1649 annos.
1073 1615 1139 1649 641
1165 1616 1259 1660 riyet
1284 1615 1399 1650 omnis
1425 1627 1524 1661 ayer,
1557 1617 1719 1651 clausum

208 1679 321 1712 mare,
345 1670 491 1706 condita
515 1673 647 1706 castra.
695 1672 744 1706 IV
770 1672 812 1706 74
839 1684 918 1717 sqq.
945 1673 1186 1708 Succumbunt
1221 1677 1319 1709 artes
1349 1675 1526 1715 rationis,
1564 1674 1722 1709 vincitur

209 1736 316 1770 usus,
356 1726 454 1762 Cura
484 1733 602 1770 nocet,
640 1740 782 1765 cessare
813 1730 929 1772 iuvat,
967 1741 1071 1766 mora
1104 1743 1212 1776 saepe
1250 1733 1427 1767 malorum
1460 1731 1540 1767 Dat
1573 1742 1719 1766 causas.

209 1783 254 1818 95
278 1784 370 1818 male
393 1785 568 1820 consultis
590 1787 746 1830 pretium
771 1789 833 1828 est,
866 1788 1065 1832 prudentia
1093 1788 1203 1833 fallit.
1252 1789 1318 1823 367
1346 1789 1609 1831 Dissimulant,
1648 1799 1720 1823 non

208 1845 392 1877 ostentant
426 1843 642 1879 mortalibus
684 1855 761 1879 ora.
819 1845 848 1879 V
885 1846 950 1880 172
987 1846 1166 1890 Inviyilat
1201 1847 1350 1891 somnis,
1387 1857 1496 1882 curas
1533 1847 1721 1881 industria

205 1898 329 1942 vincit,
365 1899 450 1934 Otia
483 1912 551 1945 per
587 1903 710 1937 varios
747 1907 886 1938 exercet
922 1903 1044 1939 dulcia
1069 1904 1183 1940 lusus.
1231 1905 1300 1939 495
1327 1905 1402 1940 Nec
1423 1916 1546 1951 pacem
1572 1916 1595 1940 a
1620 1905 1721 1949 bello,

206 1955 316 1991 civem
341 1956 520 1993 discernet
543 1959 590 1994 ab
615 1961 725 1995 hoste.

843 2064 1090 2108 Chiasmi.

321 2153 460 2196 Multa
492 2155 675 2197 chiasmi
708 2158 912 2214 exempla
944 2158 1071 2200 simul
1103 2173 1199 2200 cum
1231 2158 1434 2214 asyndeti
1457 2160 1595 2215 figura
1618 2174 1720 2201 con-

211 2222 359 2264 iuncta
390 2238 488 2266 esse
521 2240 651 2281 supra
682 2227 828 2267 monui
840 2242 849 2276 ;
882 2228 1084 2283 exempla
1118 2228 1333 2284 exscripsi
1365 2227 1497 2270 haec:

297 2302 316 2337 I
352 2303 420 2338 1Οό
450 2304 638 2339 sonitum
678 2305 823 2340 ventis
861 2307 1055 2348 concessit,
1092 2306 1282 2341 nubibus
1319 2306 1470 2351 iynem.
1535 2308 1600 2342 231
1641 2308 1723 2343 His

206 2360 341 2402 ruodo,
377 2364 478 2406 post
511 2363 615 2397 illis.
664 2362 732 2398 266
773 2362 981 2398 Cancrum
1016 2363 1116 2406 Leo,
1159 2364 1294 2409 Virqo
1331 2365 1526 2401 Leone-m.
1574 2366 1643 2401 466
1668 2379 1720 2412 sq.

205 2417 379 2462 iynibus
417 2419 538 2464 iynes
562 2420 805 2465 Respondent,
847 2422 992 2457 media
1030 2422 1236 2457 extremis
1275 2424 1383 2467 atque
1414 2423 1542 2458 ultima
1567 2424 1720 2459 summis.

207 2475 274 2510 672
310 2479 406 2511 tenet
441 2489 464 2512 a
499 2488 654 2512 summo
693 2478 872 2524 Cancer,
913 2480 1219 2524 Capricornus
1256 2479 1307 2514 ab
1344 2480 1437 2515 imo.
1498 2482 1535 2516 Π
1569 2483 1635 2517 182
1667 2495 1719 2527 sq.

207 2533 319 2568 alter
365 2534 591 2578 florentia
637 2538 833 2581 tempora
879 2538 996 2572 veris
1040 2538 1204 2582 Sufficit,
1245 2541 1456 2575 aestatem
1498 2540 1720 2576 sitientem

204 2592 375 2635 provehit
416 2593 539 2627 alter.
597 2594 663 2628 198
698 2607 751 2639 sq.
788 2596 908 2640 aspice
953 2596 1134 2630 Taurum
1174 2596 1398 2638 Clunibus,
1444 2602 1477 2632 et
1516 2597 1721 2633 Gemi-nos

203 2648 406 2692 pedibus,
432 2650 652 2685 testudine
672 2652 881 2687 Cancrum
894 2653 1060 2698 Saryere.
1099 2654 1382 2699 231Ambi9uus
1407 2659 1550 2690 terrae
1567 2656 1719 2701 Capri-

206 2706 622 2751 cornus,Aquarius
646 2709 788 2745 undis.
813 2711 880 2745 269
895 2711 1098 2747 Hiberna
1116 2713 1316 2755 aestivis,
1333 2714 1576 2748 auctumm's
1593 2725 1721 2748 verna

207 2769 424 2811 repuynant.
449 2765 515 2800 286
529 2766 698 2802 Dexter
716 2768 784 2802 erit
803 2769 924 2804 Tauro
941 2770 1250 2815 Capricornus,
1268 2770 1407 2815 Viryo
1425 2771 1627 2806 sinistra.
1653 2772 1719 2806 687

207 2822 314 2857 Adde
330 2833 417 2857 suas
430 2827 585 2867 partes
603 2824 758 2870 signis,
777 2835 844 2860 sua
861 2826 1075 2870 partibus
1093 2831 1234 2862 astra.
1258 2828 1324 2862 693
1339 2829 1501 2862 tenuem
1518 2829 1617 2862 visu
1636 2839 1719 2870 rem,

205 2880 400 2925 pondere
436 2891 640 2927 maynam.
689 2883 755 2919 776
789 2884 992 2931 solemque
1026 2896 1192 2931 novum,
1226 2897 1339 2922 nova
1377 2886 1524 2922 sidera
1559 2890 1720 2924 cernunt.
