1930 3320
985 260 1192 300 „50-

354 350 566 389 Debebant
585 349 643 386 illi
663 348 826 398 quidem
848 359 990 386 omnes
1006 347 1138 387 bonos
1165 348 1339 396 efficere,
1362 348 1395 387 si
1415 349 1582 400 quidem
1602 349 1817 389 hominum

353 413 493 463 generi
519 411 798 450 consulebant.
826 410 893 449 Sin
913 411 954 449 id
976 411 1127 458 minus,
1147 411 1265 450 bonis
1282 411 1446 463 quidem
1476 416 1582 451 certe
1607 412 1817 452 consulere

353 475 571 514 debebant.
589 475 668 512 Cur
686 473 810 522 igitur
829 474 909 512 duo
931 474 1154 525 Scipiones,
1174 475 1415 514 fortissimos
1435 479 1475 514 et
1496 476 1674 527 optimos
1692 477 1816 524 viros,

351 539 393 577 in
426 538 620 589 Hispania
648 539 797 575 Poenus
829 538 1104 588 oppressit?...
1133 539 1214 577 Cur
1245 539 1428 578 omnium
1463 540 1819 590 perfidiosissimus

352 603 395 642 C.
428 601 578 640 Marius
613 601 658 646 Q.
685 600 893 648 Catulum,
922 602 1259 652 praestantissima
1296 603 1493 652 dignitate
1531 604 1679 650 virum,
1713 603 1819 642 mori

351 665 486 717 potuit
516 664 688 715 jubere?
717 664 809 702 Dios
836 664 1013 714 deficiat,
1045 665 1077 703 si
1111 665 1234 704 velim
1265 678 1482 707 numerare
1519 666 1666 717 quibus
1700 666 1819 704 bonis

352 728 458 767 male
494 728 687 774 evenerit,
720 740 793 766 nec
830 728 964 766 minus
999 728 1032 766 si
1067 741 1402 779 commemorem,
1437 730 1584 780 quibus
1619 729 1818 780 improbis

351 792 552 843 optime...
573 791 797 829 Discrimen
821 791 979 829 nullum
1006 794 1066 830 est
1091 792 1294 830 bonorum
1315 796 1354 830 et
1375 792 1594 831 malorum.
1615 807 1634 828 »
1657 792 1701 830 Id
1721 804 1816 831 vero

351 856 503 894 stoicus
541 855 708 893 omnino
744 855 924 904 negabit,
959 855 1091 894 bonos
1125 854 1320 902 infelices,
1352 855 1489 893 felices
1524 855 1654 894 malos
1688 867 1771 894 esse
1805 866 1815 894 ε

350 931 497 970 nempe
523 918 718 957 fatebitur
743 923 783 956 et
808 918 939 969 premi
965 922 1003 956 et
1028 918 1200 957 lacerari
1228 922 1267 956 et
1293 918 1497 969 exstingui
1519 919 1665 966 bonos,
1691 918 1820 957 abun—

350 982 447 1021 dare
473 982 592 1020 malis
621 982 782 1020 divitias
816 986 856 1020 et
886 981 1052 1020 delicias
1079 986 1118 1020 et
1145 994 1292 1031 regna3
1319 985 1361 1021 at
1386 994 1469 1020 non
1499 981 1652 1021 idcirco
1685 982 1738 1021 ab
1770 993 1818 1021 eo

351 1045 598 1085 clamabitur

628 1148 757 1183 Infelix
778 1148 892 1183 virtus
912 1150 948 1183 et
968 1149 1080 1183 noxia
1096 1148 1197 1183 felix.

350 1262 508 1314 Quippe
534 1275 583 1301 ea
609 1263 748 1301 omnia
779 1263 864 1301 fato
896 1263 1062 1313 quidem
1095 1262 1317 1314 permittet,
1341 1266 1510 1313 reponet
1535 1266 1673 1301 autem
1702 1266 1819 1302 extra

349 1325 586 1365 felicitatem
610 1338 618 1364 :
642 1338 766 1375 quam
785 1338 877 1363 cum
900 1326 1047 1364 virtute
1068 1329 1108 1364 et
1129 1325 1330 1376 sapientia
1348 1325 1502 1364 donum
1529 1337 1553 1363 a
1575 1325 1758 1364 sehabet
1777 1330 1818 1365 et

348 1389 481 1427 bonus
512 1392 553 1428 et
583 1389 759 1439 sapiens.
789 1390 892 1426 Nam
919 1388 1009 1439 quis
1035 1388 1302 1427 celeberrima
1327 1388 1399 1427 illa
1432 1388 1708 1427 Ciceronianae
1743 1401 1818 1439 pro

348 1453 518 1492 Murena
543 1452 741 1491 orationis
765 1452 965 1490 memoria
988 1464 1070 1490 non
1090 1455 1202 1490 tenet
1226 1465 1234 1489 :
1258 1467 1278 1488 «
1301 1451 1408 1490 solos
1435 1451 1638 1502 sapientes
1662 1463 1763 1499 esse,
1785 1451 1818 1491 si

349 1515 624 1555 distortissimi
657 1516 997 1563 sint‚for1nosos;
1029 1515 1062 1553 si
1095 1514 1398 1562 mendicissimi,
1426 1514 1590 1563 divites;
1625 1515 1658 1554 si
1689 1515 1818 1554 servi-

352 1583 478 1618 tutem
499 1579 693 1629 serviant,
716 1591 830 1630 reges
852 1579 892 1617 ¹?
915 1595 933 1614 >›
957 1578 1052 1625 Quis
1078 1582 1117 1618 et
1141 1578 1251 1628 apud
1273 1579 1468 1618 Senecam
1490 1590 1574 1617 non
1590 1578 1818 1617 uberrimas

347 1643 440 1681 illas
467 1642 763 1693 disputationes
790 1642 903 1692 legit,
930 1642 1079 1693 quibus
1111 1642 1264 1680 amicos
1297 1641 1543 1680 adhortatur
1574 1645 1618 1680 ut
1649 1641 1818 1680 fortuita

348 1705 489 1744 omnia
513 1710 552 1744 et
578 1705 720 1744 fatalia
743 1718 862 1756 aequo
888 1705 1026 1743 animo
1054 1706 1201 1750 ferant,
1221 1709 1417 1755 tanquam
1446 1717 1578 1755 neque
1603 1705 1712 1744 bona
1738 1705 1819 1743 sint

347 1780 480 1820 neque
501 1768 625 1816 mala,
645 1781 769 1819 seque
789 1781 872 1807 suae
896 1781 1057 1820 semper
1082 1767 1288 1806 felicitatis
1314 1767 1490 1806 arbitros
1508 1771 1665 1819 putent.
1686 1769 1816 1814 Quam

347 1832 471 1882 igitur
503 1832 668 1871 absonae
700 1832 921 1871 stoicorum
959 1832 1124 1870 auribus
1157 1831 1429 1882 absurdaeque
1462 1835 1556 1869 sunt
1587 1831 1652 1870 hae
1681 1843 1816 1881 voces,

347 1908 473 1946 quam
492 1895 600 1935 inter
617 1908 659 1935 se
674 1895 830 1947 junctae
851 1899 1037 1947 pugnant
1058 1907 1104 1934 ac
1125 1895 1237 1934 velut
1256 1894 1458 1946 copulatae
1481 1893 1636 1933 latrant
1657 1906 1666 1933 :

790 2015 922 2050 Infelix
938 2014 1069 2050 virtus!

400 2116 525 2168 Atqui
543 2117 732 2156 Manilius
751 2117 895 2156 suadet
916 2121 958 2156 ut
979 2116 1121 2156 fatalia
1141 2116 1348 2168 patiamur
1370 2126 1380 2155 ι

700 2241 786 2277 Sors
807 2243 862 2276 est
884 2251 952 2276 sua
970 2240 1105 2287 cuique
1125 2240 1280 2276 ferenda
1299 2240 1328 2276 ².

349 2353 445 2399 Quis
462 2365 558 2392 vero
585 2355 830 2405 astrologus,
851 2354 935 2393 ullo
953 2358 1152 2405 tempore,
1173 2353 1257 2392 ulla
1275 2358 1410 2404 gente,
1434 2365 1518 2393 non
1535 2353 1681 2392 eadem
1708 2365 1818 2403 prae-

351 2416 486 2455 dicare
510 2417 708 2466 cogetur?
725 2418 858 2469 Atque
876 2417 1065 2468 equidem
1086 2418 1167 2456 scio
1189 2418 1358 2456 ferenda
1374 2429 1460 2456 esse
1480 2417 1630 2456 stoicos
1654 2428 1819 2468 quoque

350 2479 556 2527 docuisse,
597 2493 688 2531 quae
727 2484 843 2519 extra
877 2480 1060 2519 animum
1099 2480 1234 2532 posita
1269 2480 1479 2520 immutari
1514 2493 1597 2519 non
1637 2483 1817 2531 possent.

349 2544 500 2582 Eorum
523 2547 661 2582 autem
685 2544 885 2582 sententia
905 2556 1030 2596 quam
1054 2543 1262 2582 dissimilis
1283 2548 1342 2583 est
1364 2557 1388 2583 a
1414 2544 1568 2582 Manilii
1594 2543 1816 2582 sententia!

350 2607 453 2645 Nam
475 2607 531 2654 hi,
555 2607 809 2659 praecipuum
833 2607 876 2646 id
901 2619 987 2647 esse
1013 2619 1086 2646 nec
1113 2620 1295 2659 unquam
1321 2607 1418 2646 satis
1444 2608 1693 2647 illustratum
1719 2605 1812 2654 rati,

393 2727 420 2757 1.
442 2726 524 2765 Cic.‚
541 2727 606 2758 Pro
626 2727 727 2763 Mur„
748 2728 860 2767 XXIX,
885 2728 934 2759 61.

391 2774 421 2804 2.
442 2774 594 2810 Astron„
616 2774 671 2812 IV,
691 2775 742 2805 22.

358 2876 396 2899 k
