1936 3392
1050 296 1104 335 90

378 434 510 476 fibrae.
579 437 640 476 An
675 437 806 477 minus
840 440 899 477 est
931 438 1051 478 sacris
1084 438 1282 480 rationem
1315 439 1459 480 <lucere
1482 441 1631 495 signis,
1656 455 1776 495 quam

378 512 577 568 pecudum
625 517 772 555 mortes
821 514 1040 568 aviumque
1073 515 1279 557 attendere
1313 521 1453 558 cantus
1466 516 1512 557 ?'’
1573 517 1667 573 Ipse
1698 517 1778 560 Lu-

377 590 551 641 cretius,
598 591 669 644 qui
721 595 832 632 tanta
876 592 915 632 vi
947 592 1183 647 religionem
1217 593 1454 649 impugnat,
1488 594 1616 636 credit
1646 595 1778 636 leones

376 681 456 708 non
488 682 603 722 posse
636 668 783 709 intueri
817 668 969 723 gallos,
1005 669 1103 723 quin
1138 670 1297 725 fugiant
1330 672 1489 722 statim,
1523 678 1563 712 et
1596 673 1667 727 qui
1693 673 1779 728 ipse

378 759 418 785 se
456 744 556 786 dicit
593 744 760 800 Epicuri
800 746 849 786 de
896 761 1015 800 grege
1063 761 1227 801 porcum
1275 762 1372 788 num
1421 748 1522 789 forte
1554 749 1687 790 minus
1719 753 1781 790 est

376 822 680 877 superstitiosus
730 837 850 877 quam
900 823 1063 864 noster?
1125 823 1321 865 Manilius
1368 831 1415 866 ut
1447 840 1540 867 suae
1573 825 1779 867 doctrinae

377 899 495 940 fidem
543 900 692 950 faciat,
741 915 822 942 non
867 900 945 942 alia
992 901 1103 942 affert
1149 907 1386 956 argumenta
1428 908 1551 957 atque
1593 902 1779 944 Plinius:

377 978 557 1032 „quippe
589 977 817 1031 ingentium
851 977 1053 1019 malorum-
1080 978 1191 1019 fuere
1222 974 1487 1034 praenuntia,
1521 979 1588 1020 sed
1613 994 1659 1020 ea
1681 979 1782 1021 acci-

377 1053 482 1094 disse
514 1069 596 1095 non
630 1055 725 1108 quia
758 1055 855 1095 haec
885 1039 992 1096 facta
1025 1061 1119 1096 sunt
1152 1055 1348 1106 arbitror,
1394 1071 1530 1096 verum
1564 1056 1660 1097 haec
1692 1056 1782 1097 ideo

377 1131 504 1182 facta,
555 1132 648 1185 quia
696 1133 880 1172 incasura
924 1137 1036 1173 erant
1082 1132 1192 1173 illa.”
1260 1133 1461 1182 „Miretur
1491 1133 1567 1174 hoc
1599 1133 1671 1188 qui
1701 1147 1781 1174 non

378 1207 559 1249 observet
592 1209 794 1250 cotidiano
828 1211 1102 1264 experimento
1135 1209 1298 1251 herbam
1322 1225 1466 1261 unam,
1496 1224 1598 1264 quae
1619 1215 1784 1252 vocatur

378 1285 689 1340 heliotropium,
728 1285 942 1327 abeuntem
981 1287 1105 1328 solem
1149 1288 1299 1328 intueri
1332 1302 1486 1343 semper
1516 1286 1783 1341 omnibusque

381 1363 489 1404 horis
537 1378 627 1404 cum
678 1379 724 1404 eo
774 1365 875 1405 verti
918 1365 981 1405 vel
1013 1364 1153 1406 nubilo
1186 1364 1451 1406 obumbrante
1463 1382 1474 1415 3
1508 1365 1588 1406 iam
1621 1364 1782 1419 quidem

380 1440 510 1482 lunari
544 1446 742 1496 potestate
775 1447 994 1483 ostrearum
1028 1442 1407 1497 conchyliorumque
1455 1446 1496 1483 et
1543 1442 1783 1484 concharum

379 1519 560 1559 omnium
599 1534 764 1574 corpora
804 1520 942 1574 augeri
974 1535 1019 1560 ac
1051 1534 1186 1560 rursus
1221 1520 1371 1569 minui,
1407 1520 1507 1573 quin
1541 1525 1580 1559 et
1611 1519 1784 1561 soricum

381 1596 496 1637 fibras
544 1597 782 1652 respondere
831 1611 995 1638 numero
1043 1596 1163 1637 lunae
1195 1597 1445 1651 exquisivere
1479 1596 1783 1651 diligentiores,

382 1674 674 1728 minimumque
706 1673 878 1723 animal,
913 1674 1142 1725 formicam,
1177 1675 1324 1715 sentire
1358 1675 1459 1715 vires
1492 1674 1632 1715 sideris
1664 1675 1786 1715 inter-

382 1750 494 1791 lunio
533 1765 688 1806 semper
725 1750 990 1792 cessantem.'’
1010 1752 1038 1802 ¹)

444 1828 654 1869 Praeterea
676 1829 822 1877 merito
844 1828 1204 1870 contemnebantur
1226 1827 1411 1883 vulgares
1433 1828 1625 1883 astrologi
1647 1833 1686 1869 et
1704 1844 1785 1870 sae—

382 1906 472 1960 pius
519 1922 541 1946 e
589 1907 751 1947 civitate
800 1905 1104 1961 expellebantur
1144 1906 1353 1947 hirudines
1387 1905 1481 1947 illae
1513 1910 1554 1946 et
1586 1912 1730 1961 pestes.
1755 1906 1785 1960 ²)

382 1983 460 2025 Sed
494 1998 583 2024 cum
617 1983 679 2024 vel
711 1987 846 2025 nostra
878 1988 1009 2025 aetate
1042 1984 1118 2025 viri
1153 1984 1260 2024 docti
1295 1988 1340 2024 ut
1374 1982 1569 2034 Crookes,
1605 1982 1784 2034 Zellner,

381 2061 473 2111 alii,
508 2062 578 2115 qui
611 2076 743 2102 veram
777 2065 931 2102 exstare
965 2066 1089 2102 artem
1124 2067 1311 2111 censent,
1347 2076 1427 2115 qua
1458 2061 1789 2102 homines‘inter-

383 2143 514 2194 pretes
561 2143 600 2179 et
648 2139 895 2180 internuncii
944 2139 1207 2193 cogitationes
1241 2144 1280 2179 et
1313 2153 1449 2179 sensus
1482 2138 1661 2179 manium
1693 2152 1784 2179 cum

384 2217 482 2257 vivis
529 2232 570 2257 se
615 2218 908 2258 communicare
941 2232 1055 2272 posse
1088 2217 1374 2272 profiteantur,
1406 2216 1510 2257 hanc
1542 2216 1591 2257 ob
1625 2230 1782 2256 causam

384 2309 464 2335 non
498 2295 795 2350 despiciantur,
839 2300 885 2335 ut
917 2295 1162 2336 fraudatores
1194 2294 1279 2344 illi,
1315 2294 1383 2348 qui
1417 2310 1464 2334 ex
1496 2293 1684 2334 simulata
1714 2307 1786 2333 sua

383 2377 469 2413 arte
501 2377 713 2427 quaestum
745 2373 921 2424 faciunt,
956 2387 1002 2413 eo
1035 2373 1167 2413 minus
1201 2371 1472 2426 aspernandus
1495 2375 1555 2412 est
1576 2370 1784 2421 Manilius,

384 2465 474 2492 eum
507 2465 588 2492 non
621 2451 872 2506 „astrologos
905 2451 953 2491 de
986 2449 1119 2491 circo’'
1152 2449 1311 2499 laudet,
1345 2450 1414 2490 sed
1446 2463 1678 2504 persuasum
1709 2447 1785 2488 sibi

431 2741 454 2776 ¹}
502 2744 581 2773 Plin.
607 2744 643 2773 H.
669 2744 704 2773 N.
730 2744 776 2778 ΙΙ,
802 2745 840 2773 97
867 2743 901 2773 et
927 2743 996 2773 109.

429 2796 454 2835 ²)
502 2798 548 2828 Cf.
584 2799 627 2828 La
661 2799 764 2835 Magie
793 2799 827 2828 et
851 2798 1057 2834 l’Astrologie
1081 2798 1159 2827 dans
1184 2797 1367 2833 l’antiquite
1393 2802 1425 2827 et
1450 2807 1487 2827 311
1512 2805 1621 2834 moyen
1646 2799 1704 2832 age
1727 2805 1785 2833 par

389 2859 496 2889 Alfred
519 2859 627 2896 Maury
653 2859 757 2895 quatr.
783 2859 830 2888 ed.
856 2858 945 2888 Paris
970 2858 1089 2887 Didier.
1114 2857 1188 2895 Cap.
1213 2857 1270 2886 lv:
1309 2858 1351 2886 La
1375 2857 1476 2893 magie
1501 2857 1518 2886 a
1543 2857 1639 2886 Rome
1656 2857 1690 2886 et
1707 2856 1784 2886 dans

387 2919 528 2957 l'empire
550 2918 683 2949 Romaiu
707 2927 778 2956 pag.
805 2918 941 2948 70—85.

1918 0 1936 2812 Qum-omnffloethQ-'Qmfl‘hm

1920 2924 1931 2947 „r
1919 2822 1936 2899 ,ρῳ-η.
