1930 3320
183 386 312 426 Simile
361 397 613 446 continetur,
662 395 826 435 fluxisse
873 395 1047 446 putandi
1088 399 1183 434 sunt
1224 407 1275 434 ex
1314 395 1534 447 archetypo
1576 407 1660 434 non

182 466 392 518 inscripto.
449 466 578 515 Quam
615 465 666 504 ad
695 477 778 504 rem
804 465 1164 505 demonstrandum
1191 464 1558 504 commodissimum
1584 468 1660 514 est,

183 535 291 586 quod
333 536 403 574 isti
439 547 562 586 snpra
595 535 849 586 prooemium
883 535 976 573 libri
1014 535 1047 573 1.
1085 535 1268 573 iudicant
1302 545 1460 573 carmen
1494 534 1660 573 missum

181 615 268 642 esse
297 604 348 642 ad
376 604 654 654 Augustum
682 603 920 654 principem.
963 602 1148 652 Namque
1178 603 1220 641 in
1248 603 1351 642 hanc
1368 603 1483 642 tituli
1502 606 1660 654 partem

180 671 358 722 priorem
385 672 496 712 cadit
523 673 696 711 maxima
724 672 938 710 commenti
969 671 1162 721 suspicio.

286 741 482 791 Quisquis
517 742 624 780 enim
651 741 760 779 haud
789 741 954 779 omnino
983 752 1115 779 rerum
1143 740 1420 779 Romanarum
1447 740 1660 790 imperitus

179 810 334 862 primos
369 810 558 848 carminis
593 821 733 848 versus
761 809 1086 859 perlustraverit,
1124 809 1321 859 neglectis
1351 809 1521 859 reliquis
1549 809 1659 848 ultro

180 880 223 919 in
257 891 343 918 eam
379 879 515 918 veniet
542 877 791 929 opinionem,
828 880 874 916 ut
902 878 952 916 de
982 877 1210 916 Octaviano
1239 878 1365 916 verba
1394 878 1480 916 fieri
1509 878 1660 927 credat,

181 959 310 998 neque
352 948 436 986 ulla
475 947 617 986 dedita
659 959 784 996 opera
818 946 1007 984 carminis
1043 947 1077 984 si
1113 946 1366 986 desiderabit
1399 947 1566 986 titulum
1602 946 1661 986 ita

181 1017 372 1068 supplere
413 1017 587 1066 poterit,
635 1020 682 1054 ut
729 1016 926 1054 inscribat
975 1015 1059 1054 sive
1101 1020 1147 1054 ut
1186 1020 1248 1054 est
1287 1016 1330 1053 in
1371 1015 1580 1054 Vossiano
1620 1015 1661 1054 I:

179 1086 258 1135 „ad
287 1085 500 1124 Caesarem
526 1084 787 1134 Augustum“
817 1085 901 1122 sive
930 1084 981 1123 ad
1001 1084 1229 1134 exemplum
1249 1084 1442 1122 Vaticani
1464 1087 1519 1134 (n.
1541 1085 1659 1135 3089)

167 1154 257 1204 „ad
289 1153 557 1192 Octavianum
577 1154 848 1203 Augustum“.
878 1175 927 1180 —
954 1153 1014 1191 At
1043 1164 1144 1202 quae
1172 1153 1258 1191 fieri
1282 1157 1519 1203 potuerunt,
1546 1165 1593 1191 ea
1612 1164 1655 1212 re

178 1217 274 1261 vera
306 1221 414 1261 facta
449 1234 535 1260 esse
573 1221 725 1272 optime
759 1234 847 1260 mea
884 1221 1045 1270 quidem
1080 1221 1284 1260 sententia
1317 1221 1583 1271 cognoscitur
1609 1233 1660 1259 ex

177 1291 301 1330 titulo
329 1291 527 1329 Vossiani
561 1290 617 1338 II,
654 1291 767 1328 cuius
803 1303 954 1328 summa
989 1302 1094 1328 nunc
1129 1292 1191 1328 est
1220 1291 1318 1329 fides
1347 1293 1389 1329 et
1416 1290 1659 1328 auctoritas.

178 1360 222 1400 Is
250 1362 412 1398 constat
439 1359 502 1398 his
529 1357 685 1398 verbis:
715 1359 798 1409 ‚,M.
819 1359 991 1398 Mallii
1012 1358 1249 1408 EQVOM
1278 1359 1660 1398 astronomicon

179 1429 297 1468 divo
351 1433 442 1467 oct.
490 1428 691 1481 quirino
737 1440 857 1480 augq
902 1429 1210 1479 prooemium
1256 1428 1343 1468 lib.
1390 1429 1485 1479 pr.“
1558 1428 1660 1477 Quis

178 1498 342 1538 tandem
381 1500 506 1548 poeta
546 1509 645 1535 sana
686 1503 816 1536 mente
858 1509 954 1535 usus
991 1510 1092 1546 eum,
1134 1498 1184 1536 ad
1222 1510 1339 1547 quem
1374 1497 1552 1537 earmina
1588 1509 1662 1536 sua

180 1566 350 1606 daturus
385 1570 484 1615 erat,
529 1567 608 1604 iam
642 1566 685 1603 in
721 1566 851 1616 prima
890 1566 1043 1616 pagina
1077 1568 1142 1605 tot
1179 1567 1493 1616 cognominibus
1528 1566 1660 1615 iisqne

178 1635 281 1674 miro
315 1635 434 1674 modo
465 1635 664 1674 consertis
693 1647 870 1684 unquam
899 1635 1144 1674 cumulavit?
1191 1635 1318 1674 Immo
1347 1635 1660 1685 aul-ecquidem

176 1704 358 1754 Augusti
393 1706 527 1743 aetate
561 1715 676 1742 nemo
715 1715 811 1742 sane
845 1705 1024 1754 scriptor
1059 1716 1185 1754 opera
1214 1716 1287 1742 sua
1314 1704 1523 1743 dedicavit
1549 1704 1659 1744 Divo

180 1771 408 1813 Octaviano
439 1772 613 1822 Quirino
643 1773 847 1823 Augusto.
904 1773 1018 1811 Talis
1047 1774 1254 1812 nominum
1281 1775 1493 1824 congeries
1522 1774 1659 1813 nescio

167 1854 231 1880 -an
265 1843 392 1881 multo
427 1843 570 1881 melius
605 1843 823 1882 conveniat
854 1843 1107 1894 temporibus
1148 1854 1249 1892 quae
1284 1843 1476 1882 dicuntur
1503 1843 1660 1894 Byzan-

179 1910 293 1950 tinis.
349 1911 459 1960 Quin
488 1912 608 1951 etiam
635 1913 713 1950 hoc
742 1913 828 1950 sine
857 1913 942 1950 ulla
969 1913 1230 1952 dubitatione
1258 1925 1335 1963 pro
1365 1925 1460 1951 vero
1490 1913 1660 1952 affirma-

178 1979 305 2019 verim
322 1981 374 2019 ab
392 1980 554 2019 homine
576 1982 750 2030 quodam
771 1981 870 2020 satis
892 1982 1047 2032 inepto,
1077 1982 1146 2031 qui
1166 1982 1473 2020 Astronomicis
1495 1995 1660 2032 operam

166 2048 316 2103 flabat,
353 2053 564 2088 consutum
597 2062 684 2089 esse
713 2050 827 2088 illum
854 2051 1027 2089 indicem
1054 2063 1104 2089 ex
1132 2051 1182 2089 iis
1211 2051 1456 2100 nominibus,
1487 2063 1589 2101 quae
1617 2052 1660 2090 in

179 2117 364 2157 versibus
393 2118 489 2157 libri
517 2119 564 2168 1.,
593 2122 628 2158 7.
657 2118 694 2159 8.
722 2122 810 2159 800.
839 2122 912 2159 801
942 2124 1125 2158 exstant:

364 2203 444 2247 „Tu
471 2203 664 2248 Caesar,
689 2205 834 2250 patriae
859 2206 1104 2252 princepsque
1129 2208 1322 2252 paterque,

365 2261 435 2305 Qui
459 2262 557 2306 regis
582 2262 748 2307 augustis
773 2266 965 2308 parentem
991 2262 1134 2308 legibus
1160 2264 1297 2300 orbem.

364 2345 374 2354 .
399 2345 407 2354 .
433 2318 524 2364 regit
548 2319 785 2364 Augustus
811 2321 912 2356 socio
938 2332 1004 2367 per
1027 2321 1134 2367 signa
1160 2322 1343 2358 Tonante.

369 2375 496 2412 Cernit
521 2379 559 2412 et
582 2377 619 2412 in
645 2381 754 2413 coetu
778 2378 934 2414 Divum
959 2390 1204 2425 magnumque
1231 2378 1498 2422 Quirinum.“

127 2462 130 2463 ⁷
178 2461 230 2501 Id
269 2459 430 2512 quidem
465 2463 651 2513 profecto
685 2465 829 2504 mirum
863 2477 945 2503 non
979 2470 1054 2515 est,
1090 2466 1198 2515 quod
1234 2466 1384 2515 aliquis
1412 2467 1660 2517 astrologus,

179 2526 451 2570 Pit-micorum
484 2531 629 2580 instar,
671 2544 718 2570 ea
760 2533 935 2582 nomina,
963 2536 1080 2583 ‘quae
1114 2534 1164 2572 de
1201 2533 1373 2574 Caesare
1408 2540 1449 2574 et
1482 2535 1660 2575 Romulo

126 2606 134 2610 ”
177 2596 414 2655 πῇῃοῐιῃεηο,
448 2611 472 2638 a
507 2605 631 2650 poeta
661 2604 767 2652 sunt,
803 2602 980 2641 contulit
1008 2604 1048 2641 in
1080 2602 1361 2654 Octavianum,
1398 2617 1514 2654 quem
1541 2618 1664 2644 unum

179 2659 395 2709 caesarem
426 2669 658 2719 Augustum
693 2672 976 2721 cognominari
1011 2684 1133 2722 posse
1169 2678 1356 2723 putaret,
1398 2674 1572 2713 fortasse
1613 2687 1663 2714 ne

178 2734 258 2774 hoc
294 2735 455 2784 quidem
489 2737 657 2787 oblitus,
697 2739 760 2777 illi
795 2751 915 2790 saepe
949 2751 1176 2790 cognomen
1210 2741 1310 2780 Divi
1346 2744 1398 2781 ab
1435 2742 1599 2789 Ovidio,
1634 2755 1659 2782 a

182 2801 370 2854 Vergilio
406 2804 527 2844 semel
562 2805 730 2857 (Georg.
765 2807 845 2858 ΙΙΙ,
881 2807 946 2858 27)
983 2807 1146 2857 Quirini
1180 2810 1280 2851 indi.
1334 2811 1421 2850 Nec
1454 2811 1658 2851 hominem
