1936 3392
1555 372 1609 414 37

114 495 174 538 In
207 507 342 550 mary.
379 493 481 535 haec
515 506 594 535 ser.
631 506 709 535 rec.
741 506 797 535 m.
831 491 908 548 [β];
952 491 1108 534 Hiatus
1136 487 1160 545 J
1188 491 1242 534 ad
1278 492 1359 534 hoc
1390 493 1562 547 signum
1588 491 1610 516 *

115 591 171 598 —-
201 565 254 607 V.
280 566 378 608 400.
410 565 469 606 In
505 578 641 620 mary.
672 577 750 607 scr.
782 578 860 606 ree.
891 578 948 606 m.
982 563 1061 620 [a]:
1100 563 1186 605 Hic
1221 563 1511 606 continuanda
1541 577 1611 605 su-

111 638 278 695 periora
314 662 368 667 —-
410 637 508 679 403.
541 635 704 692 averso]
739 635 915 678 adverso
954 660 1010 666 —
1049 634 1203 691 sidera]
1236 635 1390 689 sydera
1422 660 1477 665 -—
1511 636 1608 676 404.

111 707 365 764 Nemeaeus]
403 721 578 750 nemeus
622 733 677 738 -
722 708 820 749 405.
858 708 933 749 tris
965 740 973 748 .
1007 740 1015 748 .
1049 740 1056 748 .
1088 708 1221 762 partis
1251 707 1366 749 inest
1409 732 1464 737 ——-
1511 707 1608 748 406.

114 780 243 838 quae‘]
266 785 353 836 qua'
383 805 437 810 —
471 781 569 822 408.
596 778 792 834 deducta]
818 778 1022 834 perducta
1048 778 1234 835 (pducta)
1262 804 1317 808 —
1344 779 1442 820 409.
1470 776 1611 828 Quam

112 852 255 908 modo]
282 850 503 902 Quomodo
530 877 584 882 -—
611 850 848 893 Nemeaeus
874 850 1055 892 duxerat
1078 850 1208 905 horis]
1235 862 1386 892 nemea
1411 850 1448 892 si
1475 849 1609 891 duxe-

111 925 167 967 rit
195 924 311 966 horis
342 948 398 954 —
431 924 529 965 410.
563 921 706 978 auctu]
741 925 837 964 actu
871 947 925 952 -—
959 922 1056 963 411.
1090 934 1255 977 semper
1284 924 1334 963 ut
1358 920 1474 977 astri]
1501 934 1610 963 sem-

111 1008 188 1053 per
208 1009 268 1059 ἐρ
305 996 427 1038 astris
471 1020 526 1025 —-
571 995 669 1036 412.
708 993 967 1049 crescatque]
1000 1006 1278 1049 crescensque
1323 1018 1378 1023 —
1423 994 1521 1035 413.
1556 993 1610 1034 ad

112 1067 250 1124 binas]
283 1067 337 1110 ad
368 1067 497 1110 denas
530 1092 585 1096 —
618 1066 716 1108 414.
749 1065 903 1120 sidera]
935 1065 1090 1119 sydera
1122 1090 1176 1095 —
1210 1066 1308 1107 415.
1340 1064 1396 1107 Et
1426 1065 1610 1120 quantis,

112 1139 359 1195 utrumque]
390 1138 447 1180 Et
478 1139 647 1194 quantis
677 1138 725 1179 in
755 1140 974 1192 utrunque
1008 1162 1061 1167 —
1096 1137 1195 1179 418.
1221 1137 1354 1191 Illud,
1389 1140 1494 1192 quot
1527 1139 1610 1178 sta-

114 1210 213 1267 diis]
249 1210 330 1253 Illa
366 1210 479 1267 quod
519 1210 603 1265 (qd)
642 1209 804 1252 standis
849 1234 903 1239 -
949 1209 1047 1250 419.
1086 1211 1150 1251 ter
1184 1212 1356 1251 centum
1388 1212 1428 1250 et
1460 1211 1611 1264 quater

111 1283 347 1338 vicenaque
378 1281 585 1336 constent]
611 1284 846 1323 trecentum
870 1281 1060 1322 numeris
1088 1281 1311 1336 vicinaque
1336 1283 1530 1322 constent
1552 1306 1607 1310 —

114 1355 212 1396 420.
257 1357 387 1410 quota
429 1353 613 1395 demitur
647 1352 800 1408 usque]
849 1355 953 1408 quot
991 1351 1147 1394 ademit
1182 1355 1363 1407 uterque
1402 1342 1519 1407 (utq.)
1552 1377 1607 1382 -—-

114 1426 213 1468 422.
243 1424 457 1480 Phoebus]
490 1424 652 1480 phebus
691 1449 746 1454 —
785 1425 883 1466 423.
917 1423 1156 1479 exsuperat]
1190 1427 1398 1479 exuperat
1437 1449 1491 1454 -—
1531 1424 1610 1466 du-

115 1497 198 1539 cito
227 1496 342 1540 inest
379 1522 432 1528 —
471 1497 569 1538 427.
603 1495 826 1552 Quodque]
860 1494 1056 1551 Quotque
1089 1521 1144 1525 --
1177 1495 1418 1551 exsuperat]
1451 1508 1609 1551 exupe-

114 1571 181 1610 rat
211 1593 267 1600 -
299 1569 396 1610 430.
421 1567 626 1610 Tradetur
651 1566 856 1622 Geminis]
875 1567 1075 1609 Traditur
1100 1572 1142 1609 et
1163 1568 1346 1623 geminis
1372 1593 1426 1597 ——
1454 1567 1607 1624 cetera]

114 1642 275 1682 caetera
307 1664 363 1670 —-
395 1640 494 1682 431.
522 1638 772 1695 Procedent]
797 1638 1038 1681 Procedant
1070 1664 1123 1669 —-
1158 1652 1360 1681 numeros
1385 1654 1436 1682 ex
1459 1652 1609 1681 nume-

112 1724 187 1754 rus
221 1711 324 1767 feeit
352 1725 423 1768 pr.
460 1725 516 1753 m.
557 1736 611 1740 —
650 1711 749 1752 432.
786 1710 916 1767 novo]
955 1723 1108 1753 novem
1142 1711 1280 1765 (nove)
1320 1737 1375 1741 —
1414 1710 1607 1767 munere]

110 1795 290 1825 munera
321 1808 377 1813 —
410 1784 508 1825 433.
540 1782 799 1838 pervenient]
826 1783 1075 1839 perveniant
1106 1808 1160 1813 -—
1194 1782 1348 1839 sidera]
1375 1782 1529 1837 sydera
1552 1809 1606 1813 —

70 1886 73 1888 -
112 1854 209 1896 437.
241 1854 504 1910 monstravit]
536 1854 790 1896 monstrabit
828 1879 883 1884 —
918 1855 1017 1897 438.
1050 1854 1201 1910 sidera]
1234 1855 1388 1908 sydera
1419 1881 1475 1885 —
1508 1856 1607 1897 442.

111 1925 325 1982 Phoebus]
358 1926 522 1982 phebus
561 1951 615 1956 —
656 1927 755 1967 444.
787 1926 939 1982 sidera]
972 1926 1124 1980 sydera
1163 1952 1218 1957 ——
1257 1928 1355 1969 449.
1387 1928 1609 1983 noctisque

110 2009 187 2053 per
215 1997 354 2053 horas]
385 1998 522 2040 noctis
560 1998 657 2054 (om.
691 2011 791 2053 que,
822 1998 896 2040 sed
923 1998 1063 2040 unius
1089 1998 1167 2040 litt.
1193 2002 1302 2054 spat.
1327 2013 1414 2041 vac.
1440 1999 1602 2054 relicto)

110 2081 186 2125 per
215 2069 271 2125 (p)
301 2069 448 2112 horam
488 2095 536 2100 —-
575 2071 672 2112 450.
705 2069 757 2111 ab
788 2069 916 2126 iusto]
949 2070 1113 2112 adiusto
1147 2095 1202 2100 —-
1235 2070 1402 2127 umbra]
1435 2070 1609 2113 umbras

113 2165 170 2171 ——
200 2141 298 2183 454.
328 2141 481 2184 Totum
510 2140 572 2197 in]
605 2142 743 2183 totfiin
774 2155 834 2184 ecc·
854 2155 958 2184 corr.
984 2156 1054 2198 pr.
1086 2156 1142 2183 m.
1183 2168 1233 2172 —
1275 2143 1372 2184 456.
1405 2142 1607 2198 Accedat]

110 2211 287 2255 Accedit
330 2238 385 2243 —
430 2214 528 2255 460.
566 2213 750 2269 proprie]
788 2214 979 2270 propriae
1023 2240 1079 2244 —-
1124 2214 1222 2256 461.
1260 2214 1359 2270 ipsi]
1398 2215 1513 2270 ipsae
1551 2240 1607 2245 ——

112 2283 210 2326 466.
241 2284 468 2341 haerentia]
500 2286 659 2327 arentia
697 2310 753 2315 —
789 2284 860 2327 Vv.
886 2287 1145 2328 468—469
1168 2290 1269 2342 post
1299 2300 1335 2328 v.
1361 2288 1451 2328 474
1481 2287 1604 2329 collo-

69 2406 83 2416 ,
110 2359 188 2398 cat.
221 2381 275 2386 ——
309 2356 407 2398 468.
437 2356 596 2412 fenore]
621 2356 793 2399 faenore
824 2383 879 2388 —
912 2358 1010 2400 470.
1037 2358 1199 2414 cedere]
1226 2358 1400 2401 caedere
1426 2383 1481 2388 —
1509 2359 1607 2400 471.

112 2425 322 2484 Namque]
347 2427 529 2484 Nanque
561 2453 616 2458 —
649 2429 747 2470 473.
775 2429 1095 2486 cumulentque]
1123 2430 1399 2485 cumuletque
1426 2455 1482 2460 —
1509 2431 1606 2472 478.

113 2498 384 2555 descendunt]
417 2499 642 2542 discedunt
672 2526 727 2530 —
760 2500 912 2557 sidera]
945 2501 1098 2555 sydera
1135 2527 1183 2532 -
1224 2502 1322 2544 480.
1354 2501 1507 2557 sidere]
1540 2515 1609 2555 sy-

114 2568 212 2612 dere
254 2595 311 2601 ——
355 2571 467 2614 Post.
504 2586 541 2614 v.
567 2574 665 2614 482
699 2586 776 2614 scr.
808 2587 878 2629 pr.
910 2587 991 2615 m:
1037 2587 1192 2616 ALTERA
1223 2586 1339 2616 RATIO
1369 2586 1609 2615 mvnmnNm

112 2653 250 2684 nomn
283 2667 338 2672 ——
369 2644 467 2685 486.
499 2643 738 2699 Adspicies]
770 2644 963 2700 Aspicies
994 2670 1051 2676 —
1083 2646 1181 2687 487.
1215 2644 1506 2701 Multiplicans
1538 2645 1609 2687 de-

115 2711 214 2768 cies]
261 2712 496 2770 Multiplica
551 2715 707 2771 (spatio
755 2716 948 2758 duarum
998 2717 1076 2759 litt.
1120 2731 1254 2759 vacuo
1296 2716 1457 2772 relicto)
1509 2717 1609 2759 dece

122 2783 277 2840 (spatio
311 2785 450 2828 unius
488 2786 565 2829 litt.
598 2801 731 2830 vacuo
761 2787 922 2843 relicto)
967 2815 1023 2819 -—
1062 2790 1160 2831 488.
1194 2789 1375 2831 summis
1405 2789 1519 2831 inest
1552 2814 1606 2818 —

115 2854 213 2896 489.
238 2867 283 2898 se
307 2857 530 2914 extollunt]
557 2871 633 2901 sex
658 2858 812 2901 tollunt
844 2885 899 2890 -——
932 2860 1086 2916 sidera]
1113 2860 1267 2914 sydera
1299 2886 1354 2890 —
1387 2861 1485 2902 490.
1510 2873 1609 2901 con-

114 2925 292 2982 iungere
315 2927 369 2983 et]
397 2930 620 2986 coniungis
645 2933 686 2972 et
711 2955 766 2961 —
794 2932 892 2973 491.
917 2931 1105 2987 Phoebo]
1132 2931 1269 2987 phebo
1298 2958 1352 2962 —-
1379 2931 1606 2986 memento]

63 3006 68 3010 ”
114 3001 328 3040 momenta
371 3024 426 3030 —
469 3002 566 3043 492.
611 3001 793 3057 summa]
835 3016 1025 3044 summas
1069 3028 1124 3032 —
1169 3002 1321 3058 sidera]
1360 3003 1514 3056 sydera
1554 3028 1606 3032 —
