1930 3320
935 243 1213 282 „20-

333 364 436 404 mihi
465 364 646 415 videtur,
690 377 786 403 oum
818 364 861 403 in
887 364 1126 414 fortuitos
1156 363 1196 416 (I
1229 363 1326 419 182)
1363 365 1380 404 a·
1414 365 1603 405 vocalem
1635 379 1803 421 eorrep—

332 435 418 471 tam
449 445 544 472 esse
578 430 869 471 contenderet.
927 430 1290 471 Dihaereseos
1322 432 1518 486 exempla
1539 432 1652 487 apud
1666 432 1803 474 Mani-

335 499 436 539 lium
469 498 626 538 frustra
656 511 849 552 quaeras.

333 599 404 641 De
443 599 737 641 hexametri
774 599 954 655 pedum
991 601 1348 642 nonnullorum
1379 601 1804 657 proprietatibus.

446 679 623 720 Constat
691 683 840 735 poetas
898 679 1073 720 Latinos
1146 679 1427 721 secundum
1495 680 1804 723 hexametri

330 747 517 802 pedem
548 747 760 788 rarissime
792 747 923 788 verbo
956 746 1187 802 spondiaco
1209 748 1277 788 vel
1301 747 1510 800 dactylico
1533 747 1804 804 formasse²);

332 815 475 870 itaque
524 814 636 870 apud
666 814 887 871 Manilium
931 814 1068 855 tribus
1114 819 1276 856 tantum
1318 816 1423 856 locis
1465 815 1588 858 sedes
1620 817 1806 859 secunda

331 882 462 924 verbo
495 886 726 938 occupatur
756 882 1005 938 spondiaco:

442 950 486 990 II
517 951 596 991 346
633 949 838 992 Continua
866 950 1016 990 inter
1045 962 1086 991 se
1114 953 1280 991 servant
1309 952 1544 993 commercia
1571 965 1710 993 rerum

442 1017 485 1058 ΙΙ
516 1019 596 1059 479
632 1017 803 1060 Cernere
832 1020 878 1058 ut
914 1018 1058 1058 iuter
1095 1030 1137 1058 se
1161 1021 1324 1070 possent
1353 1019 1575 1071 audireque
1605 1019 1804 1072 quaedam

424 1085 487 1126 IV
518 1086 598 1126 810
637 1085 764 1137 thue
792 1085 869 1126 illa
897 1085 1041 1126 iuter
1069 1097 1109 1126 se
1138 1087 1278 1126 coeunt
1307 1085 1471 1139 odioque
1500 1091 1743 1141 repuquaut.

330 1152 655 1208 Praepositione
686 1153 793 1192 iuter
822 1153 905 1194 iam
935 1157 1033 1194 ante
1054 1153 1276 1195 Manilium
1307 1159 1461 1210 poetae
1493 1169 1622 1211 saepe
1653 1155 1805 1198 eodem

330 1220 571 1262 hexametri
611 1220 705 1261 loeo
751 1220 818 1261 usi
864 1220 1021 1275 sunt3),
1072 1235 1166 1261 eum
1206 1223 1467 1278 praepositio
1503 1223 1612 1264 inter
1641 1237 1736 1266 cum
1765 1237 1806 1266 se

332 1288 464 1330 verbo
497 1288 549 1329 ab
573 1302 624 1329 ea
644 1288 847 1344 pendenti
878 1292 1080 1343 tanquam
1109 1289 1152 1329 in
1183 1290 1306 1331 unius
1336 1291 1456 1332 verbi
1486 1305 1639 1347 corpus
1670 1295 1805 1334 coeat.

442 1357 621 1399 Duobus
684 1361 908 1412 praeterea
966 1357 1071 1398 locis
1130 1357 1284 1413 pedem
1339 1358 1579 1400 hexametri
1627 1359 1807 1401 alterum

329 1425 510 1467 Iacobus
542 1425 679 1467 verbo
713 1425 922 1479 dactylico
953 1425 1180 1466 formatum
1211 1439 1307 1467 esse
1339 1426 1449 1467 vult:

441 1494 485 1534 Π
517 1496 598 1535 619
629 1494 688 1535 At
716 1507 805 1535 eum
833 1493 1059 1546 Lauiqer
1087 1492 1295 1546 impetitur
1323 1493 1396 1535 sub
1425 1496 1594 1546 utroque
1624 1494 1780 1546 triqouo

425 1562 489 1603 IV
523 1564 600 1602 757
640 1561 818 1604 Ultimus
846 1561 1040 1602 occulit
1068 1573 1111 1601 os
1135 1560 1299 1614 Ganqes
1327 1564 1364 1602 et
1393 1564 1566 1603 trameat
1586 1561 1732 1611 Indos3

335 1634 377 1671 at
426 1629 470 1670 in
518 1630 590 1670 illo
642 1628 939 1683 corrigendum
988 1631 1054 1670 est
1101 1627 1300 1682 Laniyeri
1339 1632 1487 1681 partu,
1540 1643 1637 1671 oum
1685 1629 1805 1672 codd.

337 1697 514 1750 laniyeri
551 1698 700 1748 partus
731 1696 983 1744 exhibeant;
1034 1697 1077 1736 in
1126 1710 1251 1737 versu
1299 1697 1432 1738 altero
1477 1697 1710 1753 probabilis
1741 1702 1807 1740 est

331 1765 438 1806 haec
471 1764 711 1806 emendatio
742 1763 1082 1818 Becherti⁴):

306 1826 309 1832 ⁴
422 1833 599 1875 Ultimus
629 1835 705 1874 est
729 1833 941 1884 positus
975 1832 1149 1885 Gaaqes,
1179 1831 1264 1884 qui
1292 1832 1569 1884 transfluit
1596 1832 1735 1875 Indos.

333 1901 382 1942 In
413 1915 541 1943 versu
572 1900 755 1955 denique
786 1899 853 1940 III
883 1902 964 1941 604

489 1968 628 2009 Tertia
653 1967 828 2022 forma
857 1969 935 2008 est
963 1969 1001 2008 et
1029 1979 1184 2008 summo
1214 1966 1297 2007 iam
1322 1967 1514 2018 proxima
1546 1967 1654 2009 caelo

332 2040 447 2078 recte
491 2036 541 2077 L.
582 2034 849 2090 Mueller5)
895 2035 973 2076 erit
1014 2049 1090 2090 pro
1132 2037 1190 2075 est
1234 2034 1473 2086 substituit,
1521 2038 1568 2075 ut
1615 2034 1807 2090 dactylus

331 2103 485 2159 pedem
532 2103 764 2144 seeundum
811 2102 991 2155 efficiat,
1040 2102 1112 2157 qui
1157 2102 1335 2143 elisione
1381 2102 1628 2157 posterioris
1666 2101 1808 2157 forma

334 2173 450 2214 vocis
482 2172 672 2227 syllabae
706 2175 948 2214 exeusatur.
1008 2172 1058 2213 In
1089 2171 1231 2227 pede
1262 2171 1455 2222 tertio,
1487 2170 1532 2212 in
1554 2184 1636 2226 quo
1659 2169 1808 2212 eadem

333 2242 406 2282 lex
436 2241 551 2281 valet
580 2239 693 2296 apud
722 2244 871 2296 poetas
902 2240 1091 2290 Latinos,
1135 2253 1271 2294 neque
1315 2239 1491 2281 verbum
1530 2238 1807 2294 spondiaeum

333 2323 471 2364 neque
503 2308 757 2364 dactylicum
787 2309 831 2349 in
863 2308 1027 2350 Manilii
1058 2308 1241 2349 carmine
1272 2308 1440 2362 legitur.

426 2421 452 2463 ¹)
478 2421 511 2454 d.
536 2433 563 2455 r.
588 2432 633 2454 111.
659 2432 692 2464 p.
711 2420 790 2460 25&
816 2420 856 2454 cf.
884 2421 1006 2453 tamen
1030 2430 1082 2460 ea,
1107 2431 1200 2463 quae
1226 2420 1351 2454 eontra
1374 2418 1588 2453 Muellerum
1605 2417 1810 2463 disputavit

333 2478 391 2512 W.
416 2478 608 2512 Schmitz
637 2478 675 2511 in
709 2490 797 2512 mus.
823 2478 937 2512 Rhen.
964 2478 1065 2512 XVII
1089 2491 1123 2523 p.
1149 2478 1214 2512 457
1239 2490 1288 2521 sq.
1316 2493 1358 2506 =
1382 2477 1552 2522 Beitrage
1577 2489 1639 2511 zur
1663 2476 1810 2512 lateini-

333 2534 442 2569 schen
475 2534 627 2579 Spraeh-
657 2534 731 2568 und
762 2533 1067 2568 Literaturkunde
1100 2546 1135 2578 p.
1166 2534 1210 2568 60
1240 2546 1291 2577 sq.
1332 2535 1345 2577 Η
1392 2535 1419 2578 ²)
1446 2534 1487 2567 ef.
1513 2533 1730 2575 Froehde,
1765 2533 1809 2568 de

333 2591 542 2625 hexametro
567 2590 708 2634 Latino,
733 2590 772 2624 in
799 2590 925 2625 Philol.
951 2591 1001 2624 XI
1026 2591 1140 2633 (1856)
1166 2602 1200 2634 p.
1226 2590 1301 2625 533.
1342 2591 1355 2633 ΙΙ
1397 2590 1423 2634 ³)
1449 2590 1492 2625 of.
1517 2590 1692 2634 exempla,
1716 2601 1809 2634 quae

335 2647 516 2692 congessit
539 2648 700 2682 Froehde
723 2649 746 2683 l.
772 2648 793 2681 l.
836 2650 849 2691 Η
891 2648 918 2691 ⁴²)
944 2648 966 2682 l.
992 2648 1015 2682 l.
1040 2660 1074 2692 p.
1099 2648 1152 2682 59.
1201 2647 1348 2682 Codices
1372 2647 1462 2682 haec
1487 2646 1672 2682 exhibent:
1698 2647 1807 2686 GLV2

343 2703 492 2738 Ultimus
528 2707 560 2738 et
593 2704 729 2739 solidos
764 2715 898 2748 yanqes
929 2706 961 2738 et
989 2703 1175 2739 transeolit
1204 2703 1308 2738 india
1338 2713 1487 2747 cancer,
1510 2703 1555 2741 Vl
1597 2703 1750 2738 Ultimus
1779 2705 1811 2738 «fi

334 2771 469 2804 qanyes
495 2764 527 2795 et
550 2765 583 2796 te
606 2761 688 2795 colit
710 2761 816 2796 india
845 2770 982 2803 cancer,
1017 2761 1053 2795 M
1085 2760 1239 2796 Ultimas
1275 2762 1308 2795 et
1341 2759 1467 2796 solitus
1490 2770 1622 2804 ywnyes
1645 2771 1674 2795 c.
1697 2760 1722 2794 i.
1746 2769 1774 2795 c.
1798 2758 1811 2806 ΙΙ

338 2818 365 2861 ¹⁵)
390 2817 422 2852 d.
449 2829 475 2851 r.
500 2828 546 2850 m.
572 2828 606 2861 p.
632 2817 711 2851 216.
1798 2827 1803 2829 ·
