<?xml version="1.0" encoding="UTF-8"?>
<!DOCTYPE html PUBLIC "-//W3C//DTD XHTML 1.0 Transitional//EN"
    "http://www.w3.org/TR/xhtml1/DTD/xhtml1-transitional.dtd">
<html xmlns="http://www.w3.org/1999/xhtml" xml:lang="en" lang="en">
 <head>
  <title>
</title>
<meta http-equiv="Content-Type" content="text/html;charset=utf-8" />
  <meta name='ocr-system' content='tesseract 3.04.00' />
  <meta name='ocr-capabilities' content='ocr_page ocr_carea ocr_par ocr_line ocrx_word'/>
</head>
<body>
  <div class='ocr_page' id='page_1' title='image "./lucubrationesman00thomuoft_0150.png"; bbox 0 0 1936 3392; ppageno 0'>
   <div class='ocr_carea' id='block_1_1' title="bbox 1053 265 1104 304">
    <p class='ocr_par' dir='ltr' id='par_1_1' title="bbox 1053 265 1104 304">
     <span class='ocr_line' id='line_1_1' title="bbox 1053 265 1104 304; baseline 0 0"><span class='ocrx_word' id='word_1_1' title='bbox 1053 265 1104 304; x_wconf 88' lang='lat'><strong>76</strong></span> 
     </span>
    </p>
   </div>
   <div class='ocr_carea' id='block_1_2' title="bbox 377 407 1777 772">
    <p class='ocr_par' dir='ltr' id='par_1_2' title="bbox 377 407 1776 539">
     <span class='ocr_line' id='line_1_2' title="bbox 379 407 1776 462; baseline 0.003 -14"><span class='ocrx_word' id='word_1_2' title='bbox 379 423 482 462; x_wconf 88' lang='lat' dir='ltr'><strong>quae</strong></span> <span class='ocrx_word' id='word_1_3' title='bbox 531 411 675 449; x_wconf 85' lang='lat' dir='ltr'><strong>cuneta</strong></span> <span class='ocrx_word' id='word_1_4' title='bbox 724 407 922 461; x_wconf 76' lang='lat' dir='ltr'>gubernat</span> <span class='ocrx_word' id='word_1_5' title='bbox 973 407 1085 448; x_wconf 86' lang='lat' dir='ltr'><strong>ducit</strong></span> <span class='ocrx_word' id='word_1_6' title='bbox 1123 409 1168 448; x_wconf 79' lang='lat' dir='ltr'><strong>ab</strong></span> <span class='ocrx_word' id='word_1_7' title='bbox 1201 411 1369 451; x_wconf 69' lang='lat' dir='ltr'><strong>aeternis</strong></span> <span class='ocrx_word' id='word_1_8' title='bbox 1402 414 1555 452; x_wconf 66' lang='lat' dir='ltr'><strong>terrena-</strong></span> <span class='ocrx_word' id='word_1_9' title='bbox 1586 411 1776 452; x_wconf 76' lang='lat' dir='ltr'><strong>animalia</strong></span> 
     </span>
     <span class='ocr_line' id='line_1_3' title="bbox 377 484 601 539; baseline -0.004 -13"><span class='ocrx_word' id='word_1_10' title='bbox 377 484 544 537; x_wconf 71' lang='lat' dir='ltr'><strong>siquis.&#39;’</strong></span> <span class='ocrx_word' id='word_1_11' title='bbox 573 486 601 539; x_wconf 88' lang='lat'><strong>¹)</strong></span> 
     </span>
    </p>

    <p class='ocr_par' dir='ltr' id='par_1_3' title="bbox 377 560 1777 772">
     <span class='ocr_line' id='line_1_4' title="bbox 438 560 1777 616; baseline 0.001 -14"><span class='ocrx_word' id='word_1_12' title='bbox 438 561 553 602; x_wconf 82' lang='lat' dir='ltr'><strong>Hane</strong></span> <span class='ocrx_word' id='word_1_13' title='bbox 572 560 622 602; x_wconf 92' lang='lat' dir='ltr'><strong>ob</strong></span> <span class='ocrx_word' id='word_1_14' title='bbox 645 576 804 602; x_wconf 84' lang='lat' dir='ltr'><strong>causam</strong></span> <span class='ocrx_word' id='word_1_15' title='bbox 828 562 958 602; x_wconf 82' lang='lat' dir='ltr'><strong>sidera</strong></span> <span class='ocrx_word' id='word_1_16' title='bbox 979 561 1079 602; x_wconf 82' lang='lat' dir='ltr'><strong>dicit</strong></span> <span class='ocrx_word' id='word_1_17' title='bbox 1101 563 1260 602; x_wconf 80' lang='lat' dir='ltr'><strong>conscia</strong></span> <span class='ocrx_word' id='word_1_18' title='bbox 1283 563 1352 603; x_wconf 87' lang='lat' dir='ltr'><strong>fati</strong></span> <span class='ocrx_word' id='word_1_19' title='bbox 1370 564 1421 616; x_wconf 80' lang='lat'><strong>,²)</strong></span> <span class='ocrx_word' id='word_1_20' title='bbox 1445 567 1485 603; x_wconf 88' lang='lat' dir='ltr'><strong>et</strong></span> <span class='ocrx_word' id='word_1_21' title='bbox 1502 563 1657 604; x_wconf 85' lang='lat' dir='ltr'><strong>divinas</strong></span> <span class='ocrx_word' id='word_1_22' title='bbox 1673 567 1777 604; x_wconf 85' lang='lat' dir='ltr'><strong>artes</strong></span> 
     </span>
     <span class='ocr_line' id='line_1_5' title="bbox 377 638 1776 694; baseline 0.001 -13"><span class='ocrx_word' id='word_1_23' title='bbox 377 640 551 681; x_wconf 82' lang='lat' dir='ltr'>carmine</span> <span class='ocrx_word' id='word_1_24' title='bbox 600 654 622 679; x_wconf 81' lang='lat' dir='ltr'><strong>a</strong></span> <span class='ocrx_word' id='word_1_25' title='bbox 669 638 779 679; x_wconf 86' lang='lat' dir='ltr'><strong>eaelo</strong></span> <span class='ocrx_word' id='word_1_26' title='bbox 828 654 867 679; x_wconf 89' lang='lat' dir='ltr'><strong>se</strong></span> <span class='ocrx_word' id='word_1_27' title='bbox 907 638 1174 680; x_wconf 81' lang='lat' dir='ltr'><strong>deducturum</strong></span> <span class='ocrx_word' id='word_1_28' title='bbox 1207 640 1328 680; x_wconf 85' lang='lat' dir='ltr'><strong>canit.</strong></span> <span class='ocrx_word' id='word_1_29' title='bbox 1394 640 1513 681; x_wconf 85' lang='lat' dir='ltr'><strong>Ratio</strong></span> <span class='ocrx_word' id='word_1_30' title='bbox 1547 640 1643 682; x_wconf 87' lang='lat' dir='ltr'><strong>haee</strong></span> <span class='ocrx_word' id='word_1_31' title='bbox 1675 655 1776 694; x_wconf 88' lang='lat' dir='ltr'><strong>quae</strong></span> 
     </span>
     <span class='ocr_line' id='line_1_6' title="bbox 378 716 1775 772; baseline 0 -14"><span class='ocrx_word' id='word_1_32' title='bbox 378 718 563 758; x_wconf 83' lang='lat' dir='ltr'><strong>universo</strong></span> <span class='ocrx_word' id='word_1_33' title='bbox 596 717 674 757; x_wconf 88' lang='lat' dir='ltr'><strong>toti</strong></span> <span class='ocrx_word' id='word_1_34' title='bbox 707 717 813 757; x_wconf 86' lang='lat' dir='ltr'><strong>inest</strong></span> <span class='ocrx_word' id='word_1_35' title='bbox 844 716 1058 769; x_wconf 82' lang='lat' dir='ltr'><strong>omniaque</strong></span> <span class='ocrx_word' id='word_1_36' title='bbox 1090 717 1196 770; x_wconf 85' lang='lat' dir='ltr'><strong>regit</strong></span> <span class='ocrx_word' id='word_1_37' title='bbox 1226 721 1361 758; x_wconf 86' lang='lat' dir='ltr'><strong>tamen</strong></span> <span class='ocrx_word' id='word_1_38' title='bbox 1395 732 1476 758; x_wconf 90' lang='lat' dir='ltr'><strong>non</strong></span> <span class='ocrx_word' id='word_1_39' title='bbox 1509 722 1568 759; x_wconf 88' lang='lat' dir='ltr'><strong>est</strong></span> <span class='ocrx_word' id='word_1_40' title='bbox 1594 733 1641 758; x_wconf 83' lang='lat' dir='ltr'><strong>ea</strong></span> <span class='ocrx_word' id='word_1_41' title='bbox 1673 732 1775 772; x_wconf 88' lang='lat' dir='ltr'><strong>quae</strong></span> 
     </span>
    </p>
   </div>
   <div class='ocr_carea' id='block_1_3' title="bbox 557 793 1775 848">
    <p class='ocr_par' dir='ltr' id='par_1_4' title="bbox 557 793 1775 848">
     <span class='ocr_line' id='line_1_7' title="bbox 557 793 1775 848; baseline 0.001 -14"><span class='ocrx_word' id='word_1_42' title='bbox 557 794 580 811; x_wconf 92' lang='lat'><strong>&#39;’</strong></span> <span class='ocrx_word' id='word_1_43' title='bbox 628 794 708 834; x_wconf 89' lang='lat' dir='ltr'><strong>dici</strong></span> <span class='ocrx_word' id='word_1_44' title='bbox 757 793 905 848; x_wconf 78' lang='lat' dir='ltr'>possit,</span> <span class='ocrx_word' id='word_1_45' title='bbox 954 794 1023 834; x_wconf 89' lang='lat' dir='ltr'><strong>sed</strong></span> <span class='ocrx_word' id='word_1_46' title='bbox 1067 793 1295 848; x_wconf 80' lang='lat' dir='ltr'><strong>„aliquid&#39;&#39;‚</strong></span> <span class='ocrx_word' id='word_1_47' title='bbox 1345 809 1425 835; x_wconf 88' lang='lat' dir='ltr'><strong>non</strong></span> <span class='ocrx_word' id='word_1_48' title='bbox 1464 799 1525 835; x_wconf 88' lang='lat' dir='ltr'><strong>est</strong></span> <span class='ocrx_word' id='word_1_49' title='bbox 1566 794 1775 836; x_wconf 81' lang='lat' dir='ltr'><strong>arbitrium</strong></span> 
     </span>
    </p>
   </div>
   <div class='ocr_carea' id='block_1_4' title="bbox 371 793 1778 2243">
    <p class='ocr_par' dir='ltr' id='par_1_5' title="bbox 371 793 1778 2243">
     <span class='ocr_line' id='line_1_8' title="bbox 378 793 554 848; baseline -0.006 -13"><span class='ocrx_word' id='word_1_50' title='bbox 378 793 554 848; x_wconf 85' lang='lat' dir='ltr'><strong>„aliquis</strong></span> 
     </span>
     <span class='ocr_line' id='line_1_9' title="bbox 375 870 1775 926; baseline 0.001 -14"><span class='ocrx_word' id='word_1_51' title='bbox 375 873 457 912; x_wconf 87' lang='lat' dir='ltr'><strong>sive</strong></span> <span class='ocrx_word' id='word_1_52' title='bbox 505 871 715 921; x_wconf 80' lang='lat' dir='ltr'><strong>voluntas,</strong></span> <span class='ocrx_word' id='word_1_53' title='bbox 763 871 832 912; x_wconf 84' lang='lat' dir='ltr'><strong>sed</strong></span> <span class='ocrx_word' id='word_1_54' title='bbox 881 875 988 912; x_wconf 82' lang='lat' dir='ltr'><strong>certa</strong></span> <span class='ocrx_word' id='word_1_55' title='bbox 1029 870 1147 925; x_wconf 79' lang='lat' dir='ltr'><strong>lex.³)</strong></span> <span class='ocrx_word' id='word_1_56' title='bbox 1212 870 1325 912; x_wconf 88' lang='lat' dir='ltr'><strong>Idem</strong></span> <span class='ocrx_word' id='word_1_57' title='bbox 1360 876 1419 912; x_wconf 87' lang='lat' dir='ltr'><strong>est</strong></span> <span class='ocrx_word' id='word_1_58' title='bbox 1451 875 1573 926; x_wconf 80' lang='lat' dir='ltr'><strong>atque</strong></span> <span class='ocrx_word' id='word_1_59' title='bbox 1606 876 1775 922; x_wconf 70' lang='lat' dir='ltr'><strong>natura,</strong></span> 
     </span>
     <span class='ocr_line' id='line_1_10' title="bbox 377 948 1777 1004; baseline 0.001 -15"><span class='ocrx_word' id='word_1_60' title='bbox 377 949 482 990; x_wconf 89' lang='lat' dir='ltr'><strong>idem</strong></span> <span class='ocrx_word' id='word_1_61' title='bbox 501 949 607 1002; x_wconf 89' lang='lat' dir='ltr'><strong>quod</strong></span> <span class='ocrx_word' id='word_1_62' title='bbox 625 949 766 990; x_wconf 86' lang='lat' dir='ltr'><strong>fatum.</strong></span> <span class='ocrx_word' id='word_1_63' title='bbox 794 948 996 989; x_wconf 82' lang='lat' dir='ltr'><strong>Voluntas</strong></span> <span class='ocrx_word' id='word_1_64' title='bbox 1013 953 1054 988; x_wconf 89' lang='lat' dir='ltr'><strong>et</strong></span> <span class='ocrx_word' id='word_1_65' title='bbox 1070 949 1283 990; x_wconf 85' lang='lat' dir='ltr'><strong>eonsilium</strong></span> <span class='ocrx_word' id='word_1_66' title='bbox 1305 950 1341 989; x_wconf 88' lang='lat' dir='ltr'><strong>ei</strong></span> <span class='ocrx_word' id='word_1_67' title='bbox 1357 950 1515 1004; x_wconf 82' lang='lat' dir='ltr'><strong>poetice</strong></span> <span class='ocrx_word' id='word_1_68' title='bbox 1533 953 1692 991; x_wconf 87' lang='lat' dir='ltr'><strong>tantum</strong></span> <span class='ocrx_word' id='word_1_69' title='bbox 1709 951 1777 991; x_wconf 89' lang='lat' dir='ltr'><strong>tri-</strong></span> 
     </span>
     <span class='ocr_line' id='line_1_11' title="bbox 376 1024 1777 1080; baseline 0.001 -14"><span class='ocrx_word' id='word_1_70' title='bbox 376 1024 574 1075; x_wconf 86' lang='lat' dir='ltr'><strong>buuntur,</strong></span> <span class='ocrx_word' id='word_1_71' title='bbox 588 1029 634 1065; x_wconf 91' lang='lat' dir='ltr'><strong>ut</strong></span> <span class='ocrx_word' id='word_1_72' title='bbox 652 1040 741 1065; x_wconf 84' lang='lat' dir='ltr'><strong>cum</strong></span> <span class='ocrx_word' id='word_1_73' title='bbox 760 1029 879 1079; x_wconf 90' lang='lat' dir='ltr'><strong>poeta</strong></span> <span class='ocrx_word' id='word_1_74' title='bbox 896 1028 1081 1065; x_wconf 86' lang='lat' dir='ltr'><strong>naturam</strong></span> <span class='ocrx_word' id='word_1_75' title='bbox 1095 1025 1196 1065; x_wconf 84' lang='lat' dir='ltr'><strong>dicit</strong></span> <span class='ocrx_word' id='word_1_76' title='bbox 1207 1025 1291 1065; x_wconf 87' lang='lat' dir='ltr'><strong>vias</strong></span> <span class='ocrx_word' id='word_1_77' title='bbox 1304 1040 1472 1076; x_wconf 88' lang='lat' dir='ltr'><strong>servare,</strong></span> <span class='ocrx_word' id='word_1_78' title='bbox 1482 1026 1512 1080; x_wconf 76' lang='lat'><strong>⁴)</strong></span> <span class='ocrx_word' id='word_1_79' title='bbox 1529 1040 1627 1080; x_wconf 80' lang='lat' dir='ltr'><strong>quas</strong></span> <span class='ocrx_word' id='word_1_80' title='bbox 1639 1027 1777 1068; x_wconf 86' lang='lat' dir='ltr'><strong>feeerit</strong></span> 
     </span>
     <span class='ocr_line' id='line_1_12' title="bbox 375 1101 1776 1158; baseline 0.001 -15"><span class='ocrx_word' id='word_1_81' title='bbox 375 1104 483 1157; x_wconf 85' lang='lat' dir='ltr'><strong>ipsa,</strong></span> <span class='ocrx_word' id='word_1_82' title='bbox 534 1117 627 1143; x_wconf 87' lang='lat' dir='ltr'><strong>eum</strong></span> <span class='ocrx_word' id='word_1_83' title='bbox 674 1117 759 1143; x_wconf 88' lang='lat' dir='ltr'><strong>eam</strong></span> <span class='ocrx_word' id='word_1_84' title='bbox 807 1106 922 1142; x_wconf 88' lang='lat' dir='ltr'><strong>vocat</strong></span> <span class='ocrx_word' id='word_1_85' title='bbox 970 1101 1079 1142; x_wconf 88' lang='lat' dir='ltr'><strong>illam</strong></span> <span class='ocrx_word' id='word_1_86' title='bbox 1114 1106 1319 1157; x_wconf 86' lang='lat' dir='ltr'><strong>parentem</strong></span> <span class='ocrx_word' id='word_1_87' title='bbox 1353 1103 1493 1144; x_wconf 88' lang='lat' dir='ltr'><strong>mundi</strong></span> <span class='ocrx_word' id='word_1_88' title='bbox 1526 1104 1776 1158; x_wconf 76' lang='lat' dir='ltr'><strong>naturam,⁵)</strong></span> 
     </span>
     <span class='ocr_line' id='line_1_13' title="bbox 375 1179 1776 1234; baseline 0.001 -14"><span class='ocrx_word' id='word_1_89' title='bbox 375 1181 440 1221; x_wconf 91' lang='lat' dir='ltr'><strong>vel</strong></span> <span class='ocrx_word' id='word_1_90' title='bbox 489 1181 546 1221; x_wconf 84' lang='lat' dir='ltr'><strong>ait</strong></span> <span class='ocrx_word' id='word_1_91' title='bbox 579 1195 666 1220; x_wconf 91' lang='lat' dir='ltr'><strong>eam</strong></span> <span class='ocrx_word' id='word_1_92' title='bbox 698 1194 790 1220; x_wconf 87' lang='lat' dir='ltr'><strong>suas</strong></span> <span class='ocrx_word' id='word_1_93' title='bbox 823 1180 972 1234; x_wconf 84' lang='lat' dir='ltr'><strong>cuique</strong></span> <span class='ocrx_word' id='word_1_94' title='bbox 1004 1180 1110 1221; x_wconf 83' lang='lat' dir='ltr'><strong>vices</strong></span> <span class='ocrx_word' id='word_1_95' title='bbox 1141 1179 1355 1231; x_wconf 70' lang='lat' dir='ltr'><strong>tribuisse,</strong></span> <span class='ocrx_word' id='word_1_96' title='bbox 1400 1195 1491 1221; x_wconf 86' lang='lat' dir='ltr'><strong>cum</strong></span> <span class='ocrx_word' id='word_1_97' title='bbox 1524 1181 1653 1222; x_wconf 89' lang='lat' dir='ltr'><strong>sidera</strong></span> <span class='ocrx_word' id='word_1_98' title='bbox 1684 1182 1776 1222; x_wconf 90' lang='lat' dir='ltr'><strong>fixe-</strong></span> 
     </span>
     <span class='ocr_line' id='line_1_14' title="bbox 375 1257 1777 1313; baseline 0.001 -15"><span class='ocrx_word' id='word_1_99' title='bbox 375 1258 490 1312; x_wconf 77' lang='lat' dir='ltr'><strong>rit30)</strong></span> <span class='ocrx_word' id='word_1_100' title='bbox 540 1273 584 1298; x_wconf 84' lang='lat' dir='ltr'><strong>ea</strong></span> <span class='ocrx_word' id='word_1_101' title='bbox 633 1272 767 1298; x_wconf 85' lang='lat' dir='ltr'><strong>revera</strong></span> <span class='ocrx_word' id='word_1_102' title='bbox 816 1258 852 1298; x_wconf 90' lang='lat' dir='ltr'><strong>ei</strong></span> <span class='ocrx_word' id='word_1_103' title='bbox 899 1272 981 1298; x_wconf 92' lang='lat' dir='ltr'><strong>non</strong></span> <span class='ocrx_word' id='word_1_104' title='bbox 1027 1257 1153 1298; x_wconf 89' lang='lat' dir='ltr'><strong>tribui</strong></span> <span class='ocrx_word' id='word_1_105' title='bbox 1203 1272 1317 1312; x_wconf 90' lang='lat' dir='ltr'><strong>posse</strong></span> <span class='ocrx_word' id='word_1_106' title='bbox 1366 1259 1449 1313; x_wconf 89' lang='lat' dir='ltr'><strong>ipse</strong></span> <span class='ocrx_word' id='word_1_107' title='bbox 1482 1263 1599 1313; x_wconf 80' lang='lat' dir='ltr'><strong>poeta</strong></span> <span class='ocrx_word' id='word_1_108' title='bbox 1631 1259 1777 1300; x_wconf 79' lang='lat' dir='ltr'><strong>diserte</strong></span> 
     </span>
     <span class='ocr_line' id='line_1_15' title="bbox 375 1335 1777 1391; baseline 0.001 -15"><span class='ocrx_word' id='word_1_109' title='bbox 375 1336 575 1391; x_wconf 83' lang='lat' dir='ltr'><strong>exprimit.</strong></span> <span class='ocrx_word' id='word_1_110' title='bbox 588 1335 616 1390; x_wconf 68' lang='grc'><strong>7)</strong></span> <span class='ocrx_word' id='word_1_111' title='bbox 696 1335 760 1376; x_wconf 86' lang='lat' dir='ltr'><strong>Ad</strong></span> <span class='ocrx_word' id='word_1_112' title='bbox 813 1335 974 1376; x_wconf 86' lang='lat' dir='ltr'>Manilii</span> <span class='ocrx_word' id='word_1_113' title='bbox 1033 1340 1209 1376; x_wconf 85' lang='lat' dir='ltr'><strong>mentem</strong></span> <span class='ocrx_word' id='word_1_114' title='bbox 1258 1335 1391 1376; x_wconf 86' lang='lat' dir='ltr'><strong>omnia</strong></span> <span class='ocrx_word' id='word_1_115' title='bbox 1439 1351 1540 1390; x_wconf 87' lang='lat' dir='ltr'><strong>quae</strong></span> <span class='ocrx_word' id='word_1_116' title='bbox 1588 1337 1690 1377; x_wconf 87' lang='lat' dir='ltr'><strong>fiunt</strong></span> <span class='ocrx_word' id='word_1_117' title='bbox 1738 1340 1777 1377; x_wconf 91' lang='lat' dir='ltr'><strong>et</strong></span> 
     </span>
     <span class='ocr_line' id='line_1_16' title="bbox 375 1412 1778 1456; baseline 0.002 -4"><span class='ocrx_word' id='word_1_118' title='bbox 375 1413 546 1453; x_wconf 81' lang='lat' dir='ltr'><strong>maxima</strong></span> <span class='ocrx_word' id='word_1_119' title='bbox 590 1417 630 1453; x_wconf 89' lang='lat' dir='ltr'><strong>et</strong></span> <span class='ocrx_word' id='word_1_120' title='bbox 663 1414 832 1454; x_wconf 87' lang='lat' dir='ltr'><strong>minima</strong></span> <span class='ocrx_word' id='word_1_121' title='bbox 866 1419 906 1454; x_wconf 86' lang='lat' dir='ltr'><strong>et</strong></span> <span class='ocrx_word' id='word_1_122' title='bbox 940 1412 1042 1454; x_wconf 86' lang='lat' dir='ltr'><strong>bona</strong></span> <span class='ocrx_word' id='word_1_123' title='bbox 1074 1418 1114 1454; x_wconf 87' lang='lat' dir='ltr'><strong>et</strong></span> <span class='ocrx_word' id='word_1_124' title='bbox 1147 1413 1251 1454; x_wconf 88' lang='lat' dir='ltr'><strong>mala</strong></span> <span class='ocrx_word' id='word_1_125' title='bbox 1283 1413 1494 1455; x_wconf 85' lang='lat' dir='ltr'><strong>insolubili</strong></span> <span class='ocrx_word' id='word_1_126' title='bbox 1527 1413 1688 1455; x_wconf 84' lang='lat' dir='ltr'><strong>vinculo</strong></span> <span class='ocrx_word' id='word_1_127' title='bbox 1721 1415 1778 1456; x_wconf 80' lang='lat' dir='ltr'><strong>ita</strong></span> 
     </span>
     <span class='ocr_line' id='line_1_17' title="bbox 373 1490 1776 1546; baseline 0.001 -16"><span class='ocrx_word' id='word_1_128' title='bbox 373 1495 469 1530; x_wconf 84' lang='lat' dir='ltr'><strong>sunt</strong></span> <span class='ocrx_word' id='word_1_129' title='bbox 513 1490 753 1540; x_wconf 84' lang='lat' dir='ltr'><strong>coniuncta,</strong></span> <span class='ocrx_word' id='word_1_130' title='bbox 805 1503 849 1531; x_wconf 76' lang='lat' dir='ltr'><strong>ut</strong></span> <span class='ocrx_word' id='word_1_131' title='bbox 897 1490 1010 1531; x_wconf 88' lang='lat' dir='ltr'><strong>nullo</strong></span> <span class='ocrx_word' id='word_1_132' title='bbox 1055 1490 1173 1532; x_wconf 88' lang='lat' dir='ltr'><strong>modo</strong></span> <span class='ocrx_word' id='word_1_133' title='bbox 1220 1505 1302 1532; x_wconf 92' lang='lat' dir='ltr'><strong>non</strong></span> <span class='ocrx_word' id='word_1_134' title='bbox 1335 1491 1419 1532; x_wconf 88' lang='lat' dir='ltr'><strong>fieri</strong></span> <span class='ocrx_word' id='word_1_135' title='bbox 1452 1491 1609 1546; x_wconf 84' lang='lat' dir='ltr'><strong>possint</strong></span> <span class='ocrx_word' id='word_1_136' title='bbox 1644 1505 1776 1545; x_wconf 87' lang='lat' dir='ltr'><strong>neque</strong></span> 
     </span>
     <span class='ocr_line' id='line_1_18' title="bbox 373 1567 1777 1622; baseline 0.001 -14"><span class='ocrx_word' id='word_1_137' title='bbox 373 1567 491 1608; x_wconf 84' lang='lat' dir='ltr'><strong>aliter</strong></span> <span class='ocrx_word' id='word_1_138' title='bbox 522 1567 621 1608; x_wconf 91' lang='lat' dir='ltr'><strong>fieri.</strong></span> <span class='ocrx_word' id='word_1_139' title='bbox 666 1567 771 1608; x_wconf 87' lang='lat' dir='ltr'><strong>Sunt</strong></span> <span class='ocrx_word' id='word_1_140' title='bbox 803 1568 917 1622; x_wconf 85' lang='lat' dir='ltr'>quasi</span> <span class='ocrx_word' id='word_1_141' title='bbox 952 1569 1055 1609; x_wconf 84' lang='lat' dir='ltr'><strong>duae</strong></span> <span class='ocrx_word' id='word_1_142' title='bbox 1078 1573 1259 1618; x_wconf 79' lang='lat' dir='ltr'><strong>catenae,</strong></span> <span class='ocrx_word' id='word_1_143' title='bbox 1285 1568 1409 1609; x_wconf 81' lang='lat' dir='ltr'><strong>altera</strong></span> <span class='ocrx_word' id='word_1_144' title='bbox 1430 1570 1473 1609; x_wconf 90' lang='lat' dir='ltr'><strong>in</strong></span> <span class='ocrx_word' id='word_1_145' title='bbox 1495 1569 1627 1619; x_wconf 82' lang='lat' dir='ltr'><strong>caelo,</strong></span> <span class='ocrx_word' id='word_1_146' title='bbox 1652 1569 1777 1610; x_wconf 86' lang='lat' dir='ltr'><strong>altera</strong></span> 
     </span>
     <span class='ocr_line' id='line_1_19' title="bbox 372 1645 1776 1698; baseline 0.001 -13"><span class='ocrx_word' id='word_1_147' title='bbox 372 1645 414 1685; x_wconf 92' lang='lat' dir='ltr'><strong>in</strong></span> <span class='ocrx_word' id='word_1_148' title='bbox 447 1649 574 1695; x_wconf 83' lang='lat' dir='ltr'><strong>terra,</strong></span> <span class='ocrx_word' id='word_1_149' title='bbox 610 1659 778 1698; x_wconf 86' lang='lat' dir='ltr'><strong>quarum</strong></span> <span class='ocrx_word' id='word_1_150' title='bbox 809 1645 943 1695; x_wconf 82' lang='lat' dir='ltr'><strong>anuli,</strong></span> <span class='ocrx_word' id='word_1_151' title='bbox 967 1649 1074 1686; x_wconf 85' lang='lat' dir='ltr'><strong>certo</strong></span> <span class='ocrx_word' id='word_1_152' title='bbox 1097 1646 1215 1686; x_wconf 87' lang='lat' dir='ltr'><strong>modo</strong></span> <span class='ocrx_word' id='word_1_153' title='bbox 1238 1647 1431 1696; x_wconf 85' lang='lat' dir='ltr'><strong>connexi,</strong></span> <span class='ocrx_word' id='word_1_154' title='bbox 1455 1646 1560 1686; x_wconf 84' lang='lat' dir='ltr'><strong>facta</strong></span> <span class='ocrx_word' id='word_1_155' title='bbox 1581 1650 1675 1686; x_wconf 79' lang='lat' dir='ltr'><strong>sunt</strong></span> <span class='ocrx_word' id='word_1_156' title='bbox 1698 1647 1776 1687; x_wconf 85' lang='lat' dir='ltr'><strong>sin-</strong></span> 
     </span>
     <span class='ocr_line' id='line_1_20' title="bbox 373 1721 1776 1777; baseline 0.001 -14"><span class='ocrx_word' id='word_1_157' title='bbox 373 1722 491 1777; x_wconf 83' lang='lat' dir='ltr'><strong>gula3</strong></span> <span class='ocrx_word' id='word_1_158' title='bbox 526 1722 599 1763; x_wconf 86' lang='lat' dir='ltr'><strong>hae</strong></span> <span class='ocrx_word' id='word_1_159' title='bbox 632 1726 794 1763; x_wconf 78' lang='lat' dir='ltr'><strong>catenae</strong></span> <span class='ocrx_word' id='word_1_160' title='bbox 828 1722 949 1763; x_wconf 89' lang='lat' dir='ltr'><strong>simul</strong></span> <span class='ocrx_word' id='word_1_161' title='bbox 983 1721 1213 1772; x_wconf 88' lang='lat' dir='ltr'><strong>volvuntur,</strong></span> <span class='ocrx_word' id='word_1_162' title='bbox 1249 1737 1329 1776; x_wconf 88' lang='lat' dir='ltr'><strong>quo</strong></span> <span class='ocrx_word' id='word_1_163' title='bbox 1357 1724 1402 1764; x_wconf 89' lang='lat' dir='ltr'><strong>fit</strong></span> <span class='ocrx_word' id='word_1_164' title='bbox 1424 1727 1471 1763; x_wconf 87' lang='lat' dir='ltr'><strong>ut</strong></span> <span class='ocrx_word' id='word_1_165' title='bbox 1494 1723 1658 1764; x_wconf 87' lang='lat' dir='ltr'><strong>alterius</strong></span> <span class='ocrx_word' id='word_1_166' title='bbox 1681 1737 1776 1764; x_wconf 81' lang='lat' dir='ltr'><strong>anu-</strong></span> 
     </span>
     <span class='ocr_line' id='line_1_21' title="bbox 371 1800 1776 1855; baseline -0.001 -13"><span class='ocrx_word' id='word_1_167' title='bbox 371 1801 435 1842; x_wconf 88' lang='lat' dir='ltr'><strong>lus</strong></span> <span class='ocrx_word' id='word_1_168' title='bbox 457 1800 623 1841; x_wconf 73' lang='lat' dir='ltr'><strong>alterius</strong></span> <span class='ocrx_word' id='word_1_169' title='bbox 655 1800 821 1841; x_wconf 87' lang='lat' dir='ltr'><strong>anulum</strong></span> <span class='ocrx_word' id='word_1_170' title='bbox 846 1801 1062 1841; x_wconf 87' lang='lat' dir='ltr'><strong>comitetur</strong></span> <span class='ocrx_word' id='word_1_171' title='bbox 1085 1801 1202 1854; x_wconf 89' lang='lat' dir='ltr'><strong>eique</strong></span> <span class='ocrx_word' id='word_1_172' title='bbox 1225 1801 1486 1855; x_wconf 82' lang='lat' dir='ltr'><strong>respondeat,</strong></span> <span class='ocrx_word' id='word_1_173' title='bbox 1522 1801 1671 1842; x_wconf 86' lang='lat' dir='ltr'><strong>factum</strong></span> <span class='ocrx_word' id='word_1_174' title='bbox 1693 1815 1776 1842; x_wconf 83' lang='lat' dir='ltr'><strong>cae-</strong></span> 
     </span>
     <span class='ocr_line' id='line_1_22' title="bbox 372 1877 1772 1932; baseline 0.001 -14"><span class='ocrx_word' id='word_1_175' title='bbox 372 1878 472 1918; x_wconf 88' lang='lat' dir='ltr'><strong>leste</strong></span> <span class='ocrx_word' id='word_1_176' title='bbox 505 1878 608 1918; x_wconf 79' lang='lat' dir='ltr'><strong>facto</strong></span> <span class='ocrx_word' id='word_1_177' title='bbox 641 1878 833 1918; x_wconf 73' lang='lat' dir='ltr'><strong>terrestri.</strong></span> <span class='ocrx_word' id='word_1_178' title='bbox 880 1877 945 1918; x_wconf 82' lang='lat' dir='ltr'><strong>Sic</strong></span> <span class='ocrx_word' id='word_1_179' title='bbox 978 1878 1062 1932; x_wconf 89' lang='lat' dir='ltr'><strong>ipse</strong></span> <span class='ocrx_word' id='word_1_180' title='bbox 1095 1881 1258 1932; x_wconf 85' lang='lat' dir='ltr'><strong>poetae:</strong></span> <span class='ocrx_word' id='word_1_181' title='bbox 1298 1878 1424 1928; x_wconf 60' lang='lat' dir='ltr'><strong>„Fata</strong></span> <span class='ocrx_word' id='word_1_182' title='bbox 1445 1882 1590 1932; x_wconf 87' lang='lat' dir='ltr'><strong>regunt</strong></span> <span class='ocrx_word' id='word_1_183' title='bbox 1613 1877 1744 1919; x_wconf 88' lang='lat' dir='ltr'><strong>orbem</strong></span> <span class='ocrx_word' id='word_1_184' title='bbox 1762 1909 1772 1928; x_wconf 90' lang='lat'><strong>,</strong></span> 
     </span>
     <span class='ocr_line' id='line_1_23' title="bbox 373 1954 1777 2009; baseline -0.001 -13"><span class='ocrx_word' id='word_1_185' title='bbox 373 1958 481 1997; x_wconf 85' lang='lat' dir='ltr'><strong>certa</strong></span> <span class='ocrx_word' id='word_1_186' title='bbox 527 1958 636 1996; x_wconf 84' lang='lat' dir='ltr'><strong>stant</strong></span> <span class='ocrx_word' id='word_1_187' title='bbox 685 1957 817 1995; x_wconf 88' lang='lat' dir='ltr'><strong>omnia</strong></span> <span class='ocrx_word' id='word_1_188' title='bbox 865 1954 972 2008; x_wconf 87' lang='lat' dir='ltr'><strong>lege,</strong></span> <span class='ocrx_word' id='word_1_189' title='bbox 1023 1955 1224 2008; x_wconf 86' lang='lat' dir='ltr'><strong>longaque</strong></span> <span class='ocrx_word' id='word_1_190' title='bbox 1274 1970 1342 2009; x_wconf 88' lang='lat' dir='ltr'><strong>per</strong></span> <span class='ocrx_word' id='word_1_191' title='bbox 1391 1960 1518 1995; x_wconf 84' lang='lat' dir='ltr'><strong>certos</strong></span> <span class='ocrx_word' id='word_1_192' title='bbox 1566 1956 1777 2009; x_wconf 82' lang='lat' dir='ltr'><strong>signantur</strong></span> 
     </span>
     <span class='ocr_line' id='line_1_24' title="bbox 372 2031 1774 2088; baseline -0.001 -14"><span class='ocrx_word' id='word_1_193' title='bbox 372 2037 550 2088; x_wconf 87' lang='lat' dir='ltr'><strong>tempora</strong></span> <span class='ocrx_word' id='word_1_194' title='bbox 598 2047 725 2074; x_wconf 86' lang='lat' dir='ltr'><strong>casus.</strong></span> <span class='ocrx_word' id='word_1_195' title='bbox 790 2032 1011 2072; x_wconf 85' lang='lat' dir='ltr'><strong>Nascentes</strong></span> <span class='ocrx_word' id='word_1_196' title='bbox 1059 2033 1263 2082; x_wconf 86' lang='lat' dir='ltr'><strong>morimur,</strong></span> <span class='ocrx_word' id='word_1_197' title='bbox 1315 2032 1485 2085; x_wconf 86' lang='lat' dir='ltr'><strong>finisque</strong></span> <span class='ocrx_word' id='word_1_198' title='bbox 1530 2031 1578 2073; x_wconf 86' lang='lat' dir='ltr'><strong>ab</strong></span> <span class='ocrx_word' id='word_1_199' title='bbox 1621 2033 1774 2087; x_wconf 86' lang='lat' dir='ltr'><strong>origine</strong></span> 
     </span>
     <span class='ocr_line' id='line_1_25' title="bbox 373 2110 1776 2166; baseline -0.001 -15"><span class='ocrx_word' id='word_1_200' title='bbox 373 2110 533 2166; x_wconf 89' lang='lat' dir='ltr'><strong>pendet.</strong></span> <span class='ocrx_word' id='word_1_201' title='bbox 598 2110 706 2151; x_wconf 83' lang='lat' dir='ltr'><strong>Hine</strong></span> <span class='ocrx_word' id='word_1_202' title='bbox 752 2115 791 2151; x_wconf 91' lang='lat' dir='ltr'><strong>et</strong></span> <span class='ocrx_word' id='word_1_203' title='bbox 840 2125 933 2165; x_wconf 90' lang='lat' dir='ltr'><strong>opes</strong></span> <span class='ocrx_word' id='word_1_204' title='bbox 981 2115 1022 2150; x_wconf 88' lang='lat' dir='ltr'><strong>et</strong></span> <span class='ocrx_word' id='word_1_205' title='bbox 1068 2124 1191 2163; x_wconf 85' lang='lat' dir='ltr'><strong>regna</strong></span> <span class='ocrx_word' id='word_1_206' title='bbox 1238 2110 1371 2150; x_wconf 86' lang='lat' dir='ltr'><strong>fluunt</strong></span> <span class='ocrx_word' id='word_1_207' title='bbox 1417 2114 1456 2150; x_wconf 85' lang='lat' dir='ltr'><strong>et</strong></span> <span class='ocrx_word' id='word_1_208' title='bbox 1499 2111 1658 2165; x_wconf 87' lang='lat' dir='ltr'><strong>saepius</strong></span> <span class='ocrx_word' id='word_1_209' title='bbox 1689 2114 1776 2151; x_wconf 88' lang='lat' dir='ltr'><strong>orta</strong></span> 
     </span>
     <span class='ocr_line' id='line_1_26' title="bbox 374 2187 1775 2243; baseline -0.001 -14"><span class='ocrx_word' id='word_1_210' title='bbox 374 2192 613 2243; x_wconf 85' lang='lat' dir='ltr'><strong>paupertas,</strong></span> <span class='ocrx_word' id='word_1_211' title='bbox 664 2193 848 2242; x_wconf 81' lang='lat' dir='ltr'><strong>artesque</strong></span> <span class='ocrx_word' id='word_1_212' title='bbox 894 2188 1032 2237; x_wconf 87' lang='lat' dir='ltr'><strong>datae,</strong></span> <span class='ocrx_word' id='word_1_213' title='bbox 1083 2201 1290 2239; x_wconf 84' lang='lat' dir='ltr'><strong>moresque</strong></span> <span class='ocrx_word' id='word_1_214' title='bbox 1335 2187 1476 2227; x_wconf 86' lang='lat' dir='ltr'><strong>creatis</strong></span> <span class='ocrx_word' id='word_1_215' title='bbox 1510 2192 1549 2228; x_wconf 88' lang='lat' dir='ltr'><strong>et</strong></span> <span class='ocrx_word' id='word_1_216' title='bbox 1582 2188 1700 2236; x_wconf 89' lang='lat' dir='ltr'><strong>vitia,</strong></span> <span class='ocrx_word' id='word_1_217' title='bbox 1735 2191 1775 2227; x_wconf 92' lang='lat' dir='ltr'><strong>et</strong></span> 
     </span>
    </p>
   </div>
   <div class='ocr_carea' id='block_1_5' title="bbox 374 2263 1775 2320">
    <p class='ocr_par' dir='ltr' id='par_1_6' title="bbox 374 2263 1775 2320">
     <span class='ocr_line' id='line_1_27' title="bbox 374 2263 1775 2320; baseline -0.001 -14"><span class='ocrx_word' id='word_1_218' title='bbox 374 2266 530 2316; x_wconf 86' lang='lat' dir='ltr'><strong>clades,</strong></span> <span class='ocrx_word' id='word_1_219' title='bbox 576 2266 720 2306; x_wconf 86' lang='lat' dir='ltr'><strong>damna</strong></span> <span class='ocrx_word' id='word_1_220' title='bbox 763 2269 803 2306; x_wconf 87' lang='lat' dir='ltr'><strong>et</strong></span> <span class='ocrx_word' id='word_1_221' title='bbox 836 2265 1071 2320; x_wconf 83' lang='lat' dir='ltr'><strong>compendia</strong></span> <span class='ocrx_word' id='word_1_222' title='bbox 1103 2263 1321 2318; x_wconf 68' lang='lat' dir='ltr'><strong>rerum.&#39;’&#39;‘⁴)</strong></span> <span class='ocrx_word' id='word_1_223' title='bbox 1385 2264 1514 2314; x_wconf 83' lang='lat' dir='ltr'><strong>„Fata</strong></span> <span class='ocrx_word' id='word_1_224' title='bbox 1547 2279 1703 2319; x_wconf 90' lang='lat' dir='ltr'><strong>quoque</strong></span> <span class='ocrx_word' id='word_1_225' title='bbox 1736 2269 1775 2304; x_wconf 90' lang='lat' dir='ltr'><strong>et</strong></span> 
     </span>
    </p>
   </div>
   <div class='ocr_carea' id='block_1_6' title="bbox 374 2404 1773 2924">
    <p class='ocr_par' dir='ltr' id='par_1_7' title="bbox 374 2404 1773 2506">
     <span class='ocr_line' id='line_1_28' title="bbox 419 2404 1773 2444; baseline -0.004 -7"><span class='ocrx_word' id='word_1_226' title='bbox 419 2405 442 2444; x_wconf 86' lang='lat'><strong>¹)</strong></span> <span class='ocrx_word' id='word_1_227' title='bbox 490 2409 540 2442; x_wconf 81' lang='lat' dir='ltr'><strong>H,</strong></span> <span class='ocrx_word' id='word_1_228' title='bbox 577 2409 638 2441; x_wconf 80' lang='grc'><strong>83;</strong></span> <span class='ocrx_word' id='word_1_229' title='bbox 677 2409 710 2441; x_wconf 69' lang='lat' dir='ltr'><strong>l,</strong></span> <span class='ocrx_word' id='word_1_230' title='bbox 739 2409 793 2441; x_wconf 74' lang='lat'><strong>183</strong></span> <span class='ocrx_word' id='word_1_231' title='bbox 821 2408 866 2440; x_wconf 85' lang='lat' dir='ltr'><strong>II,</strong></span> <span class='ocrx_word' id='word_1_232' title='bbox 894 2408 971 2440; x_wconf 71' lang='lat'>768.</span> <span class='ocrx_word' id='word_1_233' title='bbox 998 2408 1048 2436; x_wconf 85' lang='lat' dir='ltr'><strong>ubi</strong></span> <span class='ocrx_word' id='word_1_234' title='bbox 1076 2417 1194 2444; x_wconf 74' lang='lat' dir='ltr'><strong>quaque</strong></span> <span class='ocrx_word' id='word_1_235' title='bbox 1210 2422 1240 2427; x_wconf 85' lang='lat'><strong>--</strong></span> <span class='ocrx_word' id='word_1_236' title='bbox 1258 2407 1295 2434; x_wconf 74' lang='lat' dir='ltr'><strong>ab</strong></span> <span class='ocrx_word' id='word_1_237' title='bbox 1321 2416 1392 2434; x_wconf 73' lang='lat' dir='ltr'><strong>aree</strong></span> <span class='ocrx_word' id='word_1_238' title='bbox 1416 2413 1481 2434; x_wconf 76' lang='lat' dir='ltr'><strong>cum</strong></span> <span class='ocrx_word' id='word_1_239' title='bbox 1508 2404 1587 2433; x_wconf 76' lang='lat' dir='ltr'><strong>Soal.</strong></span> <span class='ocrx_word' id='word_1_240' title='bbox 1613 2404 1645 2432; x_wconf 71' lang='lat' dir='ltr'><strong>et</strong></span> <span class='ocrx_word' id='word_1_241' title='bbox 1670 2404 1773 2433; x_wconf 80' lang='lat' dir='ltr'><strong>Bentl.</strong></span> 
     </span>
     <span class='ocr_line' id='line_1_29' title="bbox 374 2469 651 2506; baseline -0.004 -8"><span class='ocrx_word' id='word_1_242' title='bbox 374 2469 539 2506; x_wconf 78' lang='lat' dir='ltr'><strong>legendum</strong></span> <span class='ocrx_word' id='word_1_243' title='bbox 564 2470 651 2506; x_wconf 87' lang='lat' dir='ltr'><strong>puto.</strong></span> 
     </span>
    </p>

    <p class='ocr_par' dir='ltr' id='par_1_8' title="bbox 417 2526 578 2563">
     <span class='ocr_line' id='line_1_30' title="bbox 417 2526 578 2563; baseline 0.006 -6"><span class='ocrx_word' id='word_1_244' title='bbox 417 2526 441 2562; x_wconf 61' lang='grc' dir='ltr'><strong>’ἢ</strong></span> <span class='ocrx_word' id='word_1_245' title='bbox 488 2529 502 2557; x_wconf 93' lang='grc' dir='ltr'>Ι</span> <span class='ocrx_word' id='word_1_246' title='bbox 517 2551 523 2563; x_wconf 82' lang='lat'>‚</span> <span class='ocrx_word' id='word_1_247' title='bbox 552 2530 578 2558; x_wconf 91' lang='lat'><strong>1.</strong></span> 
     </span>
    </p>

    <p class='ocr_par' dir='ltr' id='par_1_9' title="bbox 417 2586 630 2623">
     <span class='ocr_line' id='line_1_31' title="bbox 417 2586 630 2623; baseline -0.005 -5"><span class='ocrx_word' id='word_1_248' title='bbox 417 2586 443 2622; x_wconf 73' lang='lat'><strong>⁸)</strong></span> <span class='ocrx_word' id='word_1_249' title='bbox 490 2589 552 2623; x_wconf 85' lang='lat' dir='ltr'><strong>lv,</strong></span> <span class='ocrx_word' id='word_1_250' title='bbox 580 2588 630 2617; x_wconf 85' lang='lat'><strong>14.</strong></span> 
     </span>
    </p>

    <p class='ocr_par' dir='ltr' id='par_1_10' title="bbox 418 2646 624 2685">
     <span class='ocr_line' id='line_1_32' title="bbox 418 2646 624 2685; baseline -0.005 -7"><span class='ocrx_word' id='word_1_251' title='bbox 418 2646 443 2685; x_wconf 85' lang='lat'><strong>⁴]</strong></span> <span class='ocrx_word' id='word_1_252' title='bbox 490 2648 526 2683; x_wconf 76' lang='lat'><strong>1,</strong></span> <span class='ocrx_word' id='word_1_253' title='bbox 553 2647 624 2677; x_wconf 89' lang='lat'>188.</span> 
     </span>
    </p>

    <p class='ocr_par' dir='ltr' id='par_1_11' title="bbox 418 2706 641 2743">
     <span class='ocr_line' id='line_1_33' title="bbox 418 2706 641 2743; baseline -0.004 -6"><span class='ocrx_word' id='word_1_254' title='bbox 418 2706 442 2743; x_wconf 71' lang='grc'><strong>5)</strong></span> <span class='ocrx_word' id='word_1_255' title='bbox 490 2708 519 2737; x_wconf 95' lang='lat' dir='ltr'><strong>II</strong></span> <span class='ocrx_word' id='word_1_256' title='bbox 534 2730 541 2742; x_wconf 80' lang='grc'><em>,</em></span> <span class='ocrx_word' id='word_1_257' title='bbox 566 2707 641 2736; x_wconf 77' lang='grc'><strong>209.</strong></span> 
     </span>
    </p>

    <p class='ocr_par' dir='ltr' id='par_1_12' title="bbox 418 2767 642 2804">
     <span class='ocr_line' id='line_1_34' title="bbox 418 2767 642 2804; baseline -0.004 -7"><span class='ocrx_word' id='word_1_258' title='bbox 418 2767 443 2804; x_wconf 75' lang='lat'><strong>⁶)</strong></span> <span class='ocrx_word' id='word_1_259' title='bbox 491 2768 543 2803; x_wconf 88' lang='lat'><strong>11,</strong></span> <span class='ocrx_word' id='word_1_260' title='bbox 568 2767 642 2796; x_wconf 83' lang='lat'><strong>515.</strong></span> 
     </span>
    </p>

    <p class='ocr_par' dir='ltr' id='par_1_13' title="bbox 418 2826 759 2864">
     <span class='ocr_line' id='line_1_35' title="bbox 418 2826 759 2864; baseline -0.003 -8"><span class='ocrx_word' id='word_1_261' title='bbox 418 2826 443 2864; x_wconf 82' lang='lat'><strong>⁷)</strong></span> <span class='ocrx_word' id='word_1_262' title='bbox 489 2827 551 2861; x_wconf 81' lang='lat' dir='ltr'><strong>IV,</strong></span> <span class='ocrx_word' id='word_1_263' title='bbox 579 2827 660 2862; x_wconf 86' lang='lat'><strong>111,</strong></span> <span class='ocrx_word' id='word_1_264' title='bbox 688 2827 759 2856; x_wconf 84' lang='lat'><strong>113.</strong></span> 
     </span>
    </p>

    <p class='ocr_par' dir='ltr' id='par_1_14' title="bbox 417 2886 730 2924">
     <span class='ocr_line' id='line_1_36' title="bbox 417 2886 730 2924; baseline -0.003 -8"><span class='ocrx_word' id='word_1_265' title='bbox 417 2886 444 2924; x_wconf 76' lang='lat'><strong>⁸)</strong></span> <span class='ocrx_word' id='word_1_266' title='bbox 492 2887 553 2921; x_wconf 76' lang='lat' dir='ltr'><strong>iv,</strong></span> <span class='ocrx_word' id='word_1_267' title='bbox 581 2887 618 2916; x_wconf 88' lang='lat'><strong>10</strong></span> <span class='ocrx_word' id='word_1_268' title='bbox 643 2894 730 2923; x_wconf 81' lang='lat' dir='ltr'><strong>seqq.</strong></span> 
     </span>
    </p>
   </div>
  </div>
 </body>
</html>
