1936 3392
777 288 832 328 95

87 434 302 492 cupiebat,
355 433 482 475 bonae
531 434 625 474 illae
674 448 766 475 eum
803 433 951 475 ducere
985 431 1237 488 nequibant,
1279 447 1372 474 cum
1407 436 1523 474 extra

86 514 248 556 illarum
299 514 397 554 lines
447 516 596 554 essent.
663 514 860 554 Attamen
910 527 1004 569 cum
1053 511 1202 553 Medea
1252 511 1461 554 ovidiana
1496 512 1522 567 ¹)

85 592 282 636 Manilius
325 593 458 634 dicere
508 595 720 648 potuerat:
757 591 908 643 „video
942 591 1109 633 meliora
1143 591 1375 647 proboque:
1413 592 1523 634 dete-

82 673 189 715 riora
222 671 410 726 sequor”,
446 686 538 712 nam
572 672 658 727 ipse
694 671 796 713 vitia
825 686 898 712 sua
920 671 1089 712 detexit.
1145 670 1206 712 Eo
1229 671 1359 727 magis
1382 675 1522 713 autem

83 755 144 793 est
192 750 415 793 dolendum
467 750 577 805 quod
627 751 760 792 tenuis
805 755 847 792 et
880 755 1054 806 angusta
1086 751 1246 806 ingenii
1280 766 1405 802 vena,
1442 765 1524 807 qua

81 829 247 872 litterae
296 829 478 885 Augusti
528 833 568 870 et
601 828 753 871 Tiberii
791 845 890 871 aevo
924 829 1189 882 laborabant,
1226 845 1321 873 eum
1355 845 1523 887 quoque

83 906 324 964 impedivit,
377 906 596 962 quominus
631 911 872 962 argumenta
905 907 1039 949 Musis
1073 912 1170 964 apta
1203 907 1252 950 ad
1289 909 1522 951 canendum

83 986 161 1029 sibi
194 990 387 1028 sumeret.
427 985 566 1028 Sermo
607 985 825 1038 obscurus,
861 990 1104 1039 contortus,
1142 987 1396 1042 inaequalia,
1431 988 1523 1031 reli-

55 1080 188 1121 >quae
237 1065 419 1109 maculae
470 1065 620 1122 quibus
670 1081 833 1108 carmen
883 1067 970 1108 eius
1020 1066 1202 1119 laborat,
1252 1074 1436 1125 tempore
1481 1073 1523 1111 et

81 1145 372 1187 exercitatione
405 1145 539 1187 evinci
570 1150 812 1202 potuerant,
849 1149 895 1188 ut
919 1146 1147 1204 complures
1171 1147 1362 1190 carminis
1386 1153 1523 1204 partes

82 1223 245 1267 abunde
287 1228 497 1267 testantur
519 1224 551 1280 2)
570 1242 580 1276 ;
626 1226 789 1282 poetico
833 1226 1002 1282 ingenio
1042 1242 1125 1268 non
1159 1233 1245 1269 erat
1279 1228 1520 1272 destitutus.

131 2789 154 2827 ¹)
202 2791 332 2822 Metam.
359 2793 435 2828 Vll,
460 2794 513 2824 20.

129 2849 155 2889 ²)
203 2852 292 2890 Quod
317 2861 384 2883 cum
410 2854 512 2884 editio
538 2863 612 2885 vere
637 2855 752 2886 critica
779 2857 810 2886 iu
837 2856 935 2886 lucem
962 2858 1137 2895 prodierit.
1164 2868 1200 2888 eo
1223 2859 1325 2896 magis
1342 2861 1515 2898 apparebit

85 2921 143 2942 uec
174 2922 237 2942 uon
263 2913 331 2943 iure
356 2914 428 2944 Luc.
453 2915 638 2946 Muellerum
664 2917 786 2947 dixisse
812 2919 959 2948 Iacobum
987 2920 1115 2949 omniuo
1142 2920 1230 2950 ferae
1257 2929 1349 2957 quam
1376 2922 1515 2951 hominis

86 2973 179 3011 longe
203 2974 385 3004 reddidisse
409 2975 596 3007 similiorem
622 2978 786 3008 Manilium
814 2979 865 3016 (do
892 2980 926 3008 R.
954 2980 1089 3010 Metrica
1113 2989 1186 3018 pag.
1212 2981 1300 3018 451.)
