1910 3250
743 267 1029 313 ...27-

121 395 203 444 huc
230 403 344 443 recte
373 394 588 454 referatur,
633 396 744 457 quod
775 413 869 443 cum
906 397 1094 443 nonnulli
1122 403 1351 453 censerent,
1384 403 1429 441 nt
1458 393 1650 441 Tiberius

45 484 48 485 ⁷
119 475 214 528 post
237 468 395 527 lllyrici
417 468 692 512 defectionem
723 469 897 511 feliciter
919 469 1104 512 sedatam
1127 465 1316 512 Invictus
1336 466 1648 524 cognominare-

48 567 54 588 -,
118 544 199 592 tur,
240 538 460 594 Augustus
503 537 556 580 de
597 537 844 594 cognomine
872 538 1112 592 intercessit,
1157 552 1206 580 eo
1237 543 1475 579 contentum
1508 550 1648 593 repro·

42 619 49 665 ᾗ
120 607 302 661 mittens,
343 605 455 664 quod
496 621 541 649 se
583 605 777 649 defuncto
818 613 1083 664 suscepturus
1124 612 1231 649 esset
1261 606 1397 660 (Suet.
1430 605 1522 650 Tib.
1558 606 1647 658 17).

4 678 10 698 ⁵
41 707 46 710 <
114 675 334 720 ‘Goniciam
379 675 508 731 igitur
543 675 733 733 quamvis
773 690 866 719 meo
894 675 1028 719 Marte
1069 675 1111 717 in
1153 682 1311 718 metum
1339 675 1547 733 quendam
1578 674 1649 717 ad·

118 745 288 789 ductum
317 743 596 788 intercessisse
624 744 755 798 illum,
798 759 851 788 ne
880 760 955 787 sua
985 744 1112 802 ipsius
1143 745 1290 787 merita
1321 744 1646 787 honorificentis⁴

116 814 267 858 simum
297 813 400 856 illud
430 827 582 855 nomen
613 812 782 856 Tiberio
813 813 956 855 datum
998 813 1196 857 memoria
1227 813 1497 858 oblitteraret.
1557 812 1649 856 Ad-

53 891 61 903 ”
117 883 171 928 de
199 881 313 942 quod
339 883 381 925 in
403 881 582 924 nummis
605 882 788 939 Augusti
812 883 997 937 Victoria
1016 898 1140 940 saepe
1161 889 1232 925 aut
1251 883 1377 939 globo
1399 890 1470 925 aut
1498 897 1648 941 prorae

116 953 234 996 navis
278 951 468 995 insistens
510 951 620 1009 picta
660 959 749 994 erat
790 952 972 1006 (Eekhel
1014 952 1068 996 N.
1111 953 1167 996 D.
1210 952 1274 994 VI
1317 952 1409 1005 83).
1477 952 1556 994 His
1595 951 1649 996 de

53 1068 57 1070 ,
115 1023 258 1077 causis,
289 1021 326 1064 si
354 1020 548 1064 Manilius
579 1022 822 1078 Augustum
844 1021 1096 1080 appellasset
1115 1022 1338 1075 Invictum,
1365 1022 1406 1064 id
1431 1021 1524 1064 miri
1555 1035 1648 1064 mea

9 1111 21 1134 η
51 1085 62 1140 ’,
115 1091 284 1150 quidem
313 1090 517 1133 sententia
546 1089 649 1132 nibil
684 1091 867 1144 haberet,
910 1091 1151 1148 praesertim
1184 1091 1295 1148 quod
1339 1091 1463 1134 etiam
1506 1092 1547 1133 in
1578 1090 1647 1132 tri·

6 1162 9 1163 ⁷
39 1196 47 1199 v
115 1161 257 1215 stibus,
296 1159 339 1202 in
377 1160 526 1217 quibus
558 1175 639 1202 non
676 1160 792 1203 deest
822 1160 1031 1203 Varianae
1060 1160 1186 1203 cladis
1218 1161 1387 1216 mentio,
1406 1161 1436 1217 l)
1468 1159 1646 1205 Ovidius

4 1195 6 1198 ⁵
44 1228 50 1273 ῑ
117 1229 216 1274 diost
241 1229 298 1286 (v
330 1230 368 1284 1,
400 1228 498 1285 41):

392 1297 554 1341 Lenior
583 1299 739 1342 Invieti
763 1301 803 1342 si
829 1300 885 1341 sit
911 1299 1019 1342 mihi
1052 1299 1250 1342 Caesaris
1281 1302 1364 1353 ira,

108 1368 110 1387 '
393 1366 600 1411 Carmina
631 1369 822 1411 laetitiae
851 1370 940 1411 iam
970 1368 1046 1411 tibi
1067 1370 1202 1426 plena
1235 1369 1354 1422 dabo,

9 1465 11 1468 -
51 1413 61 1490 τ,
113 1435 226 1481 etin
257 1435 336 1495 Ep.
369 1451 424 1480 ex
454 1437 502 1481 P.
535 1437 626 1492 12,
662 1437 739 1481 125
771 1440 847 1495 qui
876 1440 1015 1481 vicit
1046 1452 1280 1495 semper,
1319 1441 1440 1481 victis
1468 1444 1515 1481 ut
1537 1454 1647 1496 par-

58 1502 61 1507 ’
117 1520 207 1550 core
228 1509 380 1564 possit.
439 1506 526 1552 Sed
557 1522 610 1550 ne
640 1508 876 1550 nominatur
903 1507 1071 1565 quidem
1098 1509 1286 1551 Invictus
1317 1525 1341 1551 a
1369 1508 1540 1551 Manilio
1565 1509 1646 1552 Oc-

58 1597 62 1604 ·
114 1575 316 1630 ῒινίαῐιιιε,
346 1575 473 1619 immo
509 1582 626 1634 optat
662 1582 821 1618 tantum
853 1583 988 1634 poeta,
1033 1583 1077 1619 ut
1118 1577 1294 1619 invictus
1337 1584 1455 1635 pater
1487 1577 1646 1635 patriae

9 1643 11 1645 ’
117 1644 188 1699 sit3
232 1645 400 1705 respicit
438 1645 566 1702 igitur
604 1645 790 1688 futurum
831 1651 1007 1703 tempus,
1069 1646 1278 1691 Observes
1320 1653 1536 1704 praeterea
1575 1646 1643 1700 sis,

47 1741 74 1760 η
117 1729 243 1773 quam
271 1721 392 1758 caute
421 1715 574 1758 inserta
603 1715 657 1757 sit
686 1730 827 1772 pugna
856 1715 927 1757 illa
947 1716 988 1757 in
1010 1715 1118 1758 saltu
1139 1716 1489 1774 Teutoburgiensi
1512 1716 1642 1758 facta:

117 1783 268 1827 etenim
297 1783 536 1827 attribuitur
565 1783 830 1827 clandestinis
861 1783 1168 1827 Germanorum
1198 1785 1386 1842 gentium
1418 1785 1643 1829 fraudibus.

254 1854 341 1896 Iam
379 1853 422 1896 in
462 1853 543 1896 alia
573 1868 618 1896 re
654 1853 871 1910 insigniter
908 1853 1151 1898 dormitasse
1190 1854 1409 1898 Freierum
1450 1855 1644 1897 facillime

17 1909 22 1914 Δ
43 1909 58 1966 ³.
117 1935 350 1979 cognosces,
381 1938 506 1981 quem
530 1922 642 1980 quod
662 1938 745 1966 non
770 1923 904 1966 solum
937 1939 1019 1966 non
1040 1924 1248 1977 refutavit,
1280 1924 1351 1966 sed
1376 1925 1499 1967 ctiam
1526 1924 1643 1981 sequi

54 1988 57 1990 ’
116 1991 279 2036 videtur
308 1991 540 2047 Lanson,²)
583 1992 852 2035 vehementer
890 1993 1000 2035 subit
1037 1993 1193 2038 mirari.
1254 1993 1332 2036 Ille
1364 1994 1474 2036 enim
1503 2009 1644 2036 coram

14 2080 17 2118 j
45 2055 64 2113 ³,
115 2059 310 2119 Augusto
336 2062 582 2106 sententiam
615 2078 639 2104 a
666 2069 789 2119 poeta
817 2069 936 2119 putat
956 2077 1196 2120 expressam
1223 2078 1312 2106 esse
1333 2079 1480 2120 parum
1502 2070 1643 2121 aptam

115 2129 180 2174 his
209 2132 367 2175 verbis:
401 2132 468 2176 Sit
491 2133 627 2175 Roma
655 2132 730 2175 sub
755 2134 857 2176 illo!
883 2132 1015 2186 „Quis
1039 2133 1206 2175 tandem
1228 2133 1316 2186 fuit,
1339 2133 1396 2175 ait
1420 2133 1491 2175 illc
1513 2147 1552 2190 p.
1573 2133 1641 2186 23,

61 2203 67 2227 ἒ
116 2200 187 2258 qui
225 2207 319 2260 post
359 2219 396 2247 a.
432 2201 484 2246 U.
517 2201 566 2246 O.
600 2202 683 2245 762
715 2202 783 2244 vel
822 2202 1018 2256 timuerit,
1058 2217 1110 2245 ne
1139 2203 1392 2246 Octavianus
1424 2208 1542 2259 pater
1572 2217 1642 2259 pa-

51 2290 67 2322 1,
117 2269 219 2315 trine
265 2285 355 2315 esse
396 2271 625 2325 desineret,
675 2271 744 2314 vel
784 2285 880 2314 eum
919 2286 973 2314 ex
1014 2271 1213 2314 altissimo
1256 2271 1466 2328 dignitatis
1508 2271 1642 2327 gradu

10 2330 12 2335 ’
116 2340 388 2400 praecipitare
426 2356 550 2384 ausus
590 2340 665 2383 sit!
725 2340 949 2384 Neminem
990 2356 1118 2383 unum
1157 2341 1351 2399 equidem
1392 2341 1527 2384 adhuc
1558 2341 1642 2383 vidi

66 2447 75 2478 ’ζ
117 2467 160 2503 οἱ.
184 2469 272 2512 Veg.
295 2468 372 2504 mil.
395 2469 479 2513 epit.
501 2470 544 2510 33
571 2470 675 2511 Corp.
699 2470 800 2502 inser.
825 2469 886 2502 lat.
912 2468 979 2501 VII
1005 2470 1061 2511 62,
1085 2469 1160 2511 167,
1181 2470 1260 2512 226,
1280 2470 1358 2511 344,
1384 2469 1452 2502 875
1477 2468 1638 2510 saepiam

12 2531 14 2534 ’
55 2547 85 2570 ·.=
114 2525 203 2560 Acta
226 2535 308 2559 sem.
331 2526 454 2570 philol.
479 2527 718 2571 Erlangensis,
750 2531 774 2560 t.
799 2528 844 2561 11.

67 2606 72 2610 ·
253 2583 286 2628 ί)
311 2585 353 2618 cf.
376 2585 540 2618 Edmund
566 2587 686 2630 Meyer
710 2586 769 2619 die
795 2586 1028 2630 Chronologie
1054 2585 1116 2618 der
1139 2585 1347 2620 ovidisohen
1371 2584 1544 2619 Gedichte
1571 2584 1642 2618 und

16 2670 42 2690 ‚V
76 2687 78 2691 y
117 2639 179 2676 du
206 2641 295 2676 Jahr
325 2643 387 2676 der
411 2644 693 2678 Varussohlaeht.
731 2644 768 2678 Z.
797 2644 819 2677 f.
847 2645 880 2678 d.
906 2645 1240 2689 Gymnasialwesen,
1273 2644 1423 2677 XXXII.
1448 2643 1641 2686 Jahrgang.

60 2694 75 2727 L
115 2698 237 2733 Berlin
266 2700 364 2733 1878.
387 2710 422 2742 p.
443 2700 511 2734 449
537 2701 572 2733 ff.

56 2759 74 2805 ¹⁷
251 2756 288 2800 ²)
311 2767 346 2800 p.
370 2759 413 2791 21
438 2758 592 2800 pedestri
618 2759 710 2792 enim
742 2759 902 2793 oratione
933 2770 1070 2793 versum
1098 2763 1222 2802 poetae
1245 2759 1296 2792 sic
1321 2759 1454 2792 reddit:
1489 2759 1642 2790 vivat-

55 2844 58 2852 ,
117 2823 201 2858 qne
224 2814 392 2848 Caesar
421 2816 710 2859 impet-etque
735 2817 896 2850 Romae
927 2818 1135 2851 invictus
1159 2818 1638 2861 imperturbatusque,

66 2869 75 2878 ²
118 2869 379 2906 discordias
418 2883 566 2907 omnes
611 2877 652 2906 et
688 2873 821 2907 bella
857 2885 1166 2919 compescens.
1215 2875 1350 2909 Fincke
1389 2885 1527 2921 quoque
1558 2875 1584 2909 1.
1617 2876 1639 2911 l.

14 2915 21 2931 ⁵
117 2928 214 2966 Man.
236 2930 255 2964 Ι
278 2932 346 2965 926
371 2931 486 2966 citans
511 2931 603 2965 falsa.
627 2932 911 2978 interpunctione
938 2933 1064 2969 utitur.
