1910 3250
765 247 1049 287 ...33-

142 379 269 428 satur,
299 379 340 416 et
372 380 507 416 tamen
531 373 645 416 caelo
672 371 980 430 quodammodo
1003 371 1140 415 illatus
1162 371 1243 414 iam
1271 371 1384 414 sidus
1407 378 1479 416 est.
1532 363 1675 414 Verba

143 443 322 500 denique
352 458 466 486 nune
492 445 632 497 terris,
657 448 751 500 post
782 444 896 485 caelo
926 445 1142 485 manaimus
1172 448 1322 485 auctor
1348 457 1424 500 per
1453 441 1697 500 appositio-⁷

142 527 239 556 nem
271 512 321 554 ad
345 512 593 555 antecedens
625 513 798 555 verbum
824 511 955 556 traho.
1018 511 1178 568 Itaque,
1207 511 1318 569 quod
1340 511 1486 554 Freier
1506 511 1676 554 credere

142 597 226 625 non
266 582 374 636 vult,
419 581 631 639 scripsisse
671 590 837 639 poetam
877 581 1117 637 Augustum
1161 587 1317 623 astrum
1358 581 1472 624 caelo
1511 588 1707 639 septen-3

141 651 304 695 trionali
333 651 566 707 contigisse,
595 657 816 708 antequam
846 651 1064 694 Octaviani
1096 651 1234 693 anima
1271 651 1313 692 in
1345 651 1504 694 caelum
1536 666 1701 707 ascen-¹,¹

143 721 282 776 disset,
315 721 355 763 id
384 720 474 763 fieri
495 721 678 778 potuisse
706 721 806 762 mihi
829 721 996 763 videtur
1023 728 1148 778 atque
1170 721 1223 763 ad
1244 721 1512 764 muniendam
1541 736 1674 764 meam
1697 711 1699 713 ¹

142 790 388 835 sententiam
429 790 584 832 similes
625 789 735 831 locos
766 790 951 834 afferam.
1013 789 1279 847 Quamquam
1311 797 1433 834 antea
1463 791 1515 843 ad
1545 791 1677 849 expli-

142 860 294 904 candos
326 876 364 904 v,
396 861 415 902 I
442 859 524 902 798
552 875 613 916 sq.
648 875 721 902 nos
750 860 1015 916 accingamus
1044 876 1146 917 opus
1177 867 1249 914 est,
1280 876 1396 917 quos,
1427 876 1521 903 cum
1543 861 1677 918 prima

142 930 280 988 specie
314 927 539 973 admodum
571 929 663 971 miri
693 929 912 972 videantur
943 944 1045 984 esse,
1087 929 1203 972 varie
1234 930 1336 972 varii
1365 930 1673 974 intellexerunt.

145 998 257 1044 Sunt
285 1005 425 1043 autem
455 999 519 1041 hi:

457 1089 466 1099 .
507 1057 759 1114 Venerisque
790 1056 842 1098 ab
873 1058 1038 1113 oriqine
1065 1058 1209 1113 proles

315 1125 435 1170 Iulia
467 1127 679 1169 deseendit
710 1127 823 1168 caelo
855 1126 1144 1183 caelmnquel)
1175 1127 1352 1183 replevit
1359 1143 1375 1181 ,-

322 1197 445 1250 Quod
473 1198 582 1252 reqit
609 1197 826 1252 Anqustus
856 1199 967 1239 socio
991 1211 1075 1252 per
1103 1199 1227 1252 siqna
1261 1197 1462 1250 Tonante,

320 1266 465 1309 Cernit
494 1271 531 1309 et
559 1270 603 1309 in
639 1271 753 1308 coetu
786 1266 946 1308 Divum
974 1281 1256 1323 maynmnque
1290 1267 1520 1319 Quirinum

318 1337 463 1379 Altius
493 1336 674 1379 aethe-rii
705 1350 833 1392 quam
862 1337 1012 1379 candet
1041 1337 1230 1378 circulus
1260 1336 1386 1378 orbis.

315 1405 403 1448 Illa
434 1406 556 1448 deum
582 1407 707 1459 sedes,
735 1405 848 1460 haee,
878 1407 969 1448 illis
995 1409 1214 1462 proxima,
1243 1406 1387 1448 divum

323 1475 406 1528 Qui
434 1478 588 1518 virtute
617 1490 699 1518 sua
729 1476 887 1518 similes
914 1478 1088 1531 vestiqia
1119 1481 1312 1531 tanyunt.

285 1543 598 1588 Enumerantur
625 1544 722 1587 inde
744 1561 767 1587 a
791 1561 830 1589 v,
861 1545 945 1588 762
972 1545 1050 1586 viri
1082 1545 1222 1598 fortes,
1252 1545 1400 1602 quibus
1431 1544 1483 1587 ob
1505 1543 1676 1586 virtutes

146 1613 190 1656 in
220 1613 312 1656 viae
342 1613 499 1657 lacteae
528 1614 657 1657 stellis
679 1614 797 1657 sedes
826 1629 1020 1656 concessa
1047 1614 1112 1667 sit,
1142 1620 1268 1671 atque
1299 1614 1478 1671 primum
1507 1628 1582 1670 per
1613 1628 1678 1654 ae-

146 1682 377 1725 cusativum
412 1690 483 1726 aut
515 1683 761 1737 vocativum,
795 1689 882 1725 tum
913 1699 994 1725 non
1028 1683 1104 1724 nisi
1146 1698 1222 1740 per
1251 1682 1549 1725 nominativum
1580 1682 1678 1723 affe—

146 1759 318 1807 runtur3
346 1769 369 1796 a
409 1759 522 1797 recto
563 1759 702 1796 autem
746 1759 890 1796 tenore
921 1753 1149 1795 desciscere
1190 1767 1296 1809 quae
1327 1752 1454 1808 vulgo
1486 1767 1561 1809 per
1592 1751 1677 1794 edi-

146 1821 280 1865 tiones
311 1823 677 1865 circumferuntur:
693 1825 727 1878 ²)

703 1893 960 1950 Venerisque
992 1893 1044 1935 ab
1075 1894 1241 1948 oriqine
1260 1893 1408 1947 proles

405 1963 526 2005 Iulia
555 1963 767 2006 deseendit
797 1964 910 2005 caelo
942 1964 1185 2019 caelumque
1215 1963 1402 2018 replevit,

145 2006 264 2074 reete·
283 2031 488 2075 intellexit
514 2033 697 2075 Thomas
725 2032 772 2086 (l.
802 2032 826 2076 l.
856 2049 895 2089 p.
924 2033 1014 2085 20).
1059 2031 1143 2076 Sed
1172 2033 1274 2074 haec
1298 2046 1379 2073 non
1404 2036 1464 2072 est
1491 2029 1677 2070 codicum

146 2100 280 2158 eulpa,
304 2101 344 2144 id
362 2101 471 2158 quod
490 2102 561 2145 ille
577 2109 688 2144 ratus
705 2108 742 2145 et
766 2103 940 2146 Veneris
964 2117 1071 2160 quae
1091 2102 1144 2144 ab
1169 2103 1334 2158 oriqine
1352 2101 1499 2156 proles
1517 2100 1679 2142 (lescen-

147 2170 252 2223 dit3)
268 2171 518 2224 emendavit,
548 2187 691 2214 verum
719 2172 822 2215 falso
847 2173 922 2214 viri
949 2172 1058 2215 docti
1081 2171 1204 2214 edere
1231 2176 1548 2214 consueverunt.
1579 2169 1680 2211 Post

7 2265 11 2271 ·
58 2242 79 2284 ’ζ
146 2237 445 2283 nominativum
463 2241 573 2283 enim
590 2243 710 2285 Iulia
725 2242 758 2283 si
781 2241 1103 2295 distinxerimus,
1135 2257 1218 2284 non
1236 2241 1317 2282 iam
1345 2239 1423 2282 erit
1438 2238 1680 2296 perturbata

79 2318 87 2341 '⁴
146 2309 454 2363 constructio.4)
515 2311 785 2368 Insequentia
816 2318 955 2353 autern
986 2316 1262 2352 annectuntur
1293 2323 1368 2367 per
1395 2307 1676 2365 parenthesin,

288 2392 314 2432 ¹)
338 2392 373 2425 ln
400 2391 460 2424 the
486 2392 642 2425 classica]
671 2393 814 2426 Review
843 2394 932 2425 1890
958 2396 1065 2432 (some
1083 2392 1324 2425 emendations
1350 2391 1388 2423 of
1405 2388 1585 2431 Manilius)
1612 2390 1680 2422 Ro·
1731 2415 1733 2418 .

79 2462 87 2497 ,⁷
147 2449 274 2483 binson
293 2449 384 2483 Ellis
408 2461 470 2494 pro
486 2451 696 2493 caelumque
715 2452 862 2484 coniecit
885 2451 1083 2493 soliumq
1097 2462 1162 2485 ue:
1193 2449 1285 2492 quod
1304 2448 1445 2492 probari
1464 2458 1533 2481 non
1554 2451 1678 2490 potest.

285 2506 320 2551 Ξ)
341 2509 394 2541 De
411 2508 534 2541 horum
554 2510 735 2542 verborum
755 2510 1043 2551 interpretatione
1060 2513 1200 2553 praeter
1215 2507 1385 2541 editiones
1404 2506 1522 2538 videas
1538 2506 1680 2538 Werns·

67 2567 90 2605 ,ξ
148 2565 230 2601 don-f
248 2577 282 2610 p.
308 2566 347 2600 L.
371 2576 415 2599 m.
439 2566 637 2610 Altenberg
667 2568 767 2600 1780.
792 2578 826 2609 p.
851 2569 919 2600 312
945 2578 995 2610 sq.

287 2621 322 2667 3)
351 2624 394 2656 cf.
419 2623 701 2658 Wochenscbrist
727 2626 750 2658 f.
776 2624 826 2658 kl.
851 2625 981 2658 Philol.
1002 2625 1089 2658 1889
1108 2625 1168 2656 Nr.
1186 2625 1231 2656 34
1255 2635 1288 2667 p.
1307 2623 1372 2655 923
1401 2633 1450 2664 sq.
1475 2622 1535 2654 ubi
1562 2621 1681 2654 Freier

86 2675 95 2722 ᾗ
148 2683 270 2715 contra
302 2681 393 2714 hanc
425 2682 659 2715 coniecturam
693 2683 884 2716 defendens
917 2683 1047 2716 tradita
1071 2684 1179 2715 verba
1213 2685 1292 2724 post
1316 2691 1422 2713 suae
1460 2680 1678 2712 fortissimam

86 2738 95 2754 ”
150 2738 410 2774 distinctionem
435 2741 518 2782 poni
545 2744 578 2773 et
603 2751 690 2783 que
715 2752 777 2784 pro
803 2741 1004 2784 denique
1031 2740 1191 2783 intellegi
1217 2739 1301 2772 vult.
1343 2740 1477 2771 Mecum
1504 2747 1606 2781 agere
1633 2737 1679 2768 vi-

82 2796 106 2839 ,Ῐ
151 2794 255 2835 fletur
285 2798 330 2831 K.
362 2798 538 2841 Rossberg
573 2799 664 2832 Berl.
697 2798 822 2841 philol.
849 2798 1133 2832 Woohenschrist
1166 2798 1254 2831 1889
1279 2798 1337 2830 Nr.
1363 2796 1406 2831 34
1432 2807 1465 2840 p.
1494 2797 1594 2837 1076,
1621 2794 1679 2838 qui

70 2858 106 2892 ,’-’
150 2857 228 2900 poet
252 2855 364 2889 Iuliae
387 2866 507 2890 vocem
533 2857 631 2890 iubet
654 2857 870 2900 interpungi.

287 2911 322 2962 ⁴)
347 2915 453 2950 Hanc
477 2916 799 2962 interpretationem
825 2915 936 2951 debeo
961 2914 1084 2950 Bittio.
