1936 3392
844 293 898 334 73

150 445 355 503 quondam
389 441 624 484 discreverit
659 439 809 496 partu'’
842 440 866 493 ¹)
919 439 1042 480 latere
1077 436 1201 487 dicit,
1249 440 1292 477 at
1326 439 1414 492 ipse
1449 439 1585 476 tamen

149 525 268 567 chaos
303 521 510 579 quoddam
544 524 742 575 quattuor
776 518 1071 561 elementorum
1095 516 1271 566 statuit,
1297 515 1406 557 unde
1429 514 1587 571 primus

148 602 288 659 „ignis
335 602 379 643 in
427 600 635 642 aethereas
675 599 840 640 volucer
872 615 913 639 se
946 596 1116 639 sustulit
1149 611 1239 637 oras
1254 628 1266 647 ,
1300 595 1509 652 proximus
1544 596 1587 636 in

147 682 285 724 tenuis
335 679 545 722 descendit
591 679 762 735 spiritus
813 693 931 720 auras
947 710 958 728 ,
1001 675 1124 718 tertia
1158 690 1242 717 sors
1275 675 1408 716 undas
1441 675 1588 716 stravit

146 762 377 817 fluctusque
433 760 638 810 natantis,
696 758 845 800 ultima
892 756 1078 799 subsedit
1126 755 1355 812 glomerato
1406 754 1586 810 pondere

146 831 314 883 tellus?
335 839 368 894 2)

209 921 272 964 De
298 919 396 963 orbe
417 919 549 961 lacteo
573 919 673 960 item
699 918 830 960 varias
856 920 1018 959 enarrat
1041 915 1256 972 opiniones
1278 919 1414 971 poeta.
1435 915 1586 965 „Anne

147 998 305 1056 magis”
355 999 516 1054 quaerit
566 998 723 1049 „densa
770 996 984 1038 stellarum
1033 994 1156 1037 turba
1205 1009 1354 1036 corona
1403 994 1586 1035 contexit

147 1080 352 1130 flammas,
387 1081 429 1119 et
462 1092 596 1119 crasso
629 1076 786 1118 lumine
820 1075 988 1126 candet,
1024 1078 1066 1116 et
1099 1073 1259 1129 fulgore
1294 1074 1399 1115 nitet
1434 1072 1586 1114 collato

145 1158 292 1202 clarior
323 1156 433 1199 orbis
447 1156 493 1197 ‘?”
519 1156 549 1212 ³)

208 1237 327 1281 Hanc
374 1242 512 1279 tamen
552 1236 781 1278 doctrinam
816 1250 898 1276 non
936 1234 1065 1290 pluris
1100 1234 1230 1276 facere
1263 1233 1431 1275 videtur
1463 1247 1585 1287 quam

146 1333 288 1361 eorum
336 1317 574 1374 opinionem
625 1316 697 1370 qui
748 1330 842 1357 eum
892 1314 1123 1356 cicatricem
1175 1328 1260 1355 esse
1306 1312 1450 1355 mundi
1485 1328 1587 1354 som-

147 1398 287 1448 niant,
332 1396 405 1439 ubi
455 1400 601 1447 „coeat
633 1395 836 1446 mundus,
876 1393 1140 1451 duplicisque
1174 1397 1356 1435 extrema
1389 1407 1586 1442 cavernae

148 1476 417 1528 conveniant,
473 1475 658 1530 caelique
713 1489 802 1516 oras
857 1478 898 1516 et
946 1473 1131 1530 segmina
1179 1472 1410 1529 iungant,”
1433 1472 1463 1527 ⁴)
1514 1476 1586 1514 aut

147 1565 331 1598 veterum
365 1558 580 1612 poetarum
616 1554 829 1609 fabulas.⁵)

209 1635 271 1677 De
304 1634 475 1677 cometis
509 1634 652 1676 eodem
685 1633 807 1676 modo
841 1634 941 1689 agit.
985 1633 1136 1684 „Sive‚
1161 1632 1297 1683 canit,
1324 1632 1416 1674 illas
1438 1636 1587 1674 natura

145 1711 252 1753 faces
299 1714 348 1752 ut
400 1714 549 1753 cuncta
598 1711 750 1752 creavit
799 1709 955 1761 sidera,
1008 1710 1219 1766 perpetuis
1259 1709 1368 1751 caelo
1404 1709 1586 1751 lucentia

146 1790 343 1841 flammis;
390 1790 461 1832 sed
505 1789 633 1831 trahit
666 1789 715 1831 ad
750 1794 879 1831 semet
912 1789 1056 1846 rapido
1090 1788 1282 1831 Titanius
1315 1790 1407 1845 (sol)
1440 1792 1579 1840 aestu,

144 1869 401 1925 involvitque
435 1884 510 1911 suo
543 1869 800 1911 flammantes
835 1869 930 1924 igne
964 1873 1166 1919 cometas,
1213 1883 1260 1910 ac
1294 1869 1415 1910 modo
1449 1869 1586 1911 dimit-

144 1945 223 1995 tit,
271 1945 380 1988 sicut
430 1944 642 2001 Cyllenius
693 1944 800 1986 orbis
852 1950 893 1987 et
926 1943 1091 1996 Venus,
1137 1959 1306 1987 accenso
1340 1960 1434 1987 cum
1469 1946 1585 1988 ducit

144 2039 308 2081 vespere
340 2029 502 2067 noctem
535 2040 653 2081 saepe
687 2026 848 2077 nitent,
884 2024 1119 2081 falluntque
1158 2025 1322 2077 oculos,
1358 2040 1583 2082 rursusque

143 2105 331 2147 revisunt
341 2121 353 2156 ς
405 2119 477 2147 seu
525 2104 664 2155 Deus,
715 2105 911 2146 instantis
961 2105 1034 2146 fati
1083 2105 1326 2156 miseratus,
1369 2106 1407 2147 in
1443 2105 1581 2148 orbem

141 2183 260 2239 signa
293 2198 364 2240 per
396 2184 565 2225 affectus
599 2183 788 2240 caelique
822 2184 1019 2226 incendia
1052 2183 1230 2226 mittit.'’
1255 2184 1287 2240 ⁰)

205 2261 310 2314 Quis
343 2262 474 2317 igitur
504 2261 693 2304 laudabit
726 2269 871 2318 poetae
895 2261 1143 2304 scientiam?
1192 2262 1412 2304 Lucretius
1436 2263 1580 2305 saltem

144 2345 358 2397 poetarum
390 2340 548 2382 fabulas
581 2356 665 2383 non
697 2342 924 2383 immiscuit
955 2341 1265 2399 philosophiae,
1300 2342 1370 2384 sed
1395 2346 1579 2384 nostrum

143 2426 254 2463 certo
303 2425 426 2476 atque
472 2421 610 2463 stabili
654 2422 851 2463 scientiae
883 2422 1153 2465 fundamento
1187 2424 1365 2466 caruisse
1398 2428 1580 2480 apparet.

187 2549 211 2590 ¹)
260 2552 311 2582 Vs.
339 2552 412 2582 125.

186 2609 211 2645 ²⁸1
261 2613 297 2647 1,
336 2613 419 2644 149.
459 2613 542 2648 152,
585 2615 666 2649 155,
707 2615 779 2645 159.
830 2615 875 2645 Cf.
915 2615 975 2650 ΙΙΙ.4
1002 2616 1062 2647 52.
1087 2617 1140 2647 53.
1190 2617 1320 2648 Inverso
1346 2617 1460 2648 ordine
1495 2617 1579 2647 idem

145 2674 314 2705 Lucretius
338 2675 384 2710 V,
409 2675 606 2709 449—494,
633 2675 696 2706 497
713 2699 720 2709 ,
746 2676 819 2707 499.
831 2696 840 2709 .-

186 2732 212 2766 ³3
261 2734 323 2765 755
349 2743 440 2774 seqq.

188 2793 213 2826 ⁴)
262 2795 314 2826 Vs.
340 2795 524 2826 723‘725.

187 2853 211 2887 ⁵1
260 2855 307 2885 Cf.
332 2856 420 2886 Petri
447 2856 605 2887 Gassendi
624 2858 719 2896 Oper.
738 2868 822 2890 omn.
863 2861 949 2890 Tom.
969 2862 981 2890 1
999 2870 1072 2899 pag.
1092 2863 1156 2892 506
1174 2870 1243 2901 sqq.
1263 2863 1361 2900 Lugd.
1380 2862 1577 2893 MDCLVIII.

145 2917 199 2955 qui
224 2916 330 2947 varias
355 2919 498 2947 veterum
525 2919 563 2949 de
588 2919 718 2956 galaxia
743 2921 914 2958 opiniones
939 2924 1117 2953 enumerat.

188 2974 212 3014 ⁶)
260 2977 322 3008 86⁹.
350 2986 439 3016 seqq.
