1936 3392
1568 344 1622 386 53

131 463 196 504 73.
228 460 424 517 quatuor]
452 464 666 516 quattuor*
682 486 737 491 -—
773 462 838 503 74.
869 461 1148 517 Spumigeris]
1176 461 1430 517 Spumiferis
1462 488 1518 493 ——
1554 463 1620 505 75.

126 536 234 576 torto
266 566 275 574 .
308 565 316 574 .
349 566 358 574 .
389 532 511 588 gyro]
544 535 631 575 toto
663 566 671 574 .
705 566 713 574 .
747 566 755 574 .
787 533 880 589 giro
914 559 969 563 —
1009 533 1074 575 77.
1106 533 1288 575 volantis
1318 534 1433 576 inest
1464 559 1519 564 -—
1553 536 1621 577 81.

124 603 409 660 praecludere]
442 603 689 665 percludege
721 604 948 661 (pcludere)
981 630 1037 635 ——
1070 606 1137 647 83.
1166 604 1406 660 Fidentem]
1438 605 1623 647 Finden-

124 677 212 718 tem
243 701 299 705 —
332 677 399 718 85.
433 675 587 731 sidere]
619 675 772 729 sydere
805 701 859 706 ——-
894 676 961 718 86.
994 676 1157 727 stabilis,
1186 676 1301 718 inest
1332 702 1388 706 —
1422 677 1490 718 87.
1520 677 1622 719 Per-

125 732 209 802 {ue
238 746 413 803 volabit]
445 747 530 790 Per
561 760 666 814 quos
697 747 801 789 labit
839 773 894 777 —
932 747 1100 803 ludens]
1123 748 1265 803 JQ·
1287 773 1342 778 ——
1383 750 1450 790 88.
1483 752 1622 791 vecta-

123 817 207 874 tus]
244 822 434 861 vectatur
471 820 633 874 (vectat)
667 844 722 848 —
762 820 829 861 89.
861 819 987 875 leget]
1014 820 1127 874 hcet
1157 845 1211 849 -—-
1254 821 1319 861 91.
1353 820 1544 862 imitatus
1575 821 1620 862 in

122 889 243 946 urbe]
281 891 474 933 imitatur
504 875 670 946 (imitatj
708 891 754 932 in
790 890 890 933 orbe
916 915 990 922 ·-—
1038 891 1103 932 94.
1137 891 1238 933 dum
1270 890 1450 933 fulmina
1479 891 1620 948 fingit]

123 961 176 1004 de
210 961 395 1013 fulmine
407 961 551 1018 fingit
595 988 650 993 —
697 963 763 1005 97.
801 962 852 1005 de
884 962 1038 1018 sidere]
1073 962 1279 1004 dissidere
1309 977 1370 1005 an
1402 963 1620 1006 diffidere?

123 1025 193 1063 -’
210 1032 598 1090 Bellerophontem]
634 1033 998 1090 bellorophontem
1044 1059 1098 1063 ——
1146 1035 1211 1075 98.
1244 1033 1518 1091 Imposuisse]
1549 1034 1620 1085 ln-

121 1104 313 1160 ste
351 1131 407 1135 —
448 1106 542 1147 100.
580 1118 668 1147 non
698 1105 801 1161 ulla]
833 1118 920 1147 non
950 1106 1071 1147 nulla
1111 1131 1165 1135 ——
1204 1105 1369 1161 cursus]
1403 1119 1531 1148 cursu
1565 1132 1618 1136 ——

125 1176 219 1219 101.
250 1176 476 1233 Heniochi]
508 1166 700 1232 henidhi,
738 1191 761 1219 c
791 1191 1000 1233 superser.
1027 1191 1097 1233 pr.
1129 1191 1184 1219 m.
1226 1203 1281 1207 -—
1319 1177 1520 1234 notanda]
1542 1191 1620 1235 Q

121 1247 261 1290 nanda
292 1274 348 1278 —
383 1249 478 1291 102.
504 1250 634 1304 partis
658 1249 772 1291 inest
804 1275 859 1279 ——
894 1250 990 1290 103.
1016 1249 1158 1304 haedi]
1184 1249 1284 1291 hedi
1317 1275 1371 1279 —
1409 1250 1503 1291 104.
1517 1249 1619 1292 er-

120 1319 261 1375 taque]
292 1319 518 1375 Hyrtaque
557 1346 611 1350 —
650 1320 910 1401 promittere]
942 1320 1176 1376 producere
1220 1346 1275 1350 —
1324 1322 1419 1363 106.
1452 1322 1619 1364 strictos

120 1403 201 1433 nec
236 1391 364 1433 corda
395 1391 620 1447 Catones]
627 1375 791 1434 strictos
826 1392 982 1440 incoda
1019 1394 1179 1437 catonis
1224 1418 1278 1422 ——
1327 1393 1422 1435 107.
1454 1393 1619 1449 Abrep-

120 1462 314 1518 tumque]
345 1462 668 1519 Abruptamque
707 1489 761 1493 —
803 1464 898 1505 108.
931 1463 1093 1519 haedis]
1126 1464 1246 1506 hedis
1279 1490 1334 1494 -
1371 1465 1466 1506 110.
1499 1468 1542 1506 et
1571 1465 1618 1506 in

119 1533 255 1590 lusus]
293 1537 336 1576 et
369 1534 520 1576 illusus
564 1560 619 1565 —
668 1536 762 1576 111.
796 1534 960 1576 ducunt
991 1535 1101 1589 (duc)
1147 1561 1201 1564 —
1251 1536 1346 1577 112.
1379 1536 1617 1592 nunquam]

123 1618 356 1661 numquam
401 1631 456 1636 —-
503 1607 598 1648 114.
637 1606 880 1662 minimum]
920 1607 1133 1648 mininum
1173 1633 1227 1636 —
1266 1607 1422 1663 victus]
1455 1608 1617 1657 victum

120 1677 263 1731 (victii)
302 1702 356 1707 —
398 1678 493 1719 117.
525 1677 722 1733 Haereat]
755 1677 915 1720 Hereat
947 1703 1001 1708 ——
1045 1679 1139 1720 119.
1173 1678 1349 1734 hyades]
1382 1678 1528 1722 hiades
1561 1704 1615 1709 —

118 1747 242 1804 natis]
273 1749 363 1790 nati
401 1774 455 1778 —
497 1748 596 1804 otia]
630 1749 722 1791 ocia
761 1775 815 1778 —
857 1750 952 1791 122.
986 1748 1165 1805 Seditio]
1198 1748 1365 1792 Sedicio
1399 1776 1453 1780 —
1489 1749 1618 1792 Grac-

119 1819 304 1875 chosque
330 1819 528 1876 tenentis]
537 1833 787 1882 ‘gyposqrffi
819 1821 908 1876 (sed
929 1835 1006 1876 gra
1031 1836 1081 1864 ex
1104 1834 1179 1874 gre
1205 1822 1411 1877 eorriyere
1433 1822 1618 1865 voluisse

118 1890 288 1933 videtur
310 1905 380 1947 pr.
412 1891 485 1946 m.)
529 1895 719 1934 tenentes
764 1917 818 1921 ——
866 1893 962 1934 126.
1000 1892 1055 1934 Et
1091 1892 1223 1935 fidum
1263 1893 1525 1950 Laertiadae]
1562 1893 1618 1935 Et

117 1961 256 2005 fidunt
285 1961 390 2017 (fidt)
421 1964 563 2005 nercia
594 1963 654 2005 dii
686 1989 740 1993 —
780 1963 974 2020 syboten]
1004 1964 1229 2029 syboetem
1273 1990 1328 1995 ——
1377 1966 1473 2008 128.
1507 1965 1615 2021 orbi]

46 2039 50 2043 '
119 2033 232 2076 orbis
263 2059 318 2064 —-
353 2034 448 2076 130.
480 2034 670 2090 Hoedos]
703 2035 834 2078 hedos
866 2061 921 2065 —
957 2037 1053 2078 131
1079 2023 1273 2092 Egelido]
1306 2036 1361 2079 Et
1391 2037 1532 2093 gelido
1560 2063 1615 2067 —

0 2120 36 2135 -s
119 2103 238 2161 qua]
257 2118 367 2160 quae
410 2131 465 2136 —
513 2107 608 2148 133.
649 2105 872 2156 Quondam
911 2107 1113 2149 alimenta
1151 2107 1283 2163 dedit]
1315 2108 1618 2164 Fundamenta

110 2175 235 2233 Q
265 2202 319 2207 —
355 2177 450 2219 136.
477 2176 688 2233 Suspensa
718 2178 933 2235 strepitus]
968 2178 1202 2235 Suspensas
1231 2180 1420 2236 trepidus
1448 2180 1616 2236 (trepid)

119 2273 174 2279 ——
203 2248 468 2305 levibusque]
493 2249 661 2292 levibus
688 2251 781 2304 (om.
810 2253 905 2306 que)
939 2276 994 2281 —
1030 2252 1125 2293 137.
1153 2251 1233 2293 His
1258 2255 1397 2294 tamen
1424 2253 1618 2308 ingenita

118 2322 182 2362 est
210 2320 390 2376 visendi]
422 2320 504 2363 His
534 2322 661 2363 etiam
687 2323 733 2363 in
758 2323 933 2378 genium
957 2323 1148 2365 viscendi
1182 2349 1235 2353 -
1273 2324 1367 2366 138.
1394 2336 1472 2379 per
1495 2337 1616 2366 mon—

55 2447 59 2451 ,
116 2391 173 2433 tis
215 2392 438 2448 quaerunt]
482 2405 558 2448 per
598 2394 825 2449 noctisque
868 2398 1001 2437 ruunt
1044 2396 1091 2451 (p
1134 2396 1322 2451 noctisq3
1365 2397 1519 2450 ruunt)
1560 2421 1614 2425 —

120 2462 215 2505 140.
247 2463 294 2504 in
324 2476 492 2506 aversos
522 2477 721 2520 praeceps
752 2478 849 2507 cum
882 2465 1060 2522 tollitur]
1093 2467 1138 2508 in
1170 2466 1368 2509 adversos
1399 2479 1616 2522 praeceps-

119 2546 202 2589 que
243 2534 447 2577 attollitur
488 2561 544 2566 —
591 2537 686 2578 141.
724 2537 822 2579 luce
859 2537 1038 2593 sorores]
1076 2538 1184 2580 lucis
1222 2538 1371 2580 odores
1415 2564 1470 2568 —
1519 2539 1614 2580 142.

118 2602 324 2661 Pleiadas]
343 2605 538 2658 Peliades
571 2633 625 2638 —
660 2608 756 2650 143.
781 2608 979 2664 eduntur]
994 2609 1189 2661 educunt
1214 2635 1269 2639 —-
1295 2609 1470 2665 Bacchi]
1490 2609 1616 2652 bachi

119 2701 175 2706 —
217 2677 432 2734 sequaces]
471 2680 670 2734 sequacis
715 2705 770 2710 —
817 2681 913 2722 146.
958 2681 1100 2723 cultus
1139 2683 1244 2735 (non
1281 2682 1519 2737 cultusque)
1559 2707 1614 2711 -

119 2746 307 2804 decorae]
339 2749 488 2792 decore
520 2776 575 2780 —
611 2751 706 2793 148.
733 2751 822 2793 Aut
847 2751 1015 2808 vinclis]
1043 2753 1134 2795 Aut
1156 2753 1286 2805 undis
1319 2778 1374 2783 —
1410 2754 1505 2795 150.
1530 2752 1615 2794 Pu-

118 2818 399 2876 micibusque]
419 2821 741 2879 Punicibusque
766 2849 822 2854 —
848 2824 1053 2880 membra]
1073 2825 1255 2876 men-bra
1286 2851 1341 2855 ——
1378 2825 1475 2875 151.
1495 2825 1615 2866 steri-

110 2888 255 2946 Q
277 2890 391 2934 inest
421 2917 476 2923 —-
511 2894 606 2936 152.
633 2907 712 2936 nec
737 2895 784 2937 in
809 2894 951 2950 usum]
955 2908 1053 2949 pec
1072 2898 1221 2952 inSQl}
1253 2922 1307 2926 ——
1344 2897 1439 2937 156.
1460 2895 1613 2950 videri]

23 2954 26 2955 ⁷
117 2959 262 3004 videre
294 2987 348 2992 -
384 2964 478 3006 158.
503 2964 554 3006 In
586 2965 767 3022 caelum]
799 2966 851 3008 In
883 2966 1022 3008 celum
1055 2992 1108 2996 —
1144 2967 1341 3022 aequore]
1375 2979 1532 3022 equore
1559 2991 1613 2997 ——
