1936 3392
83 53 95 64 A.
151 36 191 54 (Η
236 35 239 52 i
284 37 286 39 v
344 27 362 47 ‘l
390 16 406 45 ¹⁴¹

964 293 1172 334 ...10-

332 382 518 429 flumina,
552 384 734 427 montes,
770 379 968 426 Ciliciam,
1009 380 1186 432 Syriam,
1227 380 1371 420 molles
1403 381 1576 431 Arabas,
1612 381 1801 432 Parthos,

332 445 555 494 Persidem,
585 443 760 494 Scythiae
789 448 961 491 monteS,
992 445 1190 492 Taurum,
1221 446 1403 494 Gangen,
1428 445 1639 484 decolores
1664 445 1801 493 Indos,

332 507 571 558 Phrygiam,
592 506 911 558 Cappadociam,
933 507 1186 559 Bithyniam,
1207 508 1384 556 Cariam,
1408 508 1646 547 Phoenicum
1664 509 1801 557 urbes,

333 574 495 618 Bactra,
515 570 844 627 ifflmEflQ
864 570 1088 621 Assyriam,
1106 571 1376 622 Euphratem,
1398 572 1552 623 Tigrim
1571 586 1578 610 :
1602 572 1699 623 quid
1719 584 1803 611 non

333 647 425 674 cum
458 634 614 673 honore
641 634 867 685 percurrit?
894 635 1027 672 Mores
1056 634 1180 673 etiam
1209 638 1250 673 et
1277 635 1408 674 cultus
1439 640 1480 674 et
1508 639 1637 675 vestes
1667 639 1799 683 notat,

333 703 463 738 tortos
489 699 685 749 Syrorum
718 698 849 737 crines
875 697 1074 749 laxosque
1101 699 1319 737 Persarum
1349 699 1534 739 amictus,
1559 701 1801 750 Quantoque

332 762 447 801 illam
479 762 588 801 orbis
620 766 777 814 partem
816 774 955 800 amore
995 762 1187 813 prosequi
1223 762 1396 810 videtur,
1419 766 1464 801 ut
1500 763 1616 814 quasi
1647 763 1803 802 ferveat

331 827 464 866 oratio
487 826 787 877 admiratioque
808 825 1033 877 grandibus
1052 826 1186 865 verbis
1206 828 1413 877 erumpat!
1542 870 1560 890 ⁹

845 940 1048 976 ...nitentes

517 991 668 1027 Miratur
687 1002 838 1038 campos
858 992 970 1035 Asiae,
985 991 1218 1037 totidemque
1235 994 1380 1038 tropaea

518 1044 616 1085 Quot
634 1044 727 1088 loca,
750 1046 787 1079 et
805 1044 1021 1079 innumeras
1041 1046 1187 1090 gentes,
1209 1045 1447 1090 Taurumque
1466 1043 1675 1079 minantem

518 1096 705 1131 Fluctibus
727 1098 783 1131 ¹...

332 1224 430 1270 Quis
443 1237 539 1264 vero
560 1226 600 1263 in
620 1225 715 1264 Asia
734 1224 891 1264 belluas
912 1229 983 1264 aut
1002 1225 1106 1264 ullas
1123 1228 1255 1276 pestes
1270 1225 1381 1276 gigni
1399 1225 1631 1264 existimet?
1646 1223 1804 1265 Cuncta

333 1288 486 1328 scilicet
505 1292 691 1327 monstra
706 1288 853 1327 Africae
875 1292 970 1327 sunt
990 1302 996 1326 :

518 1404 607 1438 Inde
626 1403 723 1438 Asiae
737 1402 866 1448 populi
886 1403 1062 1448 divesque
1082 1412 1150 1448 per
1169 1401 1297 1437 omnia
1315 1402 1438 1437 tellus.

515 1454 719 1500 Auralique
740 1454 862 1488 fluunt
883 1464 1028 1497 amnes,
1052 1452 1287 1500 gemmisque
1307 1453 1448 1488 relucet

516 1507 669 1550 Pontus,
691 1506 858 1541 odoratae
877 1505 1018 1551 spirant
1037 1504 1287 1540 medicamina
1305 1504 1403 1540 silvae
1424 1505 1452 1541 ².

331 1634 437 1682 Quin
455 1637 640 1674 Romano
661 1635 751 1674 orbi
771 1635 938 1686 (mirum
951 1635 979 1686 2)
992 1635 1133 1674 orbem
1150 1634 1388 1673 Parthicum
1409 1633 1582 1686 opponit
1604 1645 1614 1674 t

518 1800 546 1836 O
568 1799 604 1835 h·
648 1801 661 1823 3
1003 1750 1205 1797 Parthique
1221 1750 1279 1786 vel
1292 1751 1385 1786 alter

552 1812 568 1835 r
597 1811 626 1835 ιε

515 1852 652 1898 Magna
668 1853 767 1898 jacet
781 1853 892 1888 tellus
911 1853 1060 1899 magnis
1078 1853 1309 1890 circumdata
1327 1853 1417 1900 ripis

516 1904 674 1948 Parthis,
696 1907 733 1940 et
752 1904 799 1939 ab
819 1905 969 1940 Parthis
991 1905 1141 1941 domitae
1162 1917 1228 1952 per
1247 1905 1383 1941 saecula
1404 1906 1549 1952 gentes,

516 1957 723 2003 Bactraque
733 1957 891 2011 φῆς
911 1957 1080 2003 Babylon
1101 1960 1137 1992 et
1157 1959 1252 2015 Susa
1270 1951 1479 2006 Panosq‘u‘e,

514 2008 750 2055 Nominaque
770 2009 979 2044 innumeris
998 2009 1058 2044 vix
1077 2007 1367 2055 complectenda
1386 2009 1531 2056 figuris,

515 2059 709 2106 Ethigris,
732 2063 769 2096 et
788 2061 891 2096 rubri
909 2061 1096 2096 radiantia
1115 2061 1242 2098 littora
1268 2061 1371 2108 ponti
1390 2062 1418 2096 ¹⁶.

328 2188 408 2235 Qui
428 2189 528 2228 talia
547 2189 596 2228 de
615 2190 712 2229 Asia
735 2189 910 2242 scripsit,
933 2203 1071 2229 nonne
1097 2190 1192 2228 Asia
1218 2193 1330 2228 ortus
1353 2202 1439 2228 esse
1466 2189 1612 2228 merito
1636 2188 1799 2240 judiea—

331 2252 466 2291 bitur?
492 2258 532 2292 et
557 2266 606 2292 ex
632 2254 680 2292 iis
707 2254 936 2305 praesertim
962 2253 1215 2304 regionibus,
1241 2266 1332 2304 quae
1356 2253 1602 2292 Parthorum
1628 2252 1800 2304 imperio

334 2315 550 2366 adjacent?
563 2316 733 2365 Saltem,
748 2318 780 2356 si
794 2318 1030 2367 eligendum
1047 2321 1121 2364 est,
1135 2320 1274 2356 utrum
1293 2316 1507 2367 Asiaticus,
1521 2329 1572 2355 an
1587 2317 1802 2356 Africanus

333 2379 469 2427 fuerit,
492 2391 628 2419 nonne
655 2393 747 2419 eum
776 2381 962 2420 Bentleio
983 2381 1120 2432 potius
1148 2381 1375 2419 stabimus?
1394 2381 1526 2432 Atque
1550 2380 1591 2419 in
1612 2393 1660 2420 ea
1679 2393 1737 2428 re,
1759 2380 1802 2419 in

333 2455 415 2494 qua
443 2447 598 2482 certum
624 2443 728 2482 nihil
752 2456 837 2482 esse
864 2448 1014 2495 potest,
1037 2457 1174 2484 nonne
1200 2444 1299 2484 satis
1319 2444 1578 2496 prohabilem
1603 2457 1694 2484 eam
1715 2455 1803 2484 esse

327 2506 568 2558 opinionem
585 2507 841 2547 censebimus
853 2508 874 2547 ‘?

374 2656 402 2687 1.
426 2656 553 2696 Manil.,
571 2657 722 2693 Astron„
745 2657 800 2696 IV,
822 2657 892 2688 622.

372 2703 402 2733 2.
425 2703 488 2740 ld„
508 2702 602 2740 ibid„
622 2703 677 2742 lv,
698 2704 768 2734 672.

373 2748 401 2779 3.
423 2748 486 2786 ld„
509 2749 607 2787 ibid„
629 2750 683 2789 IV,
705 2751 776 2781 675.

372 2796 404 2826 4.
425 2795 488 2833 Id.‚
511 2795 604 2834 ibid„
629 2797 683 2837 lv,
706 2797 775 2827 802.
