<?xml version="1.0" encoding="UTF-8"?>
<!DOCTYPE html PUBLIC "-//W3C//DTD XHTML 1.0 Transitional//EN"
    "http://www.w3.org/TR/xhtml1/DTD/xhtml1-transitional.dtd">
<html xmlns="http://www.w3.org/1999/xhtml" xml:lang="en" lang="en">
 <head>
  <title>
</title>
<meta http-equiv="Content-Type" content="text/html;charset=utf-8" />
  <meta name='ocr-system' content='tesseract 3.04.00' />
  <meta name='ocr-capabilities' content='ocr_page ocr_carea ocr_par ocr_line ocrx_word'/>
</head>
<body>
  <div class='ocr_page' id='page_1' title='image "./lucubrationesman00thomuoft_0215.png"; bbox 0 0 1936 3392; ppageno 0'>
   <div class='ocr_carea' id='block_1_1' title="bbox 829 309 1042 351">
    <p class='ocr_par' dir='ltr' id='par_1_1' title="bbox 829 309 1042 351">
     <span class='ocr_line' id='line_1_1' title="bbox 829 309 1042 351; baseline 0.005 -12"><span class='ocrx_word' id='word_1_1' title='bbox 829 309 1042 351; x_wconf 74' lang='grc'>..37-</span> 
     </span>
    </p>
   </div>
   <div class='ocr_carea' id='block_1_2' title="bbox 367 395 1458 656">
    <p class='ocr_par' dir='ltr' id='par_1_2' title="bbox 367 395 1458 656">
     <span class='ocr_line' id='line_1_2' title="bbox 373 395 1343 446; baseline 0.004 -14"><span class='ocrx_word' id='word_1_2' title='bbox 373 397 520 444; x_wconf 85' lang='lat' dir='ltr'>Quique</span> <span class='ocrx_word' id='word_1_3' title='bbox 540 395 661 432; x_wconf 87' lang='lat' dir='ltr'><strong>animi</strong></span> <span class='ocrx_word' id='word_1_4' title='bbox 681 397 778 433; x_wconf 87' lang='lat' dir='ltr'><strong>vires</strong></span> <span class='ocrx_word' id='word_1_5' title='bbox 798 401 835 434; x_wconf 90' lang='lat' dir='ltr'><strong>et</strong></span> <span class='ocrx_word' id='word_1_6' title='bbox 855 398 995 435; x_wconf 81' lang='lat' dir='ltr'><strong>strictae</strong></span> <span class='ocrx_word' id='word_1_7' title='bbox 1013 399 1183 446; x_wconf 87' lang='lat' dir='ltr'><strong>pondera</strong></span> <span class='ocrx_word' id='word_1_8' title='bbox 1202 400 1343 436; x_wconf 90' lang='lat' dir='ltr'><strong>mentis</strong></span> 
     </span>
     <span class='ocr_line' id='line_1_3' title="bbox 371 450 1367 500; baseline 0.002 -13"><span class='ocrx_word' id='word_1_9' title='bbox 371 451 582 488; x_wconf 88' lang='lat' dir='ltr'><strong>Prudentes</strong></span> <span class='ocrx_word' id='word_1_10' title='bbox 602 450 771 486; x_wconf 81' lang='lat' dir='ltr'><strong>habuere</strong></span> <span class='ocrx_word' id='word_1_11' title='bbox 790 451 860 486; x_wconf 86' lang='lat' dir='ltr'><strong>viri</strong></span> <span class='ocrx_word' id='word_1_12' title='bbox 882 463 890 487; x_wconf 91' lang='lat'>:</span> <span class='ocrx_word' id='word_1_13' title='bbox 916 452 1052 499; x_wconf 88' lang='lat' dir='ltr'><strong>quibus</strong></span> <span class='ocrx_word' id='word_1_14' title='bbox 1074 452 1198 488; x_wconf 90' lang='lat' dir='ltr'><strong>omnis</strong></span> <span class='ocrx_word' id='word_1_15' title='bbox 1219 453 1258 488; x_wconf 92' lang='lat' dir='ltr'><strong>in</strong></span> <span class='ocrx_word' id='word_1_16' title='bbox 1274 453 1367 500; x_wconf 89' lang='lat' dir='ltr'><strong>ipsis</strong></span> 
     </span>
     <span class='ocr_line' id='line_1_4' title="bbox 372 502 1458 554; baseline 0.003 -14"><span class='ocrx_word' id='word_1_17' title='bbox 372 503 517 540; x_wconf 86' lang='lat' dir='ltr'>Census</span> <span class='ocrx_word' id='word_1_18' title='bbox 537 505 619 538; x_wconf 83' lang='lat' dir='ltr'><strong>erat</strong></span> <span class='ocrx_word' id='word_1_19' title='bbox 640 502 866 550; x_wconf 80' lang='lat' dir='ltr'><strong>:justusque</strong></span> <span class='ocrx_word' id='word_1_20' title='bbox 889 505 1018 549; x_wconf 89' lang='lat' dir='ltr'><strong>Solon,</strong></span> <span class='ocrx_word' id='word_1_21' title='bbox 1041 504 1227 552; x_wconf 84' lang='lat' dir='ltr'><strong>sortisque</strong></span> <span class='ocrx_word' id='word_1_22' title='bbox 1249 506 1458 554; x_wconf 82' lang='lat' dir='ltr'><strong>Lycurgus,</strong></span> 
     </span>
     <span class='ocr_line' id='line_1_5' title="bbox 369 555 1366 605; baseline 0.003 -13"><span class='ocrx_word' id='word_1_23' title='bbox 369 557 646 602; x_wconf 84' lang='lat' dir='ltr'><strong>AEthereusque</strong></span> <span class='ocrx_word' id='word_1_24' title='bbox 664 555 809 600; x_wconf 88' lang='lat' dir='ltr'><strong>Platon,</strong></span> <span class='ocrx_word' id='word_1_25' title='bbox 830 560 867 593; x_wconf 90' lang='lat' dir='ltr'><strong>et</strong></span> <span class='ocrx_word' id='word_1_26' title='bbox 886 557 949 604; x_wconf 92' lang='lat' dir='ltr'><strong>qui</strong></span> <span class='ocrx_word' id='word_1_27' title='bbox 969 558 1224 594; x_wconf 80' lang='lat' dir='ltr'><strong>fabricaverat</strong></span> <span class='ocrx_word' id='word_1_28' title='bbox 1243 559 1366 605; x_wconf 92' lang='lat' dir='ltr'><strong>illum,</strong></span> 
     </span>
     <span class='ocr_line' id='line_1_6' title="bbox 367 610 1332 656; baseline 0.003 -10"><span class='ocrx_word' id='word_1_29' title='bbox 367 611 654 656; x_wconf 85' lang='lat' dir='ltr'><strong>Damnatusque</strong></span> <span class='ocrx_word' id='word_1_30' title='bbox 675 620 762 645; x_wconf 89' lang='lat' dir='ltr'><strong>suas</strong></span> <span class='ocrx_word' id='word_1_31' title='bbox 780 610 918 646; x_wconf 88' lang='lat' dir='ltr'><strong>melius</strong></span> <span class='ocrx_word' id='word_1_32' title='bbox 938 611 1133 647; x_wconf 89' lang='lat' dir='ltr'><strong>damnavit</strong></span> <span class='ocrx_word' id='word_1_33' title='bbox 1151 612 1332 649; x_wconf 79' lang='lat' dir='ltr'><strong>Athenas.</strong></span> 
     </span>
    </p>
   </div>
   <div class='ocr_carea' id='block_1_3' title="bbox 363 710 1477 1329">
    <p class='ocr_par' dir='ltr' id='par_1_3' title="bbox 368 710 1428 863">
     <span class='ocr_line' id='line_1_7' title="bbox 371 710 1428 758; baseline 0.002 -11"><span class='ocrx_word' id='word_1_34' title='bbox 371 711 611 757; x_wconf 88' lang='lat' dir='ltr'><strong>Romanique</strong></span> <span class='ocrx_word' id='word_1_35' title='bbox 631 710 712 755; x_wconf 77' lang='lat' dir='ltr'><strong>viri,</strong></span> <span class='ocrx_word' id='word_1_36' title='bbox 736 722 900 758; x_wconf 87' lang='lat' dir='ltr'><strong>quorum</strong></span> <span class='ocrx_word' id='word_1_37' title='bbox 916 712 998 758; x_wconf 81' lang='lat' dir='ltr'><strong>J&#39;am</strong></span> <span class='ocrx_word' id='word_1_38' title='bbox 1019 712 1192 747; x_wconf 84' lang='lat' dir='ltr'><strong>maxima</strong></span> <span class='ocrx_word' id='word_1_39' title='bbox 1212 713 1326 749; x_wconf 83' lang='lat' dir='ltr'><strong>turba</strong></span> <span class='ocrx_word' id='word_1_40' title='bbox 1348 716 1428 756; x_wconf 85' lang='lat' dir='ltr'><strong>est;</strong></span> 
     </span>
     <span class='ocr_line' id='line_1_8' title="bbox 368 763 1332 812; baseline 0 -12"><span class='ocrx_word' id='word_1_41' title='bbox 368 763 650 811; x_wconf 86' lang='lat' dir='ltr'><strong>Tarquinioque</strong></span> <span class='ocrx_word' id='word_1_42' title='bbox 671 763 799 799; x_wconf 89' lang='lat' dir='ltr'><strong>minus</strong></span> <span class='ocrx_word' id='word_1_43' title='bbox 815 775 940 811; x_wconf 86' lang='lat' dir='ltr'><strong>reges,</strong></span> <span class='ocrx_word' id='word_1_44' title='bbox 960 766 997 799; x_wconf 89' lang='lat' dir='ltr'><strong>et</strong></span> <span class='ocrx_word' id='word_1_45' title='bbox 1017 764 1172 800; x_wconf 87' lang='lat' dir='ltr'><strong>Horatia</strong></span> <span class='ocrx_word' id='word_1_46' title='bbox 1192 766 1332 812; x_wconf 86' lang='lat' dir='ltr'><strong>proles.</strong></span> 
     </span>
     <span class='ocr_line' id='line_1_9' title="bbox 368 816 1351 863; baseline -0.001 -10"><span class='ocrx_word' id='word_1_47' title='bbox 368 818 462 854; x_wconf 85' lang='lat' dir='ltr'><strong>Tota</strong></span> <span class='ocrx_word' id='word_1_48' title='bbox 478 816 579 853; x_wconf 84' lang='lat' dir='ltr'><strong>acies</strong></span> <span class='ocrx_word' id='word_1_49' title='bbox 596 819 740 863; x_wconf 84' lang='lat' dir='ltr'><strong>partus.</strong></span> <span class='ocrx_word' id='word_1_50' title='bbox 751 847 759 855; x_wconf 90' lang='lat'>.</span> <span class='ocrx_word' id='word_1_51' title='bbox 1348 818 1351 821; x_wconf 84' lang='lat'>&#39;</span> 
     </span>
    </p>

    <p class='ocr_par' dir='ltr' id='par_1_4' title="bbox 368 870 1386 970">
     <span class='ocr_line' id='line_1_10' title="bbox 368 870 1386 918; baseline 0.001 -12"><span class='ocrx_word' id='word_1_52' title='bbox 368 871 414 906; x_wconf 85' lang='lat' dir='ltr'><strong>Et</strong></span> <span class='ocrx_word' id='word_1_53' title='bbox 434 871 524 906; x_wconf 77' lang='lat' dir='ltr'><strong>Jove</strong></span> <span class='ocrx_word' id='word_1_54' title='bbox 542 870 607 918; x_wconf 91' lang='lat' dir='ltr'><strong>qui</strong></span> <span class='ocrx_word' id='word_1_55' title='bbox 627 870 766 906; x_wconf 88' lang='lat' dir='ltr'><strong>meruit</strong></span> <span class='ocrx_word' id='word_1_56' title='bbox 788 871 922 907; x_wconf 77' lang='lat' dir='ltr'><strong>caelum</strong></span> <span class='ocrx_word' id='word_1_57' title='bbox 943 872 1184 918; x_wconf 86' lang='lat' dir='ltr'>Romamque</span> <span class='ocrx_word' id='word_1_58' title='bbox 1205 871 1386 907; x_wconf 85' lang='lat' dir='ltr'><strong>Camillus</strong></span> 
     </span>
     <span class='ocr_line' id='line_1_11' title="bbox 370 923 788 970; baseline -0.002 -10"><span class='ocrx_word' id='word_1_59' title='bbox 370 923 566 960; x_wconf 86' lang='lat' dir='ltr'><strong>Servando</strong></span> <span class='ocrx_word' id='word_1_60' title='bbox 586 923 712 970; x_wconf 86' lang='lat' dir='ltr'>posuit</span> <span class='ocrx_word' id='word_1_61' title='bbox 717 951 788 960; x_wconf 94' lang='grc'><strong>.....</strong></span> 
     </span>
    </p>

    <p class='ocr_par' dir='ltr' id='par_1_5' title="bbox 367 976 1362 1077">
     <span class='ocr_line' id='line_1_12' title="bbox 369 976 1362 1024; baseline 0 -11"><span class='ocrx_word' id='word_1_62' title='bbox 369 977 641 1023; x_wconf 87' lang='lat' dir='ltr'><strong>Certantesque</strong></span> <span class='ocrx_word' id='word_1_63' title='bbox 659 977 747 1013; x_wconf 83' lang='lat' dir='ltr'>Deci</span> <span class='ocrx_word' id='word_1_64' title='bbox 766 977 880 1023; x_wconf 89' lang='lat' dir='ltr'><strong>votis,</strong></span> <span class='ocrx_word' id='word_1_65' title='bbox 903 977 1122 1024; x_wconf 81' lang='lat' dir='ltr'>similesque</span> <span class='ocrx_word' id='word_1_66' title='bbox 1140 976 1362 1024; x_wconf 84' lang='lat' dir='ltr'><strong>triumphis,</strong></span> 
     </span>
     <span class='ocr_line' id='line_1_13' title="bbox 367 1030 967 1077; baseline 0 -11"><span class='ocrx_word' id='word_1_67' title='bbox 367 1030 602 1077; x_wconf 84' lang='lat' dir='ltr'><strong>Invictusque</strong></span> <span class='ocrx_word' id='word_1_68' title='bbox 620 1041 729 1066; x_wconf 87' lang='lat' dir='ltr'><strong>mora</strong></span> <span class='ocrx_word' id='word_1_69' title='bbox 746 1030 881 1066; x_wconf 88' lang='lat' dir='ltr'><strong>Fabius</strong></span> <span class='ocrx_word' id='word_1_70' title='bbox 891 1058 967 1067; x_wconf 90' lang='grc'><strong>.....</strong></span> 
     </span>
    </p>

    <p class='ocr_par' dir='ltr' id='par_1_6' title="bbox 363 1082 1477 1276">
     <span class='ocr_line' id='line_1_14' title="bbox 369 1082 1358 1130; baseline -0.001 -11"><span class='ocrx_word' id='word_1_71' title='bbox 369 1082 632 1129; x_wconf 85' lang='lat' dir='ltr'><strong>Scipiadaeque</strong></span> <span class='ocrx_word' id='word_1_72' title='bbox 653 1082 782 1126; x_wconf 89' lang='lat' dir='ltr'><strong>duces,</strong></span> <span class='ocrx_word' id='word_1_73' title='bbox 804 1082 928 1118; x_wconf 86' lang='lat' dir='ltr'><strong>fatum</strong></span> <span class='ocrx_word' id='word_1_74' title='bbox 948 1083 1190 1130; x_wconf 83' lang='lat' dir='ltr'><strong>Carthaginis</strong></span> <span class='ocrx_word' id='word_1_75' title='bbox 1213 1094 1358 1127; x_wconf 81' lang='lat' dir='ltr'><strong>unum;</strong></span> 
     </span>
     <span class='ocr_line' id='line_1_15' title="bbox 367 1134 1477 1184; baseline 0.001 -13"><span class='ocrx_word' id='word_1_76' title='bbox 367 1135 652 1182; x_wconf 85' lang='lat' dir='ltr'><strong>Pompeiusque</strong></span> <span class='ocrx_word' id='word_1_77' title='bbox 673 1135 776 1171; x_wconf 88' lang='lat' dir='ltr'><strong>orbis</strong></span> <span class='ocrx_word' id='word_1_78' title='bbox 798 1134 979 1180; x_wconf 88' lang='lat' dir='ltr'><strong>domitor,</strong></span> <span class='ocrx_word' id='word_1_79' title='bbox 1002 1146 1071 1182; x_wconf 88' lang='lat' dir='ltr'><strong>per</strong></span> <span class='ocrx_word' id='word_1_80' title='bbox 1090 1137 1244 1183; x_wconf 85' lang='lat' dir='ltr'><strong>tresque</strong></span> <span class='ocrx_word' id='word_1_81' title='bbox 1263 1135 1477 1184; x_wconf 88' lang='lat' dir='ltr'><strong>triumphos</strong></span> 
     </span>
     <span class='ocr_line' id='line_1_16' title="bbox 365 1187 1271 1234; baseline 0.001 -11"><span class='ocrx_word' id='word_1_82' title='bbox 365 1188 465 1223; x_wconf 84' lang='lat' dir='ltr'><strong>Ante</strong></span> <span class='ocrx_word' id='word_1_83' title='bbox 486 1187 603 1223; x_wconf 89' lang='lat' dir='ltr'><strong>deum</strong></span> <span class='ocrx_word' id='word_1_84' title='bbox 619 1187 814 1234; x_wconf 86' lang='lat' dir='ltr'><strong>princeps;</strong></span> <span class='ocrx_word' id='word_1_85' title='bbox 838 1190 876 1223; x_wconf 86' lang='lat' dir='ltr'><strong>et</strong></span> <span class='ocrx_word' id='word_1_86' title='bbox 898 1198 1016 1223; x_wconf 89' lang='lat' dir='ltr'><strong>censu</strong></span> <span class='ocrx_word' id='word_1_87' title='bbox 1036 1187 1178 1224; x_wconf 86' lang='lat' dir='ltr'><strong>Tullius</strong></span> <span class='ocrx_word' id='word_1_88' title='bbox 1197 1187 1271 1224; x_wconf 87' lang='lat' dir='ltr'><strong>oris</strong></span> 
     </span>
     <span class='ocr_line' id='line_1_17' title="bbox 363 1240 758 1276; baseline -0.003 0"><span class='ocrx_word' id='word_1_89' title='bbox 363 1240 554 1276; x_wconf 79' lang='lat' dir='ltr'><strong>Emeritos</strong></span> <span class='ocrx_word' id='word_1_90' title='bbox 575 1240 758 1276; x_wconf 83' lang='lat' dir='ltr'><strong>caelum...</strong></span> 
     </span>
    </p>

    <p class='ocr_par' dir='ltr' id='par_1_7' title="bbox 366 1293 932 1329">
     <span class='ocr_line' id='line_1_18' title="bbox 366 1293 932 1329; baseline -0.002 0"><span class='ocrx_word' id='word_1_91' title='bbox 366 1294 411 1328; x_wconf 91' lang='lat' dir='ltr'><strong>Et</strong></span> <span class='ocrx_word' id='word_1_92' title='bbox 432 1293 523 1329; x_wconf 85' lang='lat' dir='ltr'><strong>Cato</strong></span> <span class='ocrx_word' id='word_1_93' title='bbox 543 1293 709 1329; x_wconf 84' lang='lat' dir='ltr'><strong>fortunae</strong></span> <span class='ocrx_word' id='word_1_94' title='bbox 729 1293 932 1329; x_wconf 88' lang='lat' dir='ltr'><strong>victor.....</strong></span> 
     </span>
    </p>
   </div>
   <div class='ocr_carea' id='block_1_4' title="bbox 174 1427 1678 2053">
    <p class='ocr_par' dir='ltr' id='par_1_8' title="bbox 174 1427 1678 2053">
     <span class='ocr_line' id='line_1_19' title="bbox 230 1427 1677 1480; baseline 0 -14"><span class='ocrx_word' id='word_1_95' title='bbox 230 1427 262 1466; x_wconf 85' lang='lat' dir='ltr'><strong>E</strong></span> <span class='ocrx_word' id='word_1_96' title='bbox 301 1427 452 1480; x_wconf 90' lang='lat' dir='ltr'><strong>quibus</strong></span> <span class='ocrx_word' id='word_1_97' title='bbox 490 1439 585 1466; x_wconf 89' lang='lat' dir='ltr'><strong>cum</strong></span> <span class='ocrx_word' id='word_1_98' title='bbox 623 1427 807 1479; x_wconf 85' lang='lat' dir='ltr'><strong>plurima</strong></span> <span class='ocrx_word' id='word_1_99' title='bbox 844 1427 1062 1467; x_wconf 87' lang='lat' dir='ltr'><strong>brevitatis</strong></span> <span class='ocrx_word' id='word_1_100' title='bbox 1101 1439 1226 1466; x_wconf 86' lang='lat' dir='ltr'><strong>causa</strong></span> <span class='ocrx_word' id='word_1_101' title='bbox 1273 1427 1550 1475; x_wconf 83' lang='lat' dir='ltr'><strong>detraxerim,</strong></span> <span class='ocrx_word' id='word_1_102' title='bbox 1590 1430 1677 1466; x_wconf 86' lang='lat' dir='ltr'><strong>tam</strong></span> 
     </span>
     <span class='ocr_line' id='line_1_20' title="bbox 180 1491 1678 1545; baseline -0.001 -13"><span class='ocrx_word' id='word_1_103' title='bbox 180 1491 314 1532; x_wconf 85' lang='lat' dir='ltr'><strong>multa</strong></span> <span class='ocrx_word' id='word_1_104' title='bbox 338 1496 481 1532; x_wconf 88' lang='lat' dir='ltr'><strong>tamen</strong></span> <span class='ocrx_word' id='word_1_105' title='bbox 507 1492 682 1539; x_wconf 70' lang='lat' dir='ltr'><strong>servavi,</strong></span> <span class='ocrx_word' id='word_1_106' title='bbox 707 1496 752 1531; x_wconf 89' lang='lat' dir='ltr'><strong>ut</strong></span> <span class='ocrx_word' id='word_1_107' title='bbox 774 1491 895 1531; x_wconf 87' lang='lat' dir='ltr'><strong>facile</strong></span> <span class='ocrx_word' id='word_1_108' title='bbox 924 1496 1127 1545; x_wconf 87' lang='lat' dir='ltr'><strong>appareat</strong></span> <span class='ocrx_word' id='word_1_109' title='bbox 1154 1496 1267 1531; x_wconf 88' lang='lat' dir='ltr'><strong>astra</strong></span> <span class='ocrx_word' id='word_1_110' title='bbox 1289 1492 1540 1545; x_wconf 87' lang='lat' dir='ltr'><strong>accipiendis</strong></span> <span class='ocrx_word' id='word_1_111' title='bbox 1561 1503 1678 1543; x_wconf 82' lang='lat' dir='ltr'><strong>egre-</strong></span> 
     </span>
     <span class='ocr_line' id='line_1_21' title="bbox 177 1557 1676 1610; baseline -0.001 -13"><span class='ocrx_word' id='word_1_112' title='bbox 177 1557 254 1610; x_wconf 86' lang='lat' dir='ltr'><strong>giis</strong></span> <span class='ocrx_word' id='word_1_113' title='bbox 291 1557 391 1597; x_wconf 75' lang='lat' dir='ltr'><strong>viris</strong></span> <span class='ocrx_word' id='word_1_114' title='bbox 425 1562 593 1610; x_wconf 86' lang='lat' dir='ltr'><strong>poetam</strong></span> <span class='ocrx_word' id='word_1_115' title='bbox 628 1557 915 1605; x_wconf 84' lang='lat' dir='ltr'><strong>destinavisse,</strong></span> <span class='ocrx_word' id='word_1_116' title='bbox 954 1569 1038 1596; x_wconf 90' lang='lat' dir='ltr'><strong>non</strong></span> <span class='ocrx_word' id='word_1_117' title='bbox 1077 1557 1176 1609; x_wconf 89' lang='lat' dir='ltr'><strong>quia</strong></span> <span class='ocrx_word' id='word_1_118' title='bbox 1215 1557 1444 1610; x_wconf 83' lang='lat' dir='ltr'><strong>quamdam</strong></span> <span class='ocrx_word' id='word_1_119' title='bbox 1482 1557 1676 1596; x_wconf 67' lang='lat' dir='ltr'><strong>haeresim</strong></span> 
     </span>
     <span class='ocr_line' id='line_1_22' title="bbox 176 1622 1678 1674; baseline -0.001 -12"><span class='ocrx_word' id='word_1_120' title='bbox 176 1622 316 1662; x_wconf 85' lang='lat' dir='ltr'><strong>stricte</strong></span> <span class='ocrx_word' id='word_1_121' title='bbox 343 1622 609 1670; x_wconf 77' lang='lat' dir='ltr'><strong>observabat,</strong></span> <span class='ocrx_word' id='word_1_122' title='bbox 631 1622 704 1661; x_wconf 89' lang='lat' dir='ltr'><strong>sed</strong></span> <span class='ocrx_word' id='word_1_123' title='bbox 730 1626 775 1662; x_wconf 91' lang='lat' dir='ltr'><strong>ut</strong></span> <span class='ocrx_word' id='word_1_124' title='bbox 804 1622 882 1661; x_wconf 89' lang='lat' dir='ltr'><strong>sibi</strong></span> <span class='ocrx_word' id='word_1_125' title='bbox 911 1622 1022 1661; x_wconf 89' lang='lat' dir='ltr'><strong>viam</strong></span> <span class='ocrx_word' id='word_1_126' title='bbox 1050 1622 1232 1674; x_wconf 88' lang='lat' dir='ltr'><strong>aperiret</strong></span> <span class='ocrx_word' id='word_1_127' title='bbox 1257 1622 1308 1661; x_wconf 88' lang='lat' dir='ltr'><strong>ad</strong></span> <span class='ocrx_word' id='word_1_128' title='bbox 1342 1622 1613 1669; x_wconf 82' lang='lat' dir='ltr'><strong>luculentam,</strong></span> <span class='ocrx_word' id='word_1_129' title='bbox 1633 1624 1678 1660; x_wconf 93' lang='lat' dir='ltr'><strong>ut</strong></span> 
     </span>
     <span class='ocr_line' id='line_1_23' title="bbox 174 1678 1676 1741; baseline -0.002 -14"><span class='ocrx_word' id='word_1_130' title='bbox 174 1678 368 1741; x_wconf 76' lang='lat' dir='ltr'><strong>putabat,</strong></span> <span class='ocrx_word' id='word_1_131' title='bbox 399 1686 691 1739; x_wconf 85' lang='lat' dir='ltr'><strong>explicandam</strong></span> <span class='ocrx_word' id='word_1_132' title='bbox 726 1687 1102 1727; x_wconf 88' lang='lat' dir='ltr'><strong>enumerationem.</strong></span> <span class='ocrx_word' id='word_1_133' title='bbox 1136 1687 1328 1726; x_wconf 89' lang='lat' dir='ltr'><strong>Ceterum</strong></span> <span class='ocrx_word' id='word_1_134' title='bbox 1361 1687 1441 1726; x_wconf 92' lang='lat' dir='ltr'><strong>hoc</strong></span> <span class='ocrx_word' id='word_1_135' title='bbox 1475 1690 1676 1738; x_wconf 89' lang='lat' dir='ltr'><strong>tanquam</strong></span> 
     </span>
     <span class='ocr_line' id='line_1_24' title="bbox 174 1750 1677 1805; baseline -0.001 -13"><span class='ocrx_word' id='word_1_136' title='bbox 174 1751 530 1805; x_wconf 91' lang='lat' dir='ltr'><strong>philosophicum,</strong></span> <span class='ocrx_word' id='word_1_137' title='bbox 566 1764 651 1791; x_wconf 90' lang='lat' dir='ltr'><strong>non</strong></span> <span class='ocrx_word' id='word_1_138' title='bbox 684 1755 886 1804; x_wconf 85' lang='lat' dir='ltr'><strong>tanquam</strong></span> <span class='ocrx_word' id='word_1_139' title='bbox 923 1751 1134 1804; x_wconf 88' lang='lat' dir='ltr'><strong>poeticum</strong></span> <span class='ocrx_word' id='word_1_140' title='bbox 1166 1755 1191 1791; x_wconf 79' lang='lat' dir='ltr'><strong>a</strong></span> <span class='ocrx_word' id='word_1_141' title='bbox 1222 1751 1389 1791; x_wconf 85' lang='lat' dir='ltr'><strong>Manilio</strong></span> <span class='ocrx_word' id='word_1_142' title='bbox 1421 1751 1516 1791; x_wconf 89' lang='lat' dir='ltr'><strong>volo</strong></span> <span class='ocrx_word' id='word_1_143' title='bbox 1553 1750 1677 1790; x_wconf 86' lang='lat' dir='ltr'><strong>fuisse</strong></span> 
     </span>
     <span class='ocr_line' id='line_1_25' title="bbox 174 1816 1676 1870; baseline -0.001 -13"><span class='ocrx_word' id='word_1_144' title='bbox 174 1816 479 1870; x_wconf 84' lang='lat' dir='ltr'><strong>amplificatum</strong></span> <span class='ocrx_word' id='word_1_145' title='bbox 513 1829 522 1856; x_wconf 76' lang='grc' dir='ltr'>ε</span> <span class='ocrx_word' id='word_1_146' title='bbox 555 1829 639 1856; x_wconf 92' lang='lat' dir='ltr'><strong>non</strong></span> <span class='ocrx_word' id='word_1_147' title='bbox 669 1816 868 1856; x_wconf 91' lang='lat' dir='ltr'><strong>continuo</strong></span> <span class='ocrx_word' id='word_1_148' title='bbox 901 1816 1129 1857; x_wconf 84' lang='lat' dir='ltr'><strong>stoicorum</strong></span> <span class='ocrx_word' id='word_1_149' title='bbox 1163 1816 1397 1856; x_wconf 87' lang='lat' dir='ltr'><strong>doctrinam</strong></span> <span class='ocrx_word' id='word_1_150' title='bbox 1427 1816 1494 1855; x_wconf 91' lang='lat' dir='ltr'><strong>hic</strong></span> <span class='ocrx_word' id='word_1_151' title='bbox 1525 1828 1676 1868; x_wconf 85' lang='lat' dir='ltr'><strong>agnos—</strong></span> 
     </span>
     <span class='ocr_line' id='line_1_26' title="bbox 174 1881 1676 1934; baseline 0 -12"><span class='ocrx_word' id='word_1_152' title='bbox 174 1894 330 1923; x_wconf 85' lang='lat' dir='ltr'><strong>cemus.</strong></span> <span class='ocrx_word' id='word_1_153' title='bbox 360 1883 465 1922; x_wconf 85' lang='lat' dir='ltr'><strong>Nam</strong></span> <span class='ocrx_word' id='word_1_154' title='bbox 493 1886 755 1934; x_wconf 88' lang='lat' dir='ltr'><strong>compertum</strong></span> <span class='ocrx_word' id='word_1_155' title='bbox 783 1882 988 1921; x_wconf 89' lang='lat' dir='ltr'><strong>habemus</strong></span> <span class='ocrx_word' id='word_1_156' title='bbox 1020 1894 1155 1934; x_wconf 89' lang='lat' dir='ltr'><strong>neque</strong></span> <span class='ocrx_word' id='word_1_157' title='bbox 1188 1881 1340 1921; x_wconf 89' lang='lat' dir='ltr'><strong>stoicos</strong></span> <span class='ocrx_word' id='word_1_158' title='bbox 1372 1894 1501 1921; x_wconf 90' lang='lat' dir='ltr'><strong>unum</strong></span> <span class='ocrx_word' id='word_1_159' title='bbox 1533 1894 1676 1922; x_wconf 89' lang='lat' dir='ltr'><strong>omnes</strong></span> 
     </span>
     <span class='ocr_line' id='line_1_27' title="bbox 174 1947 1675 2000; baseline -0.001 -13"><span class='ocrx_word' id='word_1_160' title='bbox 174 1960 310 2000; x_wconf 88' lang='lat' dir='ltr'><strong>neque</strong></span> <span class='ocrx_word' id='word_1_161' title='bbox 342 1947 536 1987; x_wconf 91' lang='lat' dir='ltr'><strong>eumdem</strong></span> <span class='ocrx_word' id='word_1_162' title='bbox 572 1947 682 1986; x_wconf 90' lang='lat' dir='ltr'><strong>idem</strong></span> <span class='ocrx_word' id='word_1_163' title='bbox 715 1959 880 1999; x_wconf 88' lang='lat' dir='ltr'><strong>semper</strong></span> <span class='ocrx_word' id='word_1_164' title='bbox 912 1947 962 1986; x_wconf 91' lang='lat' dir='ltr'><strong>de</strong></span> <span class='ocrx_word' id='word_1_165' title='bbox 998 1947 1064 1986; x_wconf 92' lang='lat' dir='ltr'><strong>his</strong></span> <span class='ocrx_word' id='word_1_166' title='bbox 1098 1947 1272 1987; x_wconf 85' lang='lat' dir='ltr'><strong>sensisse</strong></span> <span class='ocrx_word' id='word_1_167' title='bbox 1306 1960 1399 2000; x_wconf 79' lang='lat' dir='ltr'><strong>quae</strong></span> <span class='ocrx_word' id='word_1_168' title='bbox 1438 1951 1533 2000; x_wconf 90' lang='lat' dir='ltr'><strong>post</strong></span> <span class='ocrx_word' id='word_1_169' title='bbox 1561 1959 1675 1987; x_wconf 90' lang='lat' dir='ltr'><strong>mor-</strong></span> 
     </span>
     <span class='ocr_line' id='line_1_28' title="bbox 174 2011 1675 2053; baseline -0.001 0"><span class='ocrx_word' id='word_1_170' title='bbox 174 2016 259 2053; x_wconf 90' lang='lat' dir='ltr'><strong>tem</strong></span> <span class='ocrx_word' id='word_1_171' title='bbox 291 2011 412 2051; x_wconf 84' lang='lat' dir='ltr'><strong>fiunt.</strong></span> <span class='ocrx_word' id='word_1_172' title='bbox 437 2012 593 2051; x_wconf 86' lang='lat' dir='ltr'><strong>Seneca</strong></span> <span class='ocrx_word' id='word_1_173' title='bbox 628 2012 739 2051; x_wconf 90' lang='lat' dir='ltr'><strong>enim</strong></span> <span class='ocrx_word' id='word_1_174' title='bbox 779 2024 866 2051; x_wconf 80' lang='lat' dir='ltr'><strong>rem</strong></span> <span class='ocrx_word' id='word_1_175' title='bbox 898 2011 939 2050; x_wconf 90' lang='lat' dir='ltr'><strong>in</strong></span> <span class='ocrx_word' id='word_1_176' title='bbox 973 2012 1286 2052; x_wconf 89' lang='lat' dir='ltr'><strong>contentionem</strong></span> <span class='ocrx_word' id='word_1_177' title='bbox 1319 2012 1532 2052; x_wconf 87' lang='lat' dir='ltr'><strong>vocavisse</strong></span> <span class='ocrx_word' id='word_1_178' title='bbox 1566 2015 1675 2052; x_wconf 90' lang='lat' dir='ltr'><strong>recte</strong></span> 
     </span>
    </p>
   </div>
   <div class='ocr_carea' id='block_1_5' title="bbox 175 2077 338 2118">
    <p class='ocr_par' dir='ltr' id='par_1_9' title="bbox 175 2077 338 2118">
     <span class='ocr_line' id='line_1_29' title="bbox 175 2077 338 2118; baseline 0 -1"><span class='ocrx_word' id='word_1_179' title='bbox 175 2077 308 2118; x_wconf 85' lang='lat' dir='ltr'><strong>fertur</strong></span> <span class='ocrx_word' id='word_1_180' title='bbox 327 2088 338 2117; x_wconf 79' lang='lat' dir='ltr'>z</span> 
     </span>
    </p>
   </div>
   <div class='ocr_carea' id='block_1_6' title="bbox 406 2190 1236 2769">
    <p class='ocr_par' dir='ltr' id='par_1_10' title="bbox 409 2190 1213 2398">
     <span class='ocr_line' id='line_1_30' title="bbox 409 2190 1213 2241; baseline 0.005 -16"><span class='ocrx_word' id='word_1_181' title='bbox 409 2190 550 2227; x_wconf 88' lang='lat' dir='ltr'><strong>Verum</strong></span> <span class='ocrx_word' id='word_1_182' title='bbox 568 2194 625 2228; x_wconf 87' lang='lat' dir='ltr'><strong>est</strong></span> <span class='ocrx_word' id='word_1_183' title='bbox 638 2190 657 2226; x_wconf 73' lang='lat'><strong>⁶?</strong></span> <span class='ocrx_word' id='word_1_184' title='bbox 677 2203 726 2228; x_wconf 90' lang='lat' dir='ltr'><strong>an</strong></span> <span class='ocrx_word' id='word_1_185' title='bbox 747 2191 901 2229; x_wconf 88' lang='lat' dir='ltr'><strong>timidos</strong></span> <span class='ocrx_word' id='word_1_186' title='bbox 920 2193 1052 2229; x_wconf 84' lang='lat' dir='ltr'><strong>fabula</strong></span> <span class='ocrx_word' id='word_1_187' title='bbox 1073 2193 1213 2241; x_wconf 87' lang='lat' dir='ltr'><strong>decipit</strong></span> 
     </span>
     <span class='ocr_line' id='line_1_31' title="bbox 412 2244 1177 2292; baseline 0.004 -13"><span class='ocrx_word' id='word_1_188' title='bbox 412 2244 576 2280; x_wconf 88' lang='lat' dir='ltr'><strong>Umbras</strong></span> <span class='ocrx_word' id='word_1_189' title='bbox 595 2245 818 2292; x_wconf 87' lang='lat' dir='ltr'><strong>corporibus</strong></span> <span class='ocrx_word' id='word_1_190' title='bbox 836 2246 958 2283; x_wconf 87' lang='lat' dir='ltr'><strong>vivere</strong></span> <span class='ocrx_word' id='word_1_191' title='bbox 979 2247 1144 2283; x_wconf 80' lang='lat' dir='ltr'><strong>conditis</strong></span> <span class='ocrx_word' id='word_1_192' title='bbox 1158 2247 1177 2282; x_wconf 74' lang='lat'><strong>⁵?</strong></span> 
     </span>
     <span class='ocr_line' id='line_1_32' title="bbox 409 2297 1194 2346; baseline 0.004 -13"><span class='ocrx_word' id='word_1_193' title='bbox 409 2297 505 2333; x_wconf 88' lang='lat' dir='ltr'><strong>Cum</strong></span> <span class='ocrx_word' id='word_1_194' title='bbox 526 2299 662 2346; x_wconf 82' lang='lat' dir='ltr'><strong>conjux</strong></span> <span class='ocrx_word' id='word_1_195' title='bbox 683 2299 800 2335; x_wconf 89' lang='lat' dir='ltr'><strong>oculis</strong></span> <span class='ocrx_word' id='word_1_196' title='bbox 817 2299 1001 2346; x_wconf 86' lang='lat' dir='ltr'><strong>imposuit</strong></span> <span class='ocrx_word' id='word_1_197' title='bbox 1021 2311 1194 2346; x_wconf 85' lang='lat' dir='ltr'><strong>manum,</strong></span> 
     </span>
     <span class='ocr_line' id='line_1_33' title="bbox 409 2351 1125 2398; baseline 0.001 -10"><span class='ocrx_word' id='word_1_198' title='bbox 409 2351 694 2398; x_wconf 85' lang='lat' dir='ltr'><strong>Supremusque</strong></span> <span class='ocrx_word' id='word_1_199' title='bbox 717 2352 796 2388; x_wconf 88' lang='lat' dir='ltr'><strong>dies</strong></span> <span class='ocrx_word' id='word_1_200' title='bbox 815 2352 959 2389; x_wconf 88' lang='lat' dir='ltr'><strong>solibus</strong></span> <span class='ocrx_word' id='word_1_201' title='bbox 980 2353 1125 2389; x_wconf 84' lang='lat' dir='ltr'><strong>obstitit</strong></span> 
     </span>
    </p>

    <p class='ocr_par' dir='ltr' id='par_1_11' title="bbox 407 2402 1083 2449">
     <span class='ocr_line' id='line_1_34' title="bbox 407 2402 1083 2449; baseline 0.006 -11"><span class='ocrx_word' id='word_1_202' title='bbox 407 2403 453 2439; x_wconf 90' lang='lat' dir='ltr'><strong>Et</strong></span> <span class='ocrx_word' id='word_1_203' title='bbox 470 2402 601 2439; x_wconf 89' lang='lat' dir='ltr'><strong>tristes</strong></span> <span class='ocrx_word' id='word_1_204' title='bbox 621 2404 764 2441; x_wconf 90' lang='lat' dir='ltr'><strong>cineres</strong></span> <span class='ocrx_word' id='word_1_205' title='bbox 785 2416 883 2441; x_wconf 85' lang='lat' dir='ltr'><strong>urna</strong></span> <span class='ocrx_word' id='word_1_206' title='bbox 903 2406 1083 2449; x_wconf 88' lang='lat' dir='ltr'><strong>coercuit,</strong></span> 
     </span>
    </p>

    <p class='ocr_par' dir='ltr' id='par_1_12' title="bbox 406 2456 1236 2716">
     <span class='ocr_line' id='line_1_35' title="bbox 406 2456 1194 2503; baseline 0.004 -11"><span class='ocrx_word' id='word_1_207' title='bbox 406 2457 488 2493; x_wconf 90' lang='lat' dir='ltr'><strong>Non</strong></span> <span class='ocrx_word' id='word_1_208' title='bbox 509 2456 666 2503; x_wconf 88' lang='lat' dir='ltr'><strong>prodest</strong></span> <span class='ocrx_word' id='word_1_209' title='bbox 685 2458 858 2494; x_wconf 87' lang='lat' dir='ltr'><strong>animam</strong></span> <span class='ocrx_word' id='word_1_210' title='bbox 881 2459 1035 2495; x_wconf 88' lang='lat' dir='ltr'><strong>tradere</strong></span> <span class='ocrx_word' id='word_1_211' title='bbox 1054 2458 1194 2503; x_wconf 87' lang='lat' dir='ltr'><strong>funeri,</strong></span> 
     </span>
     <span class='ocr_line' id='line_1_36' title="bbox 407 2508 1133 2559; baseline 0.003 -13"><span class='ocrx_word' id='word_1_212' title='bbox 407 2508 481 2546; x_wconf 87' lang='lat' dir='ltr'><strong>Sed</strong></span> <span class='ocrx_word' id='word_1_213' title='bbox 500 2512 622 2546; x_wconf 86' lang='lat' dir='ltr'><strong>restat</strong></span> <span class='ocrx_word' id='word_1_214' title='bbox 641 2510 790 2547; x_wconf 91' lang='lat' dir='ltr'><strong>miseris</strong></span> <span class='ocrx_word' id='word_1_215' title='bbox 810 2512 933 2548; x_wconf 88' lang='lat' dir='ltr'><strong>vivere</strong></span> <span class='ocrx_word' id='word_1_216' title='bbox 954 2512 1133 2559; x_wconf 84' lang='lat' dir='ltr'><strong>longius?</strong></span> 
     </span>
     <span class='ocr_line' id='line_1_37' title="bbox 407 2562 1236 2612; baseline 0.004 -15"><span class='ocrx_word' id='word_1_217' title='bbox 407 2562 466 2598; x_wconf 84' lang='lat' dir='ltr'><strong>An</strong></span> <span class='ocrx_word' id='word_1_218' title='bbox 486 2562 556 2598; x_wconf 89' lang='lat' dir='ltr'><strong>toti</strong></span> <span class='ocrx_word' id='word_1_219' title='bbox 572 2563 775 2609; x_wconf 89' lang='lat' dir='ltr'><strong>morimur,</strong></span> <span class='ocrx_word' id='word_1_220' title='bbox 796 2565 977 2611; x_wconf 87' lang='lat' dir='ltr'><strong>nullaque</strong></span> <span class='ocrx_word' id='word_1_221' title='bbox 998 2576 1087 2612; x_wconf 86' lang='lat' dir='ltr'><strong>pars</strong></span> <span class='ocrx_word' id='word_1_222' title='bbox 1107 2567 1236 2602; x_wconf 88' lang='lat' dir='ltr'><strong>manet</strong></span> 
     </span>
     <span class='ocr_line' id='line_1_38' title="bbox 406 2615 1153 2664; baseline 0.005 -14"><span class='ocrx_word' id='word_1_223' title='bbox 406 2615 544 2661; x_wconf 84' lang='lat' dir='ltr'><strong>Nostri,</strong></span> <span class='ocrx_word' id='word_1_224' title='bbox 565 2626 652 2652; x_wconf 90' lang='lat' dir='ltr'><strong>cum</strong></span> <span class='ocrx_word' id='word_1_225' title='bbox 672 2617 837 2664; x_wconf 84' lang='lat' dir='ltr'><strong>profugo</strong></span> <span class='ocrx_word' id='word_1_226' title='bbox 857 2617 1011 2664; x_wconf 84' lang='lat' dir='ltr'><strong>spiritus</strong></span> <span class='ocrx_word' id='word_1_227' title='bbox 1030 2618 1153 2654; x_wconf 87' lang='lat' dir='ltr'><strong>halitu</strong></span> 
     </span>
     <span class='ocr_line' id='line_1_39' title="bbox 408 2668 1088 2716; baseline 0.006 -13"><span class='ocrx_word' id='word_1_228' title='bbox 408 2668 604 2704; x_wconf 87' lang='lat' dir='ltr'><strong>Immistus</strong></span> <span class='ocrx_word' id='word_1_229' title='bbox 625 2669 773 2706; x_wconf 90' lang='lat' dir='ltr'><strong>nebulis</strong></span> <span class='ocrx_word' id='word_1_230' title='bbox 793 2670 910 2706; x_wconf 88' lang='lat' dir='ltr'><strong>cessit</strong></span> <span class='ocrx_word' id='word_1_231' title='bbox 926 2670 965 2706; x_wconf 94' lang='lat' dir='ltr'><strong>in</strong></span> <span class='ocrx_word' id='word_1_232' title='bbox 985 2682 1088 2716; x_wconf 86' lang='lat' dir='ltr'><strong>aera,</strong></span> 
     </span>
    </p>

    <p class='ocr_par' dir='ltr' id='par_1_13' title="bbox 409 2719 1185 2769">
     <span class='ocr_line' id='line_1_40' title="bbox 409 2719 1185 2769; baseline 0.008 -14"><span class='ocrx_word' id='word_1_233' title='bbox 409 2719 455 2755; x_wconf 89' lang='lat' dir='ltr'><strong>Et</strong></span> <span class='ocrx_word' id='word_1_234' title='bbox 474 2721 621 2757; x_wconf 89' lang='lat' dir='ltr'><strong>nudum</strong></span> <span class='ocrx_word' id='word_1_235' title='bbox 639 2722 763 2769; x_wconf 85' lang='lat' dir='ltr'><strong>tetigit</strong></span> <span class='ocrx_word' id='word_1_236' title='bbox 784 2723 935 2759; x_wconf 85' lang='lat' dir='ltr'><strong>subdita</strong></span> <span class='ocrx_word' id='word_1_237' title='bbox 954 2723 1018 2760; x_wconf 84' lang='lat' dir='ltr'><strong>fax</strong></span> <span class='ocrx_word' id='word_1_238' title='bbox 1036 2724 1135 2760; x_wconf 88' lang='lat' dir='ltr'><strong>latus</strong></span> <span class='ocrx_word' id='word_1_239' title='bbox 1155 2725 1185 2762; x_wconf 92' lang='lat'><strong>¹.</strong></span> 
     </span>
    </p>
   </div>
   <div class='ocr_carea' id='block_1_7' title="bbox 220 2869 1066 2914">
    <p class='ocr_par' dir='ltr' id='par_1_14' title="bbox 220 2869 1066 2914">
     <span class='ocr_line' id='line_1_41' title="bbox 220 2869 1066 2914; baseline 0.006 -13"><span class='ocrx_word' id='word_1_240' title='bbox 220 2870 250 2901; x_wconf 83' lang='lat'><strong>1.</strong></span> <span class='ocrx_word' id='word_1_241' title='bbox 273 2869 410 2910; x_wconf 82' lang='lat' dir='ltr'><strong>Ferraz,</strong></span> <span class='ocrx_word' id='word_1_242' title='bbox 431 2880 466 2912; x_wconf 85' lang='lat' dir='ltr'><strong>p.</strong></span> <span class='ocrx_word' id='word_1_243' title='bbox 486 2872 536 2904; x_wconf 87' lang='grc'><strong>59.</strong></span> <span class='ocrx_word' id='word_1_244' title='bbox 559 2890 599 2896; x_wconf 96' lang='grc'>-</span> <span class='ocrx_word' id='word_1_245' title='bbox 617 2872 753 2913; x_wconf 61' lang='grc' dir='ltr'><strong>Ξειιθο.τ</strong></span> <span class='ocrx_word' id='word_1_246' title='bbox 775 2874 911 2912; x_wconf 86' lang='lat' dir='ltr'><strong>Troad.,</strong></span> <span class='ocrx_word' id='word_1_247' title='bbox 933 2875 973 2914; x_wconf 88' lang='lat' dir='ltr'><strong>V,</strong></span> <span class='ocrx_word' id='word_1_248' title='bbox 994 2875 1066 2907; x_wconf 84' lang='lat'><strong>369.</strong></span> 
     </span>
    </p>
   </div>
  </div>
 </body>
</html>
