1930 3320
746 296 959 337 ...55-

96 391 281 438 duceret,
315 387 509 428 eumdem
543 399 710 426 necesse
743 389 805 426 est
833 386 875 424 in
906 384 1063 425 Manilii
1099 385 1295 424 manibus
1329 385 1470 436 fuisse,
1503 399 1597 426 cum

95 467 250 509 poema
275 453 487 494 conderet.
517 451 643 503 Cujus
669 451 729 490 rei
755 451 953 490 indicium
982 451 1107 490 etiam
1135 463 1186 490 ex
1211 463 1260 490 eo
1286 450 1439 500 editur,
1467 453 1597 504 quod,

99 533 194 561 cum
215 530 360 560 omnes
386 518 440 557 ab
459 517 634 556 Eudoxo
662 516 714 555 ad
742 515 1028 568 Hipparchum
1049 528 1180 567 usque
1201 516 1432 556 astronomi
1453 516 1601 558 Chelas

97 589 263 626 tantum
294 584 405 623 inter
441 581 655 632 Virginem
682 585 723 620 et
751 581 968 632 Scorpium
1001 580 1044 619 in
1074 581 1244 620 zodiaco
1273 581 1494 631 collocent,
1522 582 1600 622 Ge·

97 651 236 690 minus
255 653 394 689 autem
414 651 455 687 et
474 648 607 687 Varro
637 645 804 685 Libram
831 646 954 698 primi
976 646 1191 685 nominent
1224 647 1252 696 ¹,
1273 647 1465 686 Manilius
1484 646 1602 687 nullo

97 714 337 756 discrimine
354 712 504 753 Chelas
522 715 595 751 aut
616 712 800 759 Libram,
819 715 944 762 prout
963 723 1106 750 versus
1126 710 1326 762 postulat,
1347 711 1447 751 dicit
1470 725 1478 751 :
1502 712 1604 752 veri-

97 779 232 820 simile
254 783 394 819 autem
416 781 492 826 est,
514 790 609 816 eum
631 789 656 816 a
675 778 861 817 Varrone
883 776 1018 815 Librae
1038 788 1194 815 nomen
1218 776 1439 828 accepisse.

153 845 404 895 Quanquam
426 855 513 883 non
534 842 678 882 omnia
696 842 875 881 Varroni
892 840 1159 880 concedenda
1180 853 1268 880 esse
1290 840 1486 890 arbitror,
1507 845 1602 882 tan-

99 923 228 963 quam
255 921 350 948 eum
379 911 594 948 auctorem
624 919 753 946 unum
783 909 926 945 noster
947 905 1156 944 habuerit.
1182 905 1279 952 Quis
1305 906 1415 944 enim
1445 907 1601 955 credat,

100 974 343 1025 Asiaticum,
363 977 408 1012 ut
428 973 605 1021 videtur,
626 971 858 1019 hominem,
881 971 1014 1010 Graiis
1031 970 1179 1009 litteris
1201 970 1426 1019 eruditum,
1450 972 1604 1023 quique

102 1053 127 1079 a
144 1039 275 1079 Graiis
296 1038 566 1089 astrologiam
592 1049 759 1076 omnem
783 1036 835 1074 sit
862 1039 1091 1082 mutuatus,
1114 1035 1226 1074 Graii
1251 1035 1378 1074 etiam
1402 1031 1606 1076 sermonis

102 1104 278 1143 fortasse
317 1102 557 1155 peritiorem
596 1113 723 1153 quam
764 1100 961 1151 Romani,
1002 1099 1222 1139 Graiorum
1265 1104 1606 1141 astronomorum

103 1181 232 1222 opera
256 1169 299 1207 in
326 1167 545 1207 scribendo
566 1165 798 1217 neglexisse
818 1178 866 1205 ac
894 1178 944 1204 ne
973 1165 1188 1217 adspicere
1210 1165 1376 1216 quidem
1399 1166 1607 1206 voluisse?

101 1235 248 1286 Itaque
277 1237 318 1273 et
342 1232 508 1272 Eudoxi
536 1235 578 1271 61
606 1230 836 1283 Hipparchi
870 1231 1041 1282 scripta,
1070 1230 1231 1270 Gemini
1257 1230 1382 1269 etiam
1411 1231 1464 1270 ad
1489 1232 1606 1283 vulgi

99 1312 223 1339 11511111
249 1298 570 1339 accommodata
596 1296 844 1347 facilemque
871 1295 1105 1347 praebentia
1131 1295 1326 1334 omnibus
1353 1294 1602 1343 doctrinam,

99 1364 322 1404 verisimile
350 1367 412 1402 est
442 1375 466 1401 a
492 1361 660 1400 Manilio
687 1365 853 1400 versata
881 1372 928 1399 ac
958 1364 1139 1400 tractata
1165 1360 1302 1404 fuisse,
1335 1366 1375 1402 et
1403 1362 1447 1400 in
1475 1361 1606 1414 ipsius

101 1441 223 1481 opus,
251 1431 456 1480 quantum
488 1426 645 1474 liceret,
674 1425 832 1464 inserta
858 1429 984 1476 atque
1013 1425 1236 1465 inculcata.
1267 1426 1389 1465 Illum
1420 1439 1519 1466 sane
1552 1426 1606 1466 ab

101 1494 151 1533 iis
173 1492 438 1537 abstinuisse,
464 1491 628 1530 nullum
656 1490 756 1530 satis
785 1494 946 1529 certum
974 1495 1270 1541 argumentum
1298 1491 1492 1541 proditur
1521 1502 1530 1531 ε
1556 1491 1606 1530 115

101 1562 241 1598 61116111
260 1570 380 1597 11511111
407 1556 544 1607 fuisse,
575 1555 743 1595 obvium
768 1559 843 1595 651.
867 1555 967 1593 Cum
989 1555 1098 1594 enim
1121 1555 1255 1595 multa
1278 1556 1490 1607 scripserit
1511 1568 1606 1608 quae

101 1623 215 1663 Graii
239 1621 470 1662 astronomi
500 1621 719 1671 senserint,
749 1620 849 1672 quid
878 1624 939 1659 est
966 1633 1039 1659 cur
1065 1633 1115 1659 ea
1142 1633 1167 1659 a
1192 1622 1380 1661 Varrone
1407 1621 1608 1660 traxerit?

100 1700 176 1728 eur
199 1699 286 1726 non
312 1686 365 1726 ab
391 1685 520 1738 ipsis?
548 1697 622 1724 cur
649 1685 775 1723 etiam
803 1696 888 1723 non
917 1683 969 1722 ab
996 1685 1233 1735 astrologis,
1262 1686 1413 1737 quibus
1440 1675 1607 1725 necesse

100 1755 192 1793 erat
210 1755 548 1791 astronomorum
576 1750 755 1801 repertis
774 1749 943 1788 inventa
963 1761 1039 1787 sua
1059 1749 1205 1788 fulcire
1225 1754 1266 1789 et
1286 1751 1484 1789 firmare?

153 1816 326 1868 Legenti
349 1827 449 1855 vero
478 1814 802 1854 Astronomicon
823 1826 995 1853 carmen
1021 1814 1125 1853 illud
1152 1815 1348 1862 occurrit,
1370 1814 1602 1862 Manilium,

101 1885 148 1922 ut
168 1881 212 1921 in
232 1879 500 1933 philosophia
518 1879 623 1918 nulli
641 1883 764 1918 sectae
785 1878 975 1918 addictus
995 1879 1346 1931 fuit,diversaque
1364 1879 1413 1919 de
1436 1879 1608 1919 diversis

101 1944 379 1998 philosophia,
407 1948 534 1996 prout
564 1948 729 1995 tempus
758 1947 799 1982 et
832 1955 896 1982 res
935 1943 1194 1995 postulabat,
1222 1944 1432 1993 trahebat,
1466 1944 1526 1984 ita
1563 1944 1607 1983 in

102 2009 362 2050 astronomia
396 2008 529 2048 multa
566 2007 768 2047 evolvisse
801 2007 1031 2046 multorum
1058 2020 1201 2060 opera,
1237 2008 1403 2061 aliaque
1436 2008 1489 2048 ab
1516 2008 1607 2048 aliis

103 2074 338 2121 deduxisse,
362 2077 545 2113 ceterum
564 2084 713 2124 parum
737 2071 962 2119 curavisse,
985 2084 1034 2111 66
1053 2072 1196 2111 01111116
1217 2071 1326 2112 inter
1346 2086 1387 2112 se
1411 2073 1607 2113 conveni-

103 2143 211 2186 rent,
234 2151 286 2178 an
313 2140 612 2189 repugnarent.
641 2138 746 2175 Nam
777 2140 817 2175 et
841 2136 1003 2175 Eudoxi
1030 2136 1369 2176 dodecatemoria
1395 2137 1604 2185 observat,

102 2207 145 2244 61
169 2203 235 2242 1115
259 2202 462 2242 admiscet
489 2214 594 2252 quas
622 2201 765 2240 circuli
794 2204 1000 2240 trecentas
1030 2213 1078 2240 ac
1105 2201 1321 2251 sexaginta
1343 2205 1484 2253 partes
1508 2201 1608 2253 Hip-

101 2267 284 2321 parchus
309 2266 351 2306 in
379 2266 525 2306 mundi
551 2265 830 2318 descriptione
858 2269 1073 2318 receperat
1099 2265 1138 2313 2;
1168 2265 1348 2318 aliaque,
1377 2269 1417 2305 et
1446 2278 1495 2306 ea
1514 2265 1608 2317 plu-

102 2332 224 2382 rima,
246 2332 299 2372 ab
331 2331 519 2382 Eudoxo,
543 2330 626 2370 alia
657 2331 709 2370 ab
737 2330 993 2382 Hipparcho,
1018 2330 1212 2382 quaedam
1243 2330 1367 2370 etiam
1389 2343 1414 2369 a
1435 2330 1606 2370 Gemino

102 2397 253 2438 ducere
269 2396 448 2437 videtur.
479 2397 620 2448 Neque
647 2395 802 2434 infitias
827 2395 913 2443 ibo,
939 2407 1035 2434 eum
1063 2395 1206 2434 multis
1233 2395 1335 2435 locis
1359 2394 1538 2435 Varroni
1564 2406 1606 2433 se

101 2461 366 2514 applicuisse.

155 2527 203 2566 In
222 2526 374 2578 quibus
388 2525 662 2578 explicandis,
686 2525 790 2564 mihi
806 2525 917 2564 visus
934 2528 1010 2575 est,
1031 2525 1107 2564 etsi
1126 2524 1257 2564 multa
1277 2524 1327 2564 de
1349 2524 1607 2564 astronomia

103 2590 220 2642 legit,
249 2603 384 2642 pauca
410 2590 676 2630 intellexisse.
710 2591 852 2642 Neque
882 2590 925 2629 in
957 2589 1036 2629 hac
1069 2593 1158 2629 arte
1188 2593 1323 2630 certus
1353 2593 1500 2629 auctor
1528 2593 1603 2638 est,

105 2666 200 2695 cum
232 2667 344 2706 saepe
377 2654 634 2706 ignorantia,
666 2667 823 2704 errore,
858 2655 1070 2707 conceptis
1104 2667 1326 2707 perperam
1360 2654 1498 2701 rebus,
1534 2657 1606 2693 aut

147 2778 177 2810 1.
200 2778 389 2819 Leti-enne,
410 2780 560 2813 Journal
577 2782 637 2814 des
655 2785 810 2820 savants,
831 2784 924 2822 1839,
943 2793 978 2825 p.
999 2784 1070 2815 533.

146 2825 178 2857 2.
195 2825 386 2865 Leti-ome,
401 2827 550 2860 Journal
566 2827 625 2860 des
637 2831 791 2866 savants,
812 2831 904 2870 ΗΠ,
920 2839 952 2870 p.
975 2831 1054 2869 7453
1073 2828 1169 2866 ibid„
1188 2829 1318 2861 sevrier
1335 2828 1427 2866 1841,
1449 2835 1488 2866 p,
1499 2825 1550 2856 69.
1566 2840 1606 2846 —-

103 2871 212 2912 Man„
232 2871 388 2910 Astron„
410 2873 456 2914 Il,
477 2874 536 2906 630
558 2884 656 2917 sqq.;
678 2875 704 2917 1,
726 2877 803 2916 6813
824 2877 866 2917 ΙΙ,
889 2878 961 2909 307.
