<?xml version="1.0" encoding="UTF-8"?>
<!DOCTYPE html PUBLIC "-//W3C//DTD XHTML 1.0 Transitional//EN"
    "http://www.w3.org/TR/xhtml1/DTD/xhtml1-transitional.dtd">
<html xmlns="http://www.w3.org/1999/xhtml" xml:lang="en" lang="en">
 <head>
  <title>
</title>
<meta http-equiv="Content-Type" content="text/html;charset=utf-8" />
  <meta name='ocr-system' content='tesseract 3.04.00' />
  <meta name='ocr-capabilities' content='ocr_page ocr_carea ocr_par ocr_line ocrx_word'/>
</head>
<body>
  <div class='ocr_page' id='page_1' title='image "./lucubrationesman00thomuoft_0121.png"; bbox 0 0 1936 3392; ppageno 0'>
   <div class='ocr_carea' id='block_1_1' title="bbox 858 299 915 341">
    <p class='ocr_par' dir='ltr' id='par_1_1' title="bbox 858 299 915 341">
     <span class='ocr_line' id='line_1_1' title="bbox 858 299 915 341; baseline 0 0"><span class='ocrx_word' id='word_1_1' title='bbox 858 299 915 341; x_wconf 76' lang='lat'><strong>47</strong></span> 
     </span>
    </p>
   </div>
   <div class='ocr_carea' id='block_1_2' title="bbox 169 443 1607 2465">
    <p class='ocr_par' dir='ltr' id='par_1_2' title="bbox 183 443 1603 736">
     <span class='ocr_line' id='line_1_2' title="bbox 184 443 1602 502; baseline -0.002 -14"><span class='ocrx_word' id='word_1_2' title='bbox 184 449 393 502; x_wconf 82' lang='lat' dir='ltr'><strong>signorum</strong></span> <span class='ocrx_word' id='word_1_3' title='bbox 437 443 578 486; x_wconf 87' lang='lat' dir='ltr'><strong>tutelis</strong></span> <span class='ocrx_word' id='word_1_4' title='bbox 620 445 705 486; x_wconf 92' lang='lat' dir='ltr'><strong>sint</strong></span> <span class='ocrx_word' id='word_1_5' title='bbox 737 444 872 486; x_wconf 86' lang='lat' dir='ltr'><strong>variae</strong></span> <span class='ocrx_word' id='word_1_6' title='bbox 905 443 1012 486; x_wconf 88' lang='lat' dir='ltr'><strong>orbis</strong></span> <span class='ocrx_word' id='word_1_7' title='bbox 1054 447 1252 486; x_wconf 88' lang='lat' dir='ltr'><strong>terrarum</strong></span> <span class='ocrx_word' id='word_1_8' title='bbox 1287 447 1422 498; x_wconf 85' lang='lat' dir='ltr'><strong>partes</strong></span> <span class='ocrx_word' id='word_1_9' title='bbox 1456 443 1602 485; x_wconf 87' lang='lat' dir='ltr'><strong>descri-</strong></span> 
     </span>
     <span class='ocr_line' id='line_1_3' title="bbox 184 520 1599 577; baseline -0.001 -13"><span class='ocrx_word' id='word_1_10' title='bbox 184 522 310 565; x_wconf 83' lang='lat' dir='ltr'><strong>bitur.</strong></span> <span class='ocrx_word' id='word_1_11' title='bbox 341 522 365 577; x_wconf 86' lang='lat'><strong>¹)</strong></span> <span class='ocrx_word' id='word_1_12' title='bbox 424 521 632 563; x_wconf 88' lang='lat' dir='ltr'><strong>Postremo</strong></span> <span class='ocrx_word' id='word_1_13' title='bbox 656 521 942 577; x_wconf 90' lang='lat' dir='ltr'><strong>eclipticorum</strong></span> <span class='ocrx_word' id='word_1_14' title='bbox 964 521 1178 577; x_wconf 86' lang='lat' dir='ltr'><strong>signorum</strong></span> <span class='ocrx_word' id='word_1_15' title='bbox 1202 521 1455 562; x_wconf 80' lang='lat' dir='ltr'><strong>mentionem</strong></span> <span class='ocrx_word' id='word_1_16' title='bbox 1478 520 1599 571; x_wconf 88' lang='lat' dir='ltr'><strong>facit,</strong></span> 
     </span>
     <span class='ocr_line' id='line_1_4' title="bbox 183 597 1603 656; baseline -0.002 -14"><span class='ocrx_word' id='word_1_17' title='bbox 183 615 287 656; x_wconf 87' lang='lat' dir='ltr'><strong>quae</strong></span> <span class='ocrx_word' id='word_1_18' title='bbox 335 600 411 642; x_wconf 91' lang='lat' dir='ltr'><strong>hoc</strong></span> <span class='ocrx_word' id='word_1_19' title='bbox 445 599 610 641; x_wconf 88' lang='lat' dir='ltr'><strong>nomine</strong></span> <span class='ocrx_word' id='word_1_20' title='bbox 645 599 870 651; x_wconf 89' lang='lat' dir='ltr'><strong>dicuntur,</strong></span> <span class='ocrx_word' id='word_1_21' title='bbox 907 599 1050 654; x_wconf 85' lang='lat' dir='ltr'><strong>„quod</strong></span> <span class='ocrx_word' id='word_1_22' title='bbox 1083 602 1215 640; x_wconf 86' lang='lat' dir='ltr'><strong>certos</strong></span> <span class='ocrx_word' id='word_1_23' title='bbox 1249 598 1365 652; x_wconf 87' lang='lat' dir='ltr'>quasi</span> <span class='ocrx_word' id='word_1_24' title='bbox 1401 597 1603 640; x_wconf 83' lang='lat' dir='ltr'><strong>delassata</strong></span> 
     </span>
     <span class='ocr_line' id='line_1_5' title="bbox 183 677 1603 736; baseline -0.001 -15"><span class='ocrx_word' id='word_1_25' title='bbox 183 694 256 736; x_wconf 90' lang='lat' dir='ltr'><strong>per</strong></span> <span class='ocrx_word' id='word_1_26' title='bbox 298 694 424 721; x_wconf 88' lang='lat' dir='ltr'><strong>annos</strong></span> <span class='ocrx_word' id='word_1_27' title='bbox 456 693 755 734; x_wconf 82' lang='lat' dir='ltr'><strong>nonnunquam</strong></span> <span class='ocrx_word' id='word_1_28' title='bbox 788 683 963 726; x_wconf 56' lang='lat' dir='ltr'><strong>cessant.</strong></span> <span class='ocrx_word' id='word_1_29' title='bbox 982 678 1111 721; x_wconf 88' lang='lat' dir='ltr'><strong>sterili</strong></span> <span class='ocrx_word' id='word_1_30' title='bbox 1147 678 1356 735; x_wconf 77' lang='lat' dir='ltr'><strong>torpentia</strong></span> <span class='ocrx_word' id='word_1_31' title='bbox 1388 678 1548 719; x_wconf 83' lang='lat' dir='ltr'><strong>motu.”</strong></span> <span class='ocrx_word' id='word_1_32' title='bbox 1570 677 1603 733; x_wconf 85' lang='lat'><strong>²)</strong></span> 
     </span>
    </p>

    <p class='ocr_par' dir='ltr' id='par_1_3' title="bbox 169 755 1607 1362">
     <span class='ocr_line' id='line_1_6' title="bbox 245 755 1601 814; baseline -0.002 -15"><span class='ocrx_word' id='word_1_33' title='bbox 245 756 296 799; x_wconf 89' lang='lat' dir='ltr'><strong>In</strong></span> <span class='ocrx_word' id='word_1_34' title='bbox 329 757 491 813; x_wconf 87' lang='lat' dir='ltr'><strong>epilogo</strong></span> <span class='ocrx_word' id='word_1_35' title='bbox 525 757 648 799; x_wconf 86' lang='lat' dir='ltr'><strong>huius</strong></span> <span class='ocrx_word' id='word_1_36' title='bbox 683 756 776 798; x_wconf 84' lang='lat' dir='ltr'>libri</span> <span class='ocrx_word' id='word_1_37' title='bbox 810 771 951 799; x_wconf 90' lang='lat' dir='ltr'><strong>eorum</strong></span> <span class='ocrx_word' id='word_1_38' title='bbox 983 760 1106 814; x_wconf 89' lang='lat' dir='ltr'><strong>poeta</strong></span> <span class='ocrx_word' id='word_1_39' title='bbox 1138 756 1386 798; x_wconf 81' lang='lat' dir='ltr'><strong>sententiam</strong></span> <span class='ocrx_word' id='word_1_40' title='bbox 1420 755 1601 807; x_wconf 84' lang='lat' dir='ltr'><strong>refellit,</strong></span> 
     </span>
     <span class='ocr_line' id='line_1_7' title="bbox 184 834 1601 892; baseline -0.001 -14"><span class='ocrx_word' id='word_1_41' title='bbox 184 837 257 892; x_wconf 88' lang='lat' dir='ltr'><strong>qui</strong></span> <span class='ocrx_word' id='word_1_42' title='bbox 292 841 404 879; x_wconf 81' lang='lat' dir='ltr'><strong>vasto</strong></span> <span class='ocrx_word' id='word_1_43' title='bbox 436 840 624 879; x_wconf 85' lang='lat' dir='ltr'><strong>naturam</strong></span> <span class='ocrx_word' id='word_1_44' title='bbox 658 851 819 878; x_wconf 89' lang='lat' dir='ltr'><strong>recessu</strong></span> <span class='ocrx_word' id='word_1_45' title='bbox 842 836 964 878; x_wconf 89' lang='lat' dir='ltr'><strong>condi</strong></span> <span class='ocrx_word' id='word_1_46' title='bbox 986 836 1136 878; x_wconf 88' lang='lat' dir='ltr'><strong>docent</strong></span> <span class='ocrx_word' id='word_1_47' title='bbox 1162 835 1438 892; x_wconf 85' lang='lat' dir='ltr'><strong>mortalesque</strong></span> <span class='ocrx_word' id='word_1_48' title='bbox 1460 834 1601 892; x_wconf 88' lang='lat' dir='ltr'><strong>fugere</strong></span> 
     </span>
     <span class='ocr_line' id='line_1_8' title="bbox 186 912 1601 970; baseline -0.001 -14"><span class='ocrx_word' id='word_1_49' title='bbox 186 915 294 956; x_wconf 85' lang='lat' dir='ltr'><strong>visus</strong></span> <span class='ocrx_word' id='word_1_50' title='bbox 327 918 368 955; x_wconf 91' lang='lat' dir='ltr'><strong>et</strong></span> <span class='ocrx_word' id='word_1_51' title='bbox 402 918 564 970; x_wconf 88' lang='lat' dir='ltr'><strong>pectora</strong></span> <span class='ocrx_word' id='word_1_52' title='bbox 596 918 748 956; x_wconf 88' lang='lat' dir='ltr'><strong>nostra.</strong></span> <span class='ocrx_word' id='word_1_53' title='bbox 806 913 863 956; x_wconf 84' lang='lat' dir='ltr'><strong>Iis</strong></span> <span class='ocrx_word' id='word_1_54' title='bbox 895 914 995 956; x_wconf 90' lang='lat' dir='ltr'><strong>haec</strong></span> <span class='ocrx_word' id='word_1_55' title='bbox 1028 912 1246 970; x_wconf 86' lang='lat' dir='ltr'><strong>opposuit:</strong></span> <span class='ocrx_word' id='word_1_56' title='bbox 1282 912 1416 969; x_wconf 84' lang='lat' dir='ltr'><strong>„quid</strong></span> <span class='ocrx_word' id='word_1_57' title='bbox 1451 913 1601 955; x_wconf 90' lang='lat' dir='ltr'><strong>mirum</strong></span> 
     </span>
     <span class='ocr_line' id='line_1_9' title="bbox 185 993 1600 1050; baseline -0.001 -14"><span class='ocrx_word' id='word_1_58' title='bbox 185 1008 348 1036; x_wconf 86' lang='lat' dir='ltr'><strong>noscere</strong></span> <span class='ocrx_word' id='word_1_59' title='bbox 382 994 585 1036; x_wconf 90' lang='lat' dir='ltr'><strong>mundum</strong></span> <span class='ocrx_word' id='word_1_60' title='bbox 609 995 643 1036; x_wconf 88' lang='lat' dir='ltr'><strong>si</strong></span> <span class='ocrx_word' id='word_1_61' title='bbox 668 1001 840 1050; x_wconf 82' lang='lat' dir='ltr'><strong>possunt</strong></span> <span class='ocrx_word' id='word_1_62' title='bbox 860 993 1071 1046; x_wconf 89' lang='lat' dir='ltr'><strong>homines,</strong></span> <span class='ocrx_word' id='word_1_63' title='bbox 1096 993 1246 1049; x_wconf 91' lang='lat' dir='ltr'><strong>quibus</strong></span> <span class='ocrx_word' id='word_1_64' title='bbox 1270 997 1331 1035; x_wconf 89' lang='lat' dir='ltr'><strong>est</strong></span> <span class='ocrx_word' id='word_1_65' title='bbox 1355 998 1396 1035; x_wconf 90' lang='lat' dir='ltr'><strong>et</strong></span> <span class='ocrx_word' id='word_1_66' title='bbox 1419 993 1600 1036; x_wconf 89' lang='lat' dir='ltr'><strong>mundus</strong></span> 
     </span>
     <span class='ocr_line' id='line_1_10' title="bbox 187 1070 1607 1128; baseline -0.001 -14"><span class='ocrx_word' id='word_1_67' title='bbox 187 1073 234 1114; x_wconf 89' lang='lat' dir='ltr'><strong>in</strong></span> <span class='ocrx_word' id='word_1_68' title='bbox 269 1071 385 1128; x_wconf 87' lang='lat' dir='ltr'><strong>ipsis,</strong></span> <span class='ocrx_word' id='word_1_69' title='bbox 420 1071 739 1128; x_wconf 84' lang='lat' dir='ltr'><strong>exemplumque</strong></span> <span class='ocrx_word' id='word_1_70' title='bbox 772 1071 840 1114; x_wconf 87' lang='lat' dir='ltr'><strong>dei</strong></span> <span class='ocrx_word' id='word_1_71' title='bbox 871 1072 1046 1128; x_wconf 88' lang='lat' dir='ltr'><strong>quisque</strong></span> <span class='ocrx_word' id='word_1_72' title='bbox 1069 1075 1131 1114; x_wconf 89' lang='lat' dir='ltr'><strong>est</strong></span> <span class='ocrx_word' id='word_1_73' title='bbox 1153 1072 1197 1114; x_wconf 91' lang='lat' dir='ltr'><strong>in</strong></span> <span class='ocrx_word' id='word_1_74' title='bbox 1219 1071 1401 1127; x_wconf 85' lang='lat' dir='ltr'><strong>imagine</strong></span> <span class='ocrx_word' id='word_1_75' title='bbox 1429 1087 1553 1128; x_wconf 87' lang='lat' dir='ltr'><strong>parva</strong></span> <span class='ocrx_word' id='word_1_76' title='bbox 1564 1070 1607 1113; x_wconf 76' lang='lat'><strong>?&#39;&#39;</strong></span> 
     </span>
     <span class='ocr_line' id='line_1_11' title="bbox 187 1149 1606 1207; baseline 0 -15"><span class='ocrx_word' id='word_1_77' title='bbox 187 1150 304 1192; x_wconf 86' lang='lat' dir='ltr'><strong>Hanc</strong></span> <span class='ocrx_word' id='word_1_78' title='bbox 337 1150 388 1192; x_wconf 83' lang='lat' dir='ltr'><strong>ob</strong></span> <span class='ocrx_word' id='word_1_79' title='bbox 421 1165 529 1192; x_wconf 86' lang='lat' dir='ltr'><strong>rem:</strong></span> <span class='ocrx_word' id='word_1_80' title='bbox 596 1149 716 1202; x_wconf 86' lang='lat' dir='ltr'><strong>„Iam</strong></span> <span class='ocrx_word' id='word_1_81' title='bbox 764 1165 970 1205; x_wconf 85' lang='lat' dir='ltr'><strong>nusquam</strong></span> <span class='ocrx_word' id='word_1_82' title='bbox 1004 1154 1154 1192; x_wconf 90' lang='lat' dir='ltr'><strong>natura</strong></span> <span class='ocrx_word' id='word_1_83' title='bbox 1186 1149 1288 1192; x_wconf 86' lang='lat' dir='ltr'><strong>latet</strong></span> <span class='ocrx_word' id='word_1_84' title='bbox 1304 1167 1315 1201; x_wconf 70' lang='grc' dir='ltr'><strong><em>ς</em></strong></span> <span class='ocrx_word' id='word_1_85' title='bbox 1353 1150 1606 1207; x_wconf 87' lang='lat' dir='ltr'><strong>pervidimus</strong></span> 
     </span>
     <span class='ocr_line' id='line_1_12' title="bbox 185 1227 1602 1285; baseline 0 -15"><span class='ocrx_word' id='word_1_86' title='bbox 185 1242 370 1279; x_wconf 89' lang='lat' dir='ltr'><strong>omnem,</strong></span> <span class='ocrx_word' id='word_1_87' title='bbox 405 1232 446 1269; x_wconf 89' lang='lat' dir='ltr'><strong>et</strong></span> <span class='ocrx_word' id='word_1_88' title='bbox 494 1233 615 1285; x_wconf 89' lang='lat' dir='ltr'><strong>capto</strong></span> <span class='ocrx_word' id='word_1_89' title='bbox 649 1229 832 1283; x_wconf 83' lang='lat' dir='ltr'><strong>potimur</strong></span> <span class='ocrx_word' id='word_1_90' title='bbox 863 1227 1043 1280; x_wconf 87' lang='lat' dir='ltr'><strong>mundo,</strong></span> <span class='ocrx_word' id='word_1_91' title='bbox 1088 1232 1356 1284; x_wconf 87' lang='lat' dir='ltr'><strong>nostrumque</strong></span> <span class='ocrx_word' id='word_1_92' title='bbox 1390 1232 1602 1285; x_wconf 87' lang='lat' dir='ltr'><strong>parentem</strong></span> 
     </span>
     <span class='ocr_line' id='line_1_13' title="bbox 169 1305 1477 1362; baseline 0.001 -15"><span class='ocrx_word' id='word_1_93' title='bbox 169 1320 278 1362; x_wconf 47' lang='lat' dir='ltr'><strong>‘pars</strong></span> <span class='ocrx_word' id='word_1_94' title='bbox 311 1320 385 1347; x_wconf 92' lang='lat' dir='ltr'><strong>sua</strong></span> <span class='ocrx_word' id='word_1_95' title='bbox 418 1305 714 1362; x_wconf 89' lang='lat' dir='ltr'><strong>perspicimus,</strong></span> <span class='ocrx_word' id='word_1_96' title='bbox 747 1307 963 1362; x_wconf 86' lang='lat' dir='ltr'><strong>genitique</strong></span> <span class='ocrx_word' id='word_1_97' title='bbox 997 1307 1229 1348; x_wconf 87' lang='lat' dir='ltr'><strong>accedimus</strong></span> <span class='ocrx_word' id='word_1_98' title='bbox 1263 1306 1424 1348; x_wconf 89' lang='lat' dir='ltr'><strong>astris.&#39;’</strong></span> <span class='ocrx_word' id='word_1_99' title='bbox 1447 1306 1477 1362; x_wconf 80' lang='lat'><strong>³)</strong></span> 
     </span>
    </p>

    <p class='ocr_par' dir='ltr' id='par_1_4' title="bbox 187 1382 1607 1912">
     <span class='ocr_line' id='line_1_14' title="bbox 249 1382 1607 1441; baseline 0 -15"><span class='ocrx_word' id='word_1_100' title='bbox 249 1382 374 1426; x_wconf 91' lang='lat' dir='ltr'><strong>Liber</strong></span> <span class='ocrx_word' id='word_1_101' title='bbox 406 1385 579 1439; x_wconf 87' lang='lat' dir='ltr'><strong>quintus</strong></span> <span class='ocrx_word' id='word_1_102' title='bbox 612 1399 636 1426; x_wconf 91' lang='lat' dir='ltr'><strong>a</strong></span> <span class='ocrx_word' id='word_1_103' title='bbox 656 1385 814 1426; x_wconf 86' lang='lat' dir='ltr'><strong>ratione</strong></span> <span class='ocrx_word' id='word_1_104' title='bbox 837 1385 1022 1441; x_wconf 90' lang='lat' dir='ltr'><strong>priorum</strong></span> <span class='ocrx_word' id='word_1_105' title='bbox 1045 1384 1231 1426; x_wconf 86' lang='lat' dir='ltr'><strong>diversus</strong></span> <span class='ocrx_word' id='word_1_106' title='bbox 1264 1388 1327 1426; x_wconf 92' lang='lat' dir='ltr'><strong>est</strong></span> <span class='ocrx_word' id='word_1_107' title='bbox 1348 1417 1359 1436; x_wconf 92' lang='lat'>‚</span> <span class='ocrx_word' id='word_1_108' title='bbox 1386 1384 1495 1440; x_wconf 88' lang='lat' dir='ltr'><strong>quod</strong></span> <span class='ocrx_word' id='word_1_109' title='bbox 1519 1385 1607 1441; x_wconf 91' lang='lat' dir='ltr'><strong>ipse</strong></span> 
     </span>
     <span class='ocr_line' id='line_1_15' title="bbox 187 1462 1606 1519; baseline 0.001 -16"><span class='ocrx_word' id='word_1_110' title='bbox 187 1465 310 1517; x_wconf 88' lang='lat' dir='ltr'><strong>poeta</strong></span> <span class='ocrx_word' id='word_1_111' title='bbox 340 1465 542 1504; x_wconf 85' lang='lat' dir='ltr'><strong>testatur:</strong></span> <span class='ocrx_word' id='word_1_112' title='bbox 579 1462 675 1512; x_wconf 84' lang='lat' dir='ltr'><strong>„hic</strong></span> <span class='ocrx_word' id='word_1_113' title='bbox 709 1462 838 1514; x_wconf 88' lang='lat' dir='ltr'><strong>alius,</strong></span> <span class='ocrx_word' id='word_1_114' title='bbox 874 1463 1034 1517; x_wconf 91' lang='lat' dir='ltr'><strong>inquit,</strong></span> <span class='ocrx_word' id='word_1_115' title='bbox 1071 1463 1229 1505; x_wconf 88' lang='lat' dir='ltr'><strong>finisset</strong></span> <span class='ocrx_word' id='word_1_116' title='bbox 1252 1463 1358 1514; x_wconf 89' lang='lat' dir='ltr'><strong>iter,</strong></span> <span class='ocrx_word' id='word_1_117' title='bbox 1393 1463 1606 1519; x_wconf 84' lang='lat' dir='ltr'><strong>signisque</strong></span> 
     </span>
     <span class='ocr_line' id='line_1_16' title="bbox 187 1540 1606 1597; baseline 0.001 -15"><span class='ocrx_word' id='word_1_118' title='bbox 187 1540 352 1593; x_wconf 84' lang='lat' dir='ltr'><strong>relatis,</strong></span> <span class='ocrx_word' id='word_1_119' title='bbox 402 1541 494 1596; x_wconf 89' lang='lat' dir='ltr'><strong>quis</strong></span> <span class='ocrx_word' id='word_1_120' title='bbox 544 1541 711 1583; x_wconf 87' lang='lat' dir='ltr'><strong>adversa</strong></span> <span class='ocrx_word' id='word_1_121' title='bbox 760 1545 899 1584; x_wconf 89' lang='lat' dir='ltr'><strong>meant</strong></span> <span class='ocrx_word' id='word_1_122' title='bbox 937 1541 1150 1584; x_wconf 84' lang='lat' dir='ltr'><strong>stellarum</strong></span> <span class='ocrx_word' id='word_1_123' title='bbox 1186 1542 1358 1584; x_wconf 89' lang='lat' dir='ltr'><strong>numina</strong></span> <span class='ocrx_word' id='word_1_124' title='bbox 1391 1543 1576 1597; x_wconf 86' lang='lat' dir='ltr'><strong>quinque</strong></span> <span class='ocrx_word' id='word_1_125' title='bbox 1593 1574 1606 1593; x_wconf 93' lang='lat'><em>‚</em></span> 
     </span>
     <span class='ocr_line' id='line_1_17' title="bbox 189 1618 1606 1677; baseline -0.001 -15"><span class='ocrx_word' id='word_1_126' title='bbox 189 1618 448 1675; x_wconf 87' lang='lat' dir='ltr'><strong>quadriiugis</strong></span> <span class='ocrx_word' id='word_1_127' title='bbox 496 1624 538 1662; x_wconf 89' lang='lat' dir='ltr'><strong>et</strong></span> <span class='ocrx_word' id='word_1_128' title='bbox 586 1619 775 1663; x_wconf 89' lang='lat' dir='ltr'><strong>Phoebus</strong></span> <span class='ocrx_word' id='word_1_129' title='bbox 823 1621 940 1676; x_wconf 92' lang='lat' dir='ltr'><strong>equis</strong></span> <span class='ocrx_word' id='word_1_130' title='bbox 974 1625 1016 1663; x_wconf 90' lang='lat' dir='ltr'><strong>et</strong></span> <span class='ocrx_word' id='word_1_131' title='bbox 1049 1620 1171 1663; x_wconf 89' lang='lat' dir='ltr'><strong>Delia</strong></span> <span class='ocrx_word' id='word_1_132' title='bbox 1204 1620 1336 1677; x_wconf 89' lang='lat' dir='ltr'><strong>bigis,</strong></span> <span class='ocrx_word' id='word_1_133' title='bbox 1379 1636 1461 1663; x_wconf 90' lang='lat' dir='ltr'><strong>non</strong></span> <span class='ocrx_word' id='word_1_134' title='bbox 1495 1620 1606 1663; x_wconf 89' lang='lat' dir='ltr'><strong>ultra</strong></span> 
     </span>
     <span class='ocr_line' id='line_1_18' title="bbox 187 1697 1606 1756; baseline 0.001 -17"><span class='ocrx_word' id='word_1_135' title='bbox 187 1698 402 1740; x_wconf 82' lang='lat' dir='ltr'><strong>struxisset</strong></span> <span class='ocrx_word' id='word_1_136' title='bbox 449 1713 551 1754; x_wconf 90' lang='lat' dir='ltr'><strong>opus</strong></span> <span class='ocrx_word' id='word_1_137' title='bbox 600 1698 794 1754; x_wconf 90' lang='lat' dir='ltr'><strong>caeloque</strong></span> <span class='ocrx_word' id='word_1_138' title='bbox 842 1697 1039 1741; x_wconf 88' lang='lat' dir='ltr'><strong>rediret.’&#39;</strong></span> <span class='ocrx_word' id='word_1_139' title='bbox 1104 1702 1159 1740; x_wconf 89' lang='lat' dir='ltr'><strong>At</strong></span> <span class='ocrx_word' id='word_1_140' title='bbox 1207 1704 1354 1756; x_wconf 87' lang='lat' dir='ltr'><strong>poetae</strong></span> <span class='ocrx_word' id='word_1_141' title='bbox 1396 1700 1606 1755; x_wconf 88' lang='lat' dir='ltr'><strong>signorum</strong></span> 
     </span>
     <span class='ocr_line' id='line_1_19' title="bbox 187 1777 1604 1836; baseline 0.001 -17"><span class='ocrx_word' id='word_1_142' title='bbox 187 1777 373 1834; x_wconf 83' lang='lat' dir='ltr'><strong>signiferi</strong></span> <span class='ocrx_word' id='word_1_143' title='bbox 404 1777 561 1820; x_wconf 87' lang='lat' dir='ltr'><strong>viribus</strong></span> <span class='ocrx_word' id='word_1_144' title='bbox 592 1778 733 1820; x_wconf 89' lang='lat' dir='ltr'><strong>relatis</strong></span> <span class='ocrx_word' id='word_1_145' title='bbox 766 1778 1021 1834; x_wconf 89' lang='lat' dir='ltr'><strong>reliquorum</strong></span> <span class='ocrx_word' id='word_1_146' title='bbox 1055 1780 1181 1821; x_wconf 88' lang='lat' dir='ltr'><strong>etiam</strong></span> <span class='ocrx_word' id='word_1_147' title='bbox 1213 1780 1319 1822; x_wconf 87' lang='lat' dir='ltr'><strong>vires</strong></span> <span class='ocrx_word' id='word_1_148' title='bbox 1353 1783 1395 1821; x_wconf 92' lang='lat' dir='ltr'><strong>et</strong></span> <span class='ocrx_word' id='word_1_149' title='bbox 1418 1783 1604 1836; x_wconf 88' lang='lat' dir='ltr'><strong>tempora</strong></span> 
     </span>
     <span class='ocr_line' id='line_1_20' title="bbox 187 1855 573 1912; baseline 0.005 -16"><span class='ocrx_word' id='word_1_150' title='bbox 187 1864 286 1897; x_wconf 86' lang='lat' dir='ltr'><strong>sunt</strong></span> <span class='ocrx_word' id='word_1_151' title='bbox 317 1855 516 1898; x_wconf 86' lang='lat' dir='ltr'><strong>canenda.</strong></span> <span class='ocrx_word' id='word_1_152' title='bbox 541 1855 573 1912; x_wconf 76' lang='lat'><strong>4)</strong></span> 
     </span>
    </p>

    <p class='ocr_par' dir='ltr' id='par_1_5' title="bbox 189 1933 1607 2465">
     <span class='ocr_line' id='line_1_21' title="bbox 253 1933 1607 1993; baseline 0.001 -16"><span class='ocrx_word' id='word_1_153' title='bbox 253 1934 495 1990; x_wconf 87' lang='lat' dir='ltr'><strong>Sequuntur</strong></span> <span class='ocrx_word' id='word_1_154' title='bbox 516 1933 847 1990; x_wconf 70' lang='grc' dir='ltr'><em>ἀποτελέσματα</em></span> <span class='ocrx_word' id='word_1_155' title='bbox 867 1937 1061 1993; x_wconf 80' lang='lat' dir='ltr'><strong>sphaerae</strong></span> <span class='ocrx_word' id='word_1_156' title='bbox 1084 1935 1317 1979; x_wconf 83' lang='lat' dir='ltr'><strong>barbaricae</strong></span> <span class='ocrx_word' id='word_1_157' title='bbox 1339 1937 1423 1979; x_wconf 86' lang='lat' dir='ltr'><strong>sive</strong></span> <span class='ocrx_word' id='word_1_158' title='bbox 1448 1939 1607 1993; x_wconf 82' lang='lat' dir='ltr'><strong>Aegyp-</strong></span> 
     </span>
     <span class='ocr_line' id='line_1_22' title="bbox 189 2012 1604 2071; baseline 0.004 -18"><span class='ocrx_word' id='word_1_159' title='bbox 189 2012 366 2064; x_wconf 89' lang='lat' dir='ltr'><strong>tiorum,</strong></span> <span class='ocrx_word' id='word_1_160' title='bbox 417 2014 489 2070; x_wconf 92' lang='lat' dir='ltr'><strong>qui</strong></span> <span class='ocrx_word' id='word_1_161' title='bbox 528 2014 647 2071; x_wconf 89' lang='lat' dir='ltr'><strong>plura</strong></span> <span class='ocrx_word' id='word_1_162' title='bbox 678 2014 889 2057; x_wconf 88' lang='lat' dir='ltr'><strong>observare</strong></span> <span class='ocrx_word' id='word_1_163' title='bbox 923 2014 1110 2058; x_wconf 89' lang='lat' dir='ltr'><strong>solebant</strong></span> <span class='ocrx_word' id='word_1_164' title='bbox 1143 2019 1252 2058; x_wconf 90' lang='lat' dir='ltr'><strong>astra</strong></span> <span class='ocrx_word' id='word_1_165' title='bbox 1286 2030 1409 2070; x_wconf 91' lang='lat' dir='ltr'><strong>quam</strong></span> <span class='ocrx_word' id='word_1_166' title='bbox 1444 2015 1604 2058; x_wconf 84' lang='lat' dir='ltr'><strong>Graeci.</strong></span> 
     </span>
     <span class='ocr_line' id='line_1_23' title="bbox 189 2091 1604 2149; baseline 0.001 -15"><span class='ocrx_word' id='word_1_167' title='bbox 189 2091 312 2134; x_wconf 83' lang='lat' dir='ltr'><strong>Astra</strong></span> <span class='ocrx_word' id='word_1_168' title='bbox 341 2091 465 2134; x_wconf 89' lang='lat' dir='ltr'><strong>huius</strong></span> <span class='ocrx_word' id='word_1_169' title='bbox 498 2092 692 2149; x_wconf 85' lang='lat' dir='ltr'><strong>sphaerae</strong></span> <span class='ocrx_word' id='word_1_170' title='bbox 724 2108 949 2149; x_wconf 87' lang='lat' dir='ltr'><strong>eorumque</strong></span> <span class='ocrx_word' id='word_1_171' title='bbox 983 2094 1087 2136; x_wconf 88' lang='lat' dir='ltr'><strong>vires</strong></span> <span class='ocrx_word' id='word_1_172' title='bbox 1110 2109 1157 2136; x_wconf 87' lang='lat' dir='ltr'><strong>eo</strong></span> <span class='ocrx_word' id='word_1_173' title='bbox 1180 2094 1323 2136; x_wconf 87' lang='lat' dir='ltr'><strong>ordine</strong></span> <span class='ocrx_word' id='word_1_174' title='bbox 1346 2095 1604 2146; x_wconf 85' lang='lat' dir='ltr'><strong>referuntur,</strong></span> 
     </span>
     <span class='ocr_line' id='line_1_24' title="bbox 189 2170 1604 2227; baseline 0.003 -17"><span class='ocrx_word' id='word_1_175' title='bbox 189 2172 239 2210; x_wconf 86' lang='lat' dir='ltr'><strong>ut</strong></span> <span class='ocrx_word' id='word_1_176' title='bbox 271 2183 376 2224; x_wconf 83' lang='lat' dir='ltr'><strong>quae</strong></span> <span class='ocrx_word' id='word_1_177' title='bbox 408 2184 500 2211; x_wconf 85' lang='lat' dir='ltr'><strong>eum</strong></span> <span class='ocrx_word' id='word_1_178' title='bbox 534 2170 708 2226; x_wconf 88' lang='lat' dir='ltr'><strong>singulis</strong></span> <span class='ocrx_word' id='word_1_179' title='bbox 730 2171 916 2227; x_wconf 87' lang='lat' dir='ltr'><strong>signiferi</strong></span> <span class='ocrx_word' id='word_1_180' title='bbox 939 2171 1048 2214; x_wconf 90' lang='lat' dir='ltr'><strong>orbis</strong></span> <span class='ocrx_word' id='word_1_181' title='bbox 1072 2171 1456 2214; x_wconf 86' lang='lat' dir='ltr'><strong>constellationibus</strong></span> <span class='ocrx_word' id='word_1_182' title='bbox 1481 2171 1604 2214; x_wconf 91' lang='lat' dir='ltr'><strong>simul</strong></span> 
     </span>
     <span class='ocr_line' id='line_1_25' title="bbox 191 2248 1605 2307; baseline 0.002 -16"><span class='ocrx_word' id='word_1_183' title='bbox 191 2248 377 2292; x_wconf 88' lang='lat' dir='ltr'><strong>oriantur</strong></span> <span class='ocrx_word' id='word_1_184' title='bbox 421 2255 630 2292; x_wconf 88' lang='lat' dir='ltr'><strong>enumeret</strong></span> <span class='ocrx_word' id='word_1_185' title='bbox 667 2255 803 2307; x_wconf 90' lang='lat' dir='ltr'><strong>poeta.</strong></span> <span class='ocrx_word' id='word_1_186' title='bbox 871 2250 973 2293; x_wconf 89' lang='lat' dir='ltr'><strong>Cum</strong></span> <span class='ocrx_word' id='word_1_187' title='bbox 1009 2252 1150 2294; x_wconf 87' lang='lat' dir='ltr'><strong>Ariete</strong></span> <span class='ocrx_word' id='word_1_188' title='bbox 1183 2252 1396 2294; x_wconf 88' lang='lat' dir='ltr'><strong>oriuntur:</strong></span> <span class='ocrx_word' id='word_1_189' title='bbox 1447 2251 1576 2294; x_wconf 89' lang='lat' dir='ltr'><strong>Navis</strong></span> <span class='ocrx_word' id='word_1_190' title='bbox 1593 2284 1605 2303; x_wconf 92' lang='lat'><strong><em>,</em></strong></span> 
     </span>
     <span class='ocr_line' id='line_1_26' title="bbox 191 2326 1603 2387; baseline 0.002 -18"><span class='ocrx_word' id='word_1_191' title='bbox 191 2326 345 2379; x_wconf 86' lang='lat' dir='ltr'><strong>Orion,</strong></span> <span class='ocrx_word' id='word_1_192' title='bbox 379 2326 644 2380; x_wconf 88' lang='lat' dir='ltr'><strong>Heniochus,</strong></span> <span class='ocrx_word' id='word_1_193' title='bbox 678 2328 834 2380; x_wconf 86' lang='lat' dir='ltr'><strong>Haedi,</strong></span> <span class='ocrx_word' id='word_1_194' title='bbox 863 2329 1052 2386; x_wconf 88' lang='lat' dir='ltr'><strong>Hyades,</strong></span> <span class='ocrx_word' id='word_1_195' title='bbox 1078 2329 1247 2387; x_wconf 86' lang='lat' dir='ltr'><strong>Capella</strong></span> <span class='ocrx_word' id='word_1_196' title='bbox 1268 2330 1302 2386; x_wconf 75' lang='lat'><strong>⁶)</strong></span> <span class='ocrx_word' id='word_1_197' title='bbox 1315 2363 1328 2383; x_wconf 92' lang='lat'><em>,</em></span> <span class='ocrx_word' id='word_1_198' title='bbox 1353 2344 1446 2372; x_wconf 92' lang='lat' dir='ltr'><strong>cum</strong></span> <span class='ocrx_word' id='word_1_199' title='bbox 1467 2329 1603 2372; x_wconf 85' lang='lat' dir='ltr'><strong>Tauro</strong></span> 
     </span>
     <span class='ocr_line' id='line_1_27' title="bbox 190 2404 1604 2465; baseline 0.002 -17"><span class='ocrx_word' id='word_1_200' title='bbox 190 2404 377 2449; x_wconf 89' lang='lat' dir='ltr'><strong>Pleiades</strong></span> <span class='ocrx_word' id='word_1_201' title='bbox 400 2406 432 2463; x_wconf 78' lang='lat'><strong>⁰)</strong></span> <span class='ocrx_word' id='word_1_202' title='bbox 443 2439 457 2459; x_wconf 94' lang='lat'><em>,</em></span> <span class='ocrx_word' id='word_1_203' title='bbox 507 2421 601 2450; x_wconf 90' lang='lat' dir='ltr'><strong>cum</strong></span> <span class='ocrx_word' id='word_1_204' title='bbox 645 2407 832 2450; x_wconf 85' lang='lat' dir='ltr'><strong>Geminis</strong></span> <span class='ocrx_word' id='word_1_205' title='bbox 865 2407 1003 2464; x_wconf 90' lang='lat' dir='ltr'><strong>Lepus</strong></span> <span class='ocrx_word' id='word_1_206' title='bbox 1033 2408 1063 2464; x_wconf 72' lang='lat'><strong>²)</strong></span> <span class='ocrx_word' id='word_1_207' title='bbox 1096 2412 1193 2451; x_wconf 76' lang='lat' dir='ltr'><strong>cett,</strong></span> <span class='ocrx_word' id='word_1_208' title='bbox 1259 2407 1388 2451; x_wconf 82' lang='lat' dir='ltr'><strong>Navis</strong></span> <span class='ocrx_word' id='word_1_209' title='bbox 1419 2412 1604 2465; x_wconf 85' lang='lat' dir='ltr'><strong>procreat</strong></span> 
     </span>
    </p>
   </div>
   <div class='ocr_carea' id='block_1_3' title="bbox 193 2537 463 2544">
    <p class='ocr_par' dir='ltr' id='par_1_6' title="bbox 193 2537 463 2544">
     <span class='ocr_line' id='line_1_28' title="bbox 193 2537 463 2544; baseline 0 0"><span class='ocrx_word' id='word_1_210' title='bbox 193 2537 463 2544; x_wconf 95' lang='lat' dir='ltr'><strong> </strong></span> 
     </span>
    </p>
   </div>
   <div class='ocr_carea' id='block_1_4' title="bbox 237 2614 903 3012">
    <p class='ocr_par' dir='ltr' id='par_1_7' title="bbox 237 2614 495 2655">
     <span class='ocr_line' id='line_1_29' title="bbox 237 2614 495 2655; baseline 0 -7"><span class='ocrx_word' id='word_1_211' title='bbox 237 2614 262 2655; x_wconf 79' lang='grc' dir='ltr'><strong>ι)</strong></span> <span class='ocrx_word' id='word_1_212' title='bbox 310 2617 495 2648; x_wconf 77' lang='lat'>744—817.</span> 
     </span>
    </p>

    <p class='ocr_par' dir='ltr' id='par_1_8' title="bbox 240 2674 694 2714">
     <span class='ocr_line' id='line_1_30' title="bbox 240 2674 694 2714; baseline 0 -7"><span class='ocrx_word' id='word_1_213' title='bbox 240 2674 267 2714; x_wconf 67' lang='grc'><strong>2)</strong></span> <span class='ocrx_word' id='word_1_214' title='bbox 315 2677 396 2714; x_wconf 81' lang='lat'>819,</span> <span class='ocrx_word' id='word_1_215' title='bbox 421 2677 484 2713; x_wconf 79' lang='lat'><strong>20;</strong></span> <span class='ocrx_word' id='word_1_216' title='bbox 510 2677 694 2708; x_wconf 77' lang='lat' dir='ltr'><strong>sle—865.</strong></span> 
     </span>
    </p>

    <p class='ocr_par' dir='ltr' id='par_1_9' title="bbox 238 2735 903 2836">
     <span class='ocr_line' id='line_1_31' title="bbox 238 2735 903 2775; baseline 0.002 -8"><span class='ocrx_word' id='word_1_217' title='bbox 238 2735 264 2775; x_wconf 83' lang='lat'><strong>³)</strong></span> <span class='ocrx_word' id='word_1_218' title='bbox 312 2737 393 2774; x_wconf 84' lang='lat'><strong>893,</strong></span> <span class='ocrx_word' id='word_1_219' title='bbox 417 2738 478 2773; x_wconf 81' lang='lat'><strong>94;</strong></span> <span class='ocrx_word' id='word_1_220' title='bbox 504 2738 693 2775; x_wconf 71' lang='lat' dir='ltr'><strong>ase-885,</strong></span> <span class='ocrx_word' id='word_1_221' title='bbox 719 2738 903 2768; x_wconf 77' lang='lat' dir='ltr'><strong>see-935.</strong></span> 
     </span>
     <span class='ocr_line' id='line_1_32' title="bbox 238 2795 501 2836; baseline 0.008 -8"><span class='ocrx_word' id='word_1_222' title='bbox 238 2795 264 2836; x_wconf 71' lang='grc'><strong>4)</strong></span> <span class='ocrx_word' id='word_1_223' title='bbox 310 2799 501 2834; x_wconf 86' lang='lat' dir='ltr'>v,1-31.</span> 
     </span>
    </p>

    <p class='ocr_par' dir='ltr' id='par_1_10' title="bbox 237 2854 476 2895">
     <span class='ocr_line' id='line_1_33' title="bbox 237 2854 476 2895; baseline 0.004 -7"><span class='ocrx_word' id='word_1_224' title='bbox 237 2854 266 2895; x_wconf 84' lang='lat'><strong>⁵)</strong></span> <span class='ocrx_word' id='word_1_225' title='bbox 313 2858 476 2889; x_wconf 79' lang='lat'><strong>32-139.</strong></span> 
     </span>
    </p>

    <p class='ocr_par' dir='ltr' id='par_1_11' title="bbox 243 2916 500 2955">
     <span class='ocr_line' id='line_1_34' title="bbox 243 2916 500 2955; baseline 0 -6"><span class='ocrx_word' id='word_1_226' title='bbox 243 2916 268 2955; x_wconf 76' lang='lat'><strong>⁶)</strong></span> <span class='ocrx_word' id='word_1_227' title='bbox 318 2919 500 2949; x_wconf 43' lang='lat'><strong>140÷156.</strong></span> 
     </span>
    </p>

    <p class='ocr_par' dir='ltr' id='par_1_12' title="bbox 239 2971 500 3012">
     <span class='ocr_line' id='line_1_35' title="bbox 239 2971 500 3012; baseline 0 -8"><span class='ocrx_word' id='word_1_228' title='bbox 239 2971 265 3012; x_wconf 76' lang='lat'><strong>⁷)</strong></span> <span class='ocrx_word' id='word_1_229' title='bbox 316 2975 500 3005; x_wconf 75' lang='lat'>157-173.</span> 
     </span>
    </p>
   </div>
  </div>
 </body>
</html>
