1930 3320
961 260 1210 300 -4-

359 379 442 417 sive
475 379 609 418 Mallii
643 378 848 426 EQVOM
892 379 973 417 sive
1007 379 1141 418 Mallii
1176 384 1319 431 poetae
1359 380 1530 418 illustris
1565 381 1648 419 sive
1681 379 1813 429 beeni''

359 447 441 483 sive
479 445 596 483 Malii
645 447 728 484 sive
769 446 913 484 Manlii
960 450 1103 496 poetae
1144 447 1354 485 clarissimi
1396 447 1477 484 sive
1518 446 1680 484 Manilii
1719 439 1815 486 sive·

357 511 518 550 Manilii
563 513 703 550 Boeni.
745 534 793 540 -
836 512 924 560 Qua
965 526 985 551 e
1025 514 1228 552 nominum
1269 514 1368 552 serie
1404 515 1522 551 etiam
1559 514 1592 551 si
1627 513 1804 563 legitime

357 579 528 617 Aratum
564 582 610 618 ut
642 580 812 618 alicuius
845 581 982 618 fraude
1010 581 1279 619 introductum
1306 581 1511 629 movimus,
1547 581 1646 619 talia
1671 584 1802 619 tamen

358 649 522 694 restant,
551 646 685 694 qualia
713 658 793 684 non
821 659 844 684 a
871 647 1047 684 librariis
1075 648 1172 685 solis
1200 659 1334 685 verum
1361 660 1384 685 a
1412 647 1677 697 scriptoribus
1703 647 1802 696 ipsis

356 713 554 760 permixta
587 714 785 752 videntur.
840 714 951 763 Ergo
989 715 1085 763 quid
1120 719 1181 752 est
1215 727 1284 752 cur
1311 714 1466 762 Mallio,
1503 715 1571 763 qui
1608 715 1650 752 in
1671 704 1802 755 'exem-

357 781 463 829 plari
490 781 797 830 diligentissime
826 783 976 831 scripto
1004 783 1215 831 reperitur,
1249 783 1330 820 sive
1358 782 1513 820 Manlio
1542 781 1804 820 Manilium

358 847 652 896 praeferamus?
693 848 940 887 Laudaverit
969 849 1166 898 quispiam
1192 850 1308 887 huius
1337 854 1538 887 auctorem
1566 847 1804 887 Gerbertum

300 945 305 951 .
357 915 597 964 pontificem,
626 916 694 954 sed
724 917 836 954 nulla
856 917 1047 966 probabit
1064 917 1220 955 ratione
1241 929 1327 955 eum
1346 929 1480 954 verum
1498 921 1643 966 poetae
1662 927 1804 955 nomen

358 993 430 1019 nec
457 981 533 1020 iam
561 982 703 1021 falsum
730 984 919 1021 memoria
945 983 1132 1022 tenuisse.

457 1048 543 1087 Nec
576 1050 685 1088 solae
721 1051 891 1088 nominis
926 1051 1066 1089 literae
1100 1051 1303 1100 vacillant,
1349 1051 1417 1089 sed
1451 1051 1571 1089 etiam
1605 1063 1720 1100 quem
1753 1051 1805 1094 ad

357 1116 515 1155 modum
547 1116 699 1155 Aratus
741 1118 798 1156 sic
833 1118 1026 1156 Manilius
1068 1118 1239 1168 legentis
1281 1118 1716 1158 cuiusdam-arbitratu
1754 1118 1807 1159 ad·

356 1183 547 1221 honorem
592 1185 767 1222 auctoris
808 1185 1124 1223 Astronomicon
1147 1185 1322 1234 ‚videtur
1362 1185 1626 1224 adscendisse.
1687 1185 1805 1225 Hanc

357 1252 528 1290 labimur
567 1252 617 1289 ad
658 1252 888 1301 opinionem
930 1253 1168 1301 necessario,
1212 1254 1257 1290 ut
1295 1253 1466 1301 primum
1506 1262 1806 1296 snmuS‚recor-

357 1319 442 1356 dati
482 1319 631 1356 nullam
672 1319 832 1357 omnino
874 1318 1177 1368 inscriptionem
1218 1320 1403 1357 carminis
1437 1319 1559 1356 fuisse
1592 1320 1634 1356 in
1669 1315 1834 1372 codice⁴

358 1386 478 1435 longe
518 1386 788 1424 vetustissimo
826 1385 1112 1424 Gemblacensi.
1169 1386 1295 1433 Quem
1330 1386 1397 1434 qui
1431 1386 1594 1424 ultimus
1629 1386 1806 1436 inspexit
1836 1392 1837 1396 ’

359 1452 594 1491 Theodorus
624 1453 823 1502 Oehler‚4)
852 1465 932 1491 non
960 1453 1011 1491 ad
1037 1453 1356 1502 persuadendum
1383 1456 1476 1502 apte
1505 1452 1804 1502 demonstravit,

358 1519 426 1557 sed
466 1519 634 1557 credidit
669 1523 823 1558 tantum
860 1520 916 1557 ibi
951 1520 1114 1557 titulum
1148 1519 1283 1567 aliquo
1319 1530 1411 1556 casu
1447 1519 1630 1568 periisse.
1687 1518 1803 1558 Adeo

357 1587 433 1625 hoc
479 1599 503 1624 a
548 1591 691 1625 natura
738 1587 831 1625 libri
880 1588 1083 1625 abhorret.
1148 1586 1253 1625 Nam
1295 1587 1328 1624 si
1372 1598 1448 1635 qua
1488 1590 1579 1626 ante
1620 1587 1804 1629 carminis

356 1653 598 1703 principium
631 1654 680 1691 de
713 1656 835 1703 poeta
867 1655 988 1692 verba
1021 1654 1201 1702 fuissent,
1238 1654 1333 1691 haec
1371 1654 1411 1691 in
1447 1654 1497 1691 iis
1526 1665 1696 1703 quoque,
1734 1654 1804 1703 qui

354 1721 525 1770 primum
557 1722 865 1769 subsequuntur,
901 1721 1016 1758 libris
1051 1734 1075 1758 a
1109 1721 1275 1758 librario
1314 1732 1406 1758 suae
1434 1721 1531 1758 artis
1558 1721 1802 1771 peritissimo

355 1793 586 1838 opportuno
629 1789 719 1827 loco
761 1789 924 1838 appicta
964 1789 1237 1838 reperiremus.
1294 1787 1416 1827 Cuius
1455 1788 1515 1827 rei
1554 1800 1604 1826 ne
1643 1789 1804 1827 minima

355 1856 512 1905 quidem
559 1859 758 1906 apparent
807 1856 988 1905 vestigia.
1051 1855 1158 1903 Quid
1204 1858 1335 1893 autem
1376 1855 1510 1904 aptius
1551 1857 1804 1906 excogitatur

355 1935 471 1973 quam
503 1936 602 1972 eum,
639 1925 706 1972 qui
741 1936 764 1962 a
792 1924 1012 1962 scribendis
1042 1924 1247 1962 codicibus
1276 1926 1373 1971 crat,
1411 1934 1523 1961 usum
1550 1934 1635 1962 esse
1660 1922 1804 1962 Astro-

355 1992 541 2030 nomicon
568 1992 760 2041 exemplo,
790 1991 831 2028 in
860 2003 937 2039 quo
965 1991 1107 2030 titulus
1136 1991 1213 2029 iam
1241 2003 1321 2029 non
1349 1991 1426 2029 fuit
1454 1989 1663 2031 residuus?-
1706 1990 1805 2030 Inde

355 2059 543 2098 facillime
572 2071 665 2096 sane
694 2059 954 2108 intellegitur,
986 2070 1055 2096 cur
1075 2059 1348 2108 inscriptione-
1361 2057 1804 2114 Gemblacensis-vacet.

355 2126 511 2164 Deinde
556 2126 705 2163 nullam
745 2125 863 2163 aliam
903 2125 1019 2164 video
1062 2137 1219 2163 causam
1260 2126 1432 2174 subesse,
1480 2125 1588 2174 quod
1626 2125 1655 2163 ii
1694 2117 1802 2171 lib'ri,

358 2194 426 2243 qui
454 2205 540 2232 cum
568 2193 640 2230 illo
670 2193 781 2230 nulla
807 2196 923 2243 parte
952 2191 1178 2241 cohaerent,
1206 2193 1316 2230 velut
1333 2192 1559 2242 Lipsiensis
1578 2196 1620 2231 et
1637 2193 1803 2231 Bruxel-

355 2260 490 2309 lensis,
525 2272 666 2298 nomen
693 2259 843 2297 Arati
876 2262 1066 2307 tanquam
1099 2259 1275 2297 auctoris
1309 2259 1482 2298 tradunt.
1537 2258 1629 2298 Hoc
1661 2271 1804 2299 nomen

357 2329 530 2377 aliquem
574 2328 847 2366 tenebrioncm
892 2327 1092 2365 invenisse
1139 2339 1187 2365 ex
1233 2326 1510 2376 similitudine,
1559 2338 1674 2376 quam
1718 2338 1804 2379 ess-e

357 2395 587 2434 meminerat
613 2395 908 2433 Astronomicis
937 2407 1023 2432 cum
1049 2394 1340 2432 Phaenomenis
1361 2394 1552 2444 Solensis,
1579 2406 1667 2433 cum
1684 2394 1804 2444 plane
1832 2435 1840 2442 l

357 2466 562 2512 appareat,
596 2473 665 2499 cur
701 2462 861 2500 tandem
897 2465 976 2499 tam
1010 2461 1144 2510 inepte
1171 2461 1239 2498 ille
1266 2461 1458 2506 finxisset,
1493 2461 1596 2500 si‘in
1623 2462 1804 2512 exemplo

358 2531 435 2569 iam
461 2533 611 2568 certum
638 2541 779 2567 nomen
798 2527 1027 2566 habuisset?
1047 2548 1096 2555 —
1114 2527 1297 2576 Denique
1317 2529 1438 2566 ceteri
1461 2539 1618 2578 quoque
1637 2529 1807 2577 codices,

359 2597 503 2646 quibus
536 2596 613 2634 hoc
644 2595 772 2634 literis
802 2595 1037 2643 quibusdam
1064 2594 1324 2643 depravatum
1354 2595 1511 2643 quidem
1538 2597 1606 2635 sed
1632 2596 1804 2636 Manilio

455 2739 482 2783 ⁴)
509 2738 580 2774 cfr.
605 2739 688 2774 Jac.
711 2735 824 2782 praef.
850 2747 883 2781 p.
909 2735 995 2770 VII.
1019 2734 1127 2769 VIII.
