1942 3308
947 222 1224 266 -42—

345 346 581 403 nuperrime
611 346 919 404 interpretatum
958 363 1044 391 esse
1084 350 1205 392 verba
1233 355 1441 393 terrarum
1483 351 1670 395 dominos
1703 352 1828 397 evehit

345 416 402 456 acl
433 416 528 456 deos
549 415 783 456 Eduardum
809 416 1013 473 Anspaeh.
1032 417 1060 472 ¹)
1106 417 1239 469 Quem
1266 419 1396 460 locum
1420 419 1656 475 impeditum
1687 428 1827 464 exacte

344 484 410 524 hic
441 490 626 534 tractare,
658 484 847 539 quoniam
877 501 899 526 a
928 476 1132 542 proposito
1159 487 1361 540 abhorret,
1393 487 1469 529 hoc
1498 494 1709 530 annotasse
1737 503 1828 530 eon-

344 557 476 592 tentus
506 566 607 604 sum,
639 552 706 607 qui
729 558 924 594 terrarum
956 553 1138 596 dominos
1159 554 1254 596 deos
1277 569 1364 597 esse
1393 555 1648 608 contendant,
1685 570 1753 598 eos
1781 571 1828 599 eo

347 619 446 660 nihil
479 619 651 674 probare
683 620 780 661 mihi
817 620 959 672 videri,
1003 621 1110 677 quod
1151 636 1201 663 ex
1233 621 1371 665 Ovidii
1411 622 1590 678 epistulis
1621 637 1673 664 ex
1699 623 1829 666 Ponto

344 687 447 728 datis
480 688 515 739 (Ι
545 687 655 740 9,36)
687 687 805 728 huius
835 688 1003 730 deorum
1029 688 1330 744 significationis
1359 689 1592 745 exemplum
1621 696 1830 746 repetunt3

345 769 522 810 namque
553 755 671 796 etiam
711 755 979 798 Octavianum
1020 757 1090 812 qui
1121 757 1254 798 vocari
1294 757 1470 813 potuisse
1500 756 1604 798 dicet
1633 763 1829 800 terrarum

346 822 566 876 dominum,
599 823 707 878 quod
741 824 825 864 vult
855 825 1063 880 Anspaeh,
1103 824 1220 866 certis
1248 825 1278 865 is
1306 825 1544 866 testimoniis
1575 827 1742 868 nitetur:
1778 826 1830 871 cf.

347 890 459 934 Suet.
482 891 571 934 Oct.
603 892 678 943 943
710 891 788 935 Ov.
823 891 898 948 Ep.
930 907 979 933 ex
1011 892 1128 936 Pont.
1153 892 1194 933 II
1223 892 1261 945 8,
1291 893 1367 945 26;
1398 902 1438 934 et
1465 892 1629 934 omnino
1658 893 1698 934 in
1722 893 1831 949 prin·

347 959 480 1014 cipum
511 959 783 1015 appellatione
822 959 972 1014 legitur
1010 961 1241 1016 saepissime
1278 961 1353 1003 hoc
1395 961 1600 1016 epitheton
1631 962 1681 1005 cf.
1711 961 1830 1006 Mart.

346 1027 364 1068 I
392 1028 430 1078 4,
465 1027 512 1079 2;
545 1027 626 1068 VII
656 1028 695 1080 5,
723 1029 763 1071 5.
796 1027 898 1072 Stat.
929 1028 1016 1069 silv.
1048 1029 1165 1081 1114,
1189 1030 1243 1070 20
1270 1029 1337 1082 (cf.
1368 1028 1522 1070 Fincke
1551 1044 1590 1085 p.
1622 1031 1698 1081 313
1729 1029 1835 1071 Rue-

350 1095 468 1148 diger
497 1110 536 1151 p.
570 1095 629 1149 3).
645 1097 681 1147 2)
726 1096 864 1137 -Addo
894 1096 1175 1150 Vergilianum
1206 1096 1338 1138 locum
1379 1096 1482 1150 (Ecl.
1515 1098 1548 1149 1,
1581 1097 1607 1139 6
1635 1097 1723 1152 sq.),
1755 1111 1835 1152 quo

347 1163 515 1219 Tityrus
547 1170 682 1219 pastor
721 1178 882 1220 semper
910 1164 984 1205 sibi
1022 1178 1135 1213 eum,
1185 1165 1254 1220 qui
1287 1165 1366 1205 otia
1405 1164 1554 1216 feeerit,
1593 1164 1712 1206 deum
1748 1165 1836 1207 fore

347 1231 463 1282 dicit3
499 1231 603 1272 illius
633 1247 744 1272 aram
775 1246 897 1288 saepe
925 1239 1108 1274 tenerum
1139 1247 1291 1287 agnum
1321 1232 1566 1274 imbuturum
1599 1245 1698 1275 esse.
1755 1233 1836 1274 Bu-

347 1299 471 1340 colica
501 1306 647 1352 autem,
681 1300 825 1356 quibus
857 1300 920 1341 hic
949 1301 1060 1343 locus
1092 1300 1273 1352 debetur,
1307 1300 1385 1341 iam
1417 1299 1511 1342 inde
1540 1301 1591 1341 ab
1621 1315 1657 1343 a.
1689 1301 1739 1342 41
1775 1315 1836 1341 us-

348 1381 427 1422 que
455 1366 504 1407 ad
537 1368 590 1408 39
633 1367 853 1422 composita
895 1382 980 1410 esse
1016 1367 1231 1410 concinunt
1263 1384 1327 1411 vv.
1359 1367 1426 1410 dd.
1459 1390 1504 1397 -
1538 1367 1724 1409 Eandem
1753 1362 1838 1409 fere

348 1441 469 1490 atquc
512 1435 547 1476 in
587 1436 662 1476 illis
694 1435 922 1476 Manilianis
955 1436 1135 1478 versibus
1166 1436 1363 1478 rationem
1393 1436 1553 1492 repperi
1591 1435 1632 1476 in
1661 1435 1838 1477 carmine

350 1503 541 1557 quodam,
584 1503 690 1559 quod
733 1504 771 1544 in
804 1503 968 1546 Stobaei
999 1504 1086 1546 flor.
1119 1503 1199 1544 VII
1237 1505 1285 1545 13
1321 1503 1494 1559 legimus
1533 1503 1656 1560 idque
1686 1503 1837 1544 Birtius

350 1586 429 1612 non
461 1579 553 1612 ante
583 1572 758 1626 Augusti
790 1578 974 1623 aetatem,
1008 1571 1078 1613 sed
1100 1573 1204 1612 inter
1234 1571 1394 1613 Horatii
1425 1579 1464 1613 et
1485 1571 1602 1614 Statii
1625 1572 1710 1613 fere
1739 1578 1838 1612 tem·

351 1654 448 1694 pora
489 1640 680 1694 scriptum
723 1653 807 1680 esse
838 1639 1005 1680 coniecit
1035 1640 1074 1680 in
1107 1639 1237 1680 indice
1267 1639 1355 1682 leet.
1402 1639 1482 1682 hib.
1514 1638 1644 1681 Marb.
1684 1638 1790 1681 1888
1803 1639 1838 1689 ³)

351 1721 390 1761 p.
415 1707 536 1759 XIII,
561 1707 622 1746 cui
646 1707 869 1747 sententiae
890 1707 1091 1748 neminem
1112 1721 1190 1748 non
1212 1707 1529 1762 subscripturum
1552 1706 1650 1746 mihi
1667 1712 1839 1757 constat3

351 1789 489 1816 versus
520 1783 612 1815 sunt
643 1775 705 1815 hi:

690 1841 829 1898 Χαῖρέ·
860 1858 933 1894 μοι
963 1837 1097 1893 Ῥώμα
1129 1834 1322 1898 θυγάτηρ
1342 1835 1499 1898 ’Ἀρηος

695 1908 984 1966 χριῑσεομίτρα
1013 1909 1206 1964 δαΐφρων
1235 1902 1412 1959 ἄνασσα,

695 1975 848 2031 σεμνόν
879 1972 908 2018 lc*
936 1976 1070 2025 ναίεις
1098 1976 1170 2019 ἐπὶ
1200 1978 1278 2031 γᾶς
1301 1971 1510 2029 Ὄλυμπον

893 2044 984 2087 αἰὲν
1011 2040 1271 2101 ἄθραυστον.

355 2116 487 2158 Roma
519 2116 640 2171 igitur
666 2130 746 2156 non
779 2114 907 2156 solum
929 2129 1107 2156 summos
1134 2113 1229 2155 deos
1251 2113 1400 2155 vertice
1421 2111 1565 2167 tetigit,
1595 2118 1640 2153 ut
1664 2111 1720 2153 ait
1747 2110 1844 2155 Ovi-

492 2264 518 2304 1)
546 2263 683 2295 Eduard
709 2263 866 2305 Anspach
892 2262 949 2294 die
974 2261 1191 2295 horflzischen
1218 2261 1317 2293 Oden
1343 2259 1400 2291 des
1426 2261 1537 2291 ersten
1563 2257 1697 2290 Buches
1721 2257 1756 2289 in
1782 2257 1845 2289 Be·

355 2332 420 2362 zug
444 2322 505 2351 auf
526 2320 831 2362 Interpoffltionen,
866 2320 1004 2351 Ausbau
1035 2318 1101 2350 und
1128 2318 1202 2350 Zeit
1234 2316 1326 2348 ihrer
1350 2315 1562 2356 Absassung3
1598 2314 1714 2356 Progr.
1739 2313 1846 2346 Cleve

359 2378 462 2414 1888:
498 2377 538 2407 cf.
570 2376 722 2407 eiusdem
750 2375 791 2406 de
824 2375 967 2406 Horatio
999 2375 1318 2406 commentationem
1354 2381 1441 2404 neue
1465 2371 1586 2403 Jahrb.
1612 2371 1635 2402 s.
1658 2369 1750 2402 Phil.
1774 2369 1847 2401 und

358 2435 440 2465 l'iid.
467 2443 534 2464 von
561 2432 759 2463 Fleckeisen
787 2431 851 2463 und
878 2430 1016 2470 Masius,
1042 2431 1124 2470 Lpz.
1153 2429 1247 2463 1888.
1273 2428 1335 2462 Bd.
1360 2428 1433 2459 137.
1459 2427 1543 2458 nest
1565 2427 1596 2458 5.
1621 2437 1653 2467 p.
1679 2426 1755 2457 385.

491 2491 515 2527 ²)
543 2489 618 2520 Hoc
648 2487 987 2519 animadvertendum
1020 2490 1087 2526 est,
1121 2487 1148 2518 si
1182 2485 1256 2526 quis
1293 2483 1523 2525 Anspaehium
1555 2484 1734 2524 sequatur,
1767 2491 1845 2513 eum

356 2550 469 2578 tamen
502 2545 795 2587 compositionum,
831 2553 912 2585 quas
937 2543 1058 2575 statuit
1081 2542 1280 2574 Theodorus
1313 2539 1496 2572 Reichardt
1528 2537 1590 2582 (de
1625 2541 1758 2570 metror.
1782 2538 1847 2581 lyr.

357 2603 475 2634 Horat.
502 2602 591 2633 artis.
618 2601 701 2633 eloe.
727 2600 833 2631 Marb.
861 2599 963 2639 1889)
990 2599 1087 2630 alteri
1121 2599 1250 2629 formae
1281 2606 1414 2628 versum
1448 2599 1672 2628 terrarum
1706 2593 1849 2626 domi·

357 2669 436 2691 nos
468 2657 620 2690 evehit
651 2656 701 2687 ad
733 2655 837 2686 deos
861 2656 1046 2687 attribuere
1079 2665 1187 2696 posse,
1221 2653 1304 2696 quia
1329 2653 1430 2684 etiam
1463 2652 1500 2683 in
1524 2651 1620 2682 illius
1644 2651 1848 2691 interpreta-

359 2716 451 2747 tione
475 2713 683 2756 respondent
707 2713 797 2743 inter
818 2722 854 2744 se
879 2712 1080 2743 dominos
1105 2714 1140 2742 et
1163 2710 1286 2749 deos,
1312 2709 1374 2741 etsi
1399 2707 1600 2740 dominos
1624 2716 1692 2739 non
1717 2709 1768 2738 est
1790 2706 1849 2738 ad·

359 2771 517 2805 iectivum
543 2779 652 2811 neque
677 2768 866 2810 appositi03
892 2768 933 2799 ef.
958 2766 1143 2799 Reichardt
1167 2778 1198 2808 p.
1223 2766 1245 2799 4
1269 2770 1301 2797 et
1327 2767 1358 2797 5.

494 2827 522 2867 3)
547 2828 600 2860 De
624 2827 752 2858 Romae
778 2825 868 2857 urbis
901 2824 1038 2857 nomine
1069 2823 1182 2866 deque
1213 2823 1332 2855 robore
1357 2822 1513 2854 Romano
1545 2817 1849 2858 commentariolus,
