1930 3320
142 408 195 448 ad
224 406 494 447 Octavianum
534 403 569 441 si
605 403 683 442 hoc
710 402 902 441 dedisset.
955 401 1062 441 Nam
1091 413 1208 452 quem
1235 401 1288 440 ad
1314 400 1478 440 modum
1503 398 1628 438 versi-

149 478 264 517 sibus
291 475 388 514 libri
416 474 450 524 I,
478 475 566 513 904.
597 474 684 521 905,
714 472 783 521 qui
812 474 922 511 sunt:

326 547 431 594 „Nec
455 548 585 583 mirere
611 556 742 592 graves
766 555 959 590 rerumque
983 545 1246 591 hominumque
1270 544 1413 582 ruinast

327 606 474 652 „Saepe
500 605 618 640 domi
643 603 783 649 culpa
809 605 896 646 est;
924 603 1107 638 nescimus
1133 602 1282 637 eredere
1309 602 1436 638 caelo“

146 683 235 723 seni
253 682 317 722 illi
335 681 471 720 verbis
490 681 593 719 male
613 679 732 718 tectis
754 677 1032 728 exprobravit,
1054 677 1163 726 quod
1181 689 1325 727 parum
1344 677 1628 728 obtemperans

142 751 375 803 praeceptis
403 749 706 798 astrologorum
732 750 816 786 tres
845 747 1028 804 legiones
1057 746 1442 795 earumqueducem
1471 746 1513 784 in
1539 758 1628 797 per·

145 821 291 861 niciem
318 820 522 858 incurrere
551 818 750 866 iussisset,
779 817 837 854 sie
865 817 907 854 iu
935 818 1115 855 extremo
1145 815 1286 854 eodem
1312 816 1418 854 libro
1438 827 1521 854 non
1541 815 1628 854 sine

145 890 350 939 irrisione,
391 889 425 926 si
467 888 517 926 ad
561 886 731 926 eundem
772 886 973 935 rediisset,
1014 898 1038 923 a
1071 885 1259 924 Fortuna
1294 887 1542 935 precaretur,
1584 887 1631 924 ut

144 963 300 1010 patrem
326 958 484 1008 patriae
513 956 760 994 invictum
789 956 945 1005 populo
975 955 1161 993 Romano
1192 966 1351 1002 servare
1379 954 1630 1004 dignaretur.

145 1027 238 1067 Hoc
265 1030 399 1066 autem
426 1026 620 1076 frigidum
648 1025 810 1064 iocandi
840 1037 969 1074 genus
994 1027 1140 1074 poetae
1161 1024 1295 1062 auimo
1317 1024 1628 1074 omnitempore

143 1097 435 1138 alienissimum
454 1096 578 1133 fuisse
598 1095 718 1145 plane
741 1094 927 1144 intellegi
948 1094 1057 1133 licet.
1077 1116 1127 1122 —
1157 1094 1259 1132 Tum
1279 1106 1415 1132 coram
1433 1094 1626 1143 Augusto

145 1165 387 1205 sententiam
414 1164 618 1214 expressit
645 1177 787 1214 parum
815 1168 954 1214 aptam
982 1163 1045 1201 his
1075 1163 1228 1201 verbis:
1275 1162 1368 1212 „Sit
1394 1162 1527 1201 Roma
1555 1163 1630 1202 sub

143 1233 266 1274 illol“
322 1234 424 1282 Quis
460 1234 621 1272 tandem
657 1234 746 1279 fuit,
783 1233 852 1282 qui
880 1237 978 1283 post
1006 1245 1041 1271 a.
1070 1232 1122 1270 U.
1153 1234 1227 1272 762
1256 1233 1321 1272 vel
1348 1233 1542 1283 timuerit,
1579 1244 1628 1271 ne

146 1303 396 1344 Octavianus
431 1306 549 1353 pater
585 1303 741 1353 patriae
770 1315 858 1340 esse
886 1302 1101 1348 desineret,
1138 1301 1202 1339 vel
1231 1313 1321 1339 eum
1349 1313 1400 1340 ex
1427 1302 1627 1341 altissimo

72 1418 73 1421 Ἴ
144 1368 360 1423 dignitatis
390 1372 519 1422 gradu
546 1371 818 1422 praecipitare
848 1383 969 1410 ausus
999 1370 1077 1410 sit?
1126 1369 1340 1410 Neminem
1368 1383 1492 1409 unum
1519 1371 1629 1421 equi-

145 1441 236 1481 dem
263 1442 396 1480 adhuc
426 1440 510 1479 vidi
542 1441 651 1491 apud
680 1441 915 1479 historicos

249 1510 396 1560 Itaque
430 1510 509 1548 iam
543 1522 627 1548 non
659 1521 839 1559 agnosco
870 1521 955 1548 eam
982 1510 1199 1549 verborum
1226 1509 1548 1559 ambiguitatem,
1582 1512 1628 1548 ut

147 1580 246 1619 haec
274 1579 323 1618 de
351 1579 544 1628 Augusto
574 1579 734 1616 vivente
764 1583 810 1616 et
831 1578 999 1617 Tiberio
1030 1578 1110 1616 diei
1139 1579 1256 1617 unice
1285 1578 1504 1618 convenire
1522 1579 1630 1618 Mer-

146 1649 254 1688 kelio
283 1647 513 1697 concedam,
553 1660 600 1686 ae
626 1647 911 1686 Lachmannus
940 1648 1028 1698 ipse
1058 1660 1201 1698 parum
1229 1660 1290 1687 me
1317 1648 1506 1698 delectat,
1543 1660 1631 1687 cum

146 1717 206 1756 sic
238 1712 525 1756 ratiocinatur:
562 1716 729 1766 „Velles
765 1716 815 1755 de
844 1718 1034 1766 Augusto
1065 1718 1260 1768 accipere,
1294 1717 1375 1755 nisi
1403 1717 1458 1756 de
1485 1718 1630 1756 huius

147 1786 292 1826 obitu
321 1785 490 1824 adderet
518 1785 589 1835 ita,
617 1790 663 1823 ut
691 1786 825 1824 dolori
855 1786 1149 1836 indulgendum
1169 1791 1349 1837 negaret.
1391 1785 1506 1825 Haec
1524 1787 1631 1826 enim

146 1857 264 1896 tanto
292 1858 390 1905 post
410 1853 597 1892 Caesaris
626 1860 795 1893 mortem
822 1855 1040 1894 intervallo
1063 1855 1185 1894 scribi
1204 1856 1273 1894 vix
1292 1857 1477 1905 potuere,
1504 1856 1630 1906 paulo

102 1922 110 1931 ’
149 1928 248 1976 post
272 1923 452 1974 Augusti
489 1922 647 1962 obitum
679 1925 890 1974 potuere“.
948 1924 1222 1974 Quaecunque
1250 1924 1357 1963 enim
1385 1924 1632 1963 clarissimus

150 1993 221 2032 ille
247 1992 311 2031 vir
337 1991 415 2030 hoc
443 1992 534 2030 loco
563 1993 716 2042 posuit,
744 2005 791 2031 ea
819 1993 913 2030 iude
941 1997 1150 2031 assecutus
1178 1996 1253 2041 est,
1283 1993 1391 2043 quod
1419 2005 1521 2032 cum
1539 2005 1633 2032 eon-

150 2062 410 2110 iunctionem,
441 2072 542 2110 quae
571 2065 632 2099 est
660 2061 702 2099 in
729 2074 848 2100 versu
876 2063 964 2112 926,
1000 2075 1075 2112 pro
1106 2064 1436 2113 „postquam“
1465 2075 1633 2113 usurpa-

150 2135 232 2171 tam
266 2142 352 2170 esse
386 2129 658 2169 existimabat.
715 2129 862 2169 Omnia
898 2125 1025 2181 igitur
1053 2136 1256 2182 corruent,
1293 2132 1327 2170 si
1356 2131 1549 2171 iudicium
1577 2131 1634 2181 id,

151 2200 261 2250 quod
297 2200 445 2239 factum
482 2202 545 2237 est
579 2199 628 2237 de
661 2212 763 2238 eum
790 2200 1092 2240 coniunctionis
1119 2204 1339 2251 potestate,
1374 2201 1519 2240 falsum
1546 2213 1634 2240 esse

151 2269 459 2308 ostenderimus.
507 2268 667 2308 Desunt
694 2273 828 2308 autem
856 2272 1108 2320 argumenta,
1137 2270 1282 2320 quibus
1311 2269 1416 2308 illud
1442 2273 1636 2320 tanquam

150 2339 303 2378 certum
329 2350 376 2377 ac
394 2339 517 2376 fixum
535 2343 794 2389 proponatur
813 2339 883 2387 ita,
911 2345 958 2378 ut
977 2340 1174 2389 voculam,
1202 2351 1303 2388 quae
1324 2343 1387 2378 est
1406 2351 1528 2390 eum,
1556 2352 1633 2390 pro

150 2407 458 2458 „quotiens“
488 2407 618 2458 accipi
647 2412 839 2457 oportere
866 2421 939 2458 per
967 2420 1007 2447 se
1037 2409 1169 2458 ipsum
1197 2412 1350 2458 pateat.
1405 2408 1570 2448 Etenim
1597 2409 1633 2448 si

153 2475 314 2526 quidem
333 2487 460 2526 usque
483 2488 640 2526 quaque
661 2488 710 2515 ex
730 2478 931 2527 ambiguis
950 2478 1086 2516 verbis
1106 2477 1262 2515 animus
1284 2477 1526 2516 sententiam
1542 2477 1633 2517 sim·

150 2544 362 2595 pliciorem
395 2545 736 2595 sincerioremque
756 2547 950 2597 anquirit,
980 2548 1131 2598 quippe
1153 2558 1254 2596 quae
1276 2547 1468 2585 maiorem
1486 2547 1635 2585 habeat

152 2602 499 2664 probabilitatem,
532 2615 609 2654 hoc
644 2615 733 2654 loeo
771 2627 858 2654 cum
892 2616 1097 2666 pertinere
1132 2627 1237 2665 nego
1273 2616 1325 2654 ad
1365 2615 1634 2654 Octavianum

153 2681 238 2720 sive
259 2681 467 2721 Tiberium
494 2695 616 2722 unum
643 2685 822 2734 verbum,
850 2687 936 2724 tum
961 2690 1125 2736 poetam
1152 2685 1270 2724 velim
1291 2685 1368 2723 tibi
1387 2684 1632 2735 persuadeas

153 2761 322 2801 prorsus
357 2752 579 2800 generatim
613 2757 735 2803 atque
762 2754 950 2793 universe
978 2754 1027 2793 de
1055 2754 1254 2793 servando
1283 2753 1518 2804 principatu
1547 2764 1631 2791 ver-

155 2830 222 2859 sus
250 2818 406 2859 fecisse.
456 2843 460 2846 -
