1936 3392
1107 260 1159 300 74

491 403 604 444 Libri
652 403 815 443 secundi
851 403 1082 457 prooemi0‚
1117 417 1208 443 cum
1242 407 1361 458 poeta
1393 408 1452 444 est
1484 408 1673 445 cauturus
1706 410 1829 445 astro·

430 481 615 534 logorum
649 481 898 530 doctrinam,
933 481 1108 535 primum
1140 481 1304 535 exponit
1337 495 1417 535 quo
1449 481 1712 522 fundamento
1743 485 1831 522 tota

431 573 491 598 ars
546 559 713 598 nitatur.
779 557 830 597 Et
875 557 1037 598 maximi
1086 556 1204 598 nobis
1256 562 1317 599 est
1364 559 1461 599 haec
1510 573 1597 612 pars
1644 559 1829 600 carminis

431 635 646 684 momenti,
696 635 885 688 quoniam
931 634 1069 684 docet,
1104 636 1307 689 quomodo
1339 651 1451 677 suam
1487 636 1709 678 doctrinam
1742 651 1830 692 pro-

430 712 522 754 bare
555 716 723 754 conetur
743 727 867 766 seque
891 726 1061 767 purgare
1085 712 1134 753 de
1156 714 1322 754 crimine
1349 713 1661 768 superstitionis,
1695 713 1828 763 Deus,

432 789 626 838 mundus,
674 789 794 829 homo
842 789 1063 829 arctissimo
1112 789 1272 830 vinculo
1320 790 1427 830 inter
1468 805 1508 830 se
1549 795 1645 831 sunt
1676 791 1841 832 iuncta„

429 867 491 908 De
525 867 598 908 deo
631 871 766 908 autem
801 866 963 907 Manilii
995 866 1132 920 opinio
1165 881 1256 907 cum
1290 866 1516 908 Stoicorum
1548 867 1719 908 maxime
1741 881 1832 908 con-

429 946 554 999 gruit.
622 945 674 985 Hi
708 945 815 986 enim
850 945 1093 985 docuerunt:
1159 945 1261 984 θεὸν
1297 939 1406 984 εἶναι
1441 943 1550 996 ζῷον
1574 944 1827 994 ἀθάνατον,

431 1020 626 1072 λογικόν,
664 1019 823 1062 τέλειον
857 1027 881 1072 ή
917 1021 1063 1073 νοερὸν
1100 1024 1145 1061 ἐν
1181 1015 1477 1075 εὐδαιμονίᾳ-
1501 1044 1524 1052 -
1548 1022 1830 1077 προνοητικρν

431 1103 584 1151 κόσμου
629 1115 669 1138 τε
714 1101 782 1138 καὶ
827 1102 910 1139 τῶν
947 1100 990 1138 ἐν
1027 1101 1163 1151 κόσμῳ
1198 1113 1207 1123 ·
1242 1102 1294 1150 μὴ
1331 1095 1440 1138 εἶναι
1476 1098 1622 1151 μέντοι
1655 1098 1830 1152 ἄνθρω-

430 1179 646 1230 πόμορφον
683 1190 692 1199 ·
728 1172 837 1216 εἶναι
887 1174 932 1215 δὲ
982 1177 1054 1216 τὸν
1090 1178 1168 1228 μὲν
1203 1174 1460 1229 δημιουργὸν
1496 1177 1582 1216 τῶν
1615 1173 1724 1221 ὅλων
1760 1179 1829 1215 καὶ

429 1252 564 1305 ὥσπερ
599 1252 763 1306 πατέρα
797 1268 975 1293 παντων
1013 1255 1164 1299 κοινῶς
1201 1269 1240 1293 τε
1278 1256 1345 1292 καὶ
1386 1254 1427 1292 τὸ
1461 1252 1583 1307 μέρος
1623 1255 1750 1294 αὑτοῦ
1787 1254 1831 1292 τό

431 1329 577 1382 διῆκον
626 1328 696 1370 διὰ
731 1334 936 1380 πάντων,
976 1332 998 1370 ὁ
1034 1328 1212 1377 πολλαῖς
1248 1332 1546 1384 προσηγορίαις
1577 1334 1834 1386 προσονομά-

431 1408 578 1456 ζεσθαι
615 1411 724 1448 κατὰ
762 1410 835 1455 τὰς
869 1407 1086 1460 δυνάμεις.
1101 1410 1127 1462 ¹)
1194 1409 1302 1450 Deus
1335 1408 1492 1462 qualem
1527 1407 1720 1450 Manilius
1741 1422 1834 1448 eum

431 1487 546 1540 fingit
594 1487 759 1527 fortasse
808 1487 927 1527 etiam
961 1487 1106 1528 artiore
1149 1487 1311 1528 vinculo
1344 1501 1434 1527 cum
1469 1486 1620 1528 mundo
1653 1490 1713 1527 est
1744 1500 1834 1527 con·

431 1563 615 1612 iunctus,
648 1576 777 1616 neque
811 1563 974 1603 omnino
1007 1561 1056 1603 ab
1089 1577 1135 1603 eo
1158 1563 1447 1613 secernendus,
1469 1563 1527 1603 ita
1554 1562 1834 1604 uia-animantis

431 1654 574 1681 nomen
625 1638 768 1694 (ζῷον)
817 1641 854 1680 ei
897 1640 982 1680 dari
1031 1640 1096 1680 vix
1139 1641 1278 1694 possit.
1344 1640 1454 1681 Deus
1492 1644 1552 1680 est
1594 1640 1696 1680 ratio
1729 1654 1833 1694 quae

432 1721 578 1757 cuneta
610 1716 863 1771 gubernat.²)
909 1716 1089 1767 „Canam
1121 1718 1246 1758 tacita
1277 1722 1444 1758 naturae
1473 1721 1605 1758 mente
1627 1720 1832 1772 potentem

430 1795 690 1848 infusumqne
749 1794 867 1835 deum
922 1794 1053 1844 caelo,
1103 1794 1324 1847 terrisque,
1374 1795 1579 1848 fretoque,
1628 1794 1831 1848 ingentem

431 1871 589 1925 aequali
623 1871 894 1912 moderantem
928 1871 1085 1912 foedere
1118 1870 1286 1920 molem,
1321 1876 1534 1925 totumque
1567 1870 1720 1912 alterno
1742 1884 1834 1911 con·

423 1964 549 2007 ⁴sensu
592 1950 724 1989 vivere
759 1949 954 1989 mundum
988 1954 1028 1989 et
1061 1949 1227 1989 rationis
1261 1949 1324 2002 agi
1360 1954 1495 1998 motu,
1545 1963 1635 1989 cum
1668 1947 1833 2002 spiritus

433 2040 536 2066 unus
572 2040 640 2080 per
673 2030 836 2066 cunctas
869 2025 1023 2066 habitet
1057 2029 1189 2079 partes
1213 2029 1334 2078 atque
1358 2026 1499 2079 irriget
1521 2023 1834 2079 orbem,.omnia

432 2087 698 2158 pervolitans,
739 2117 962 2158 corpusque
994 2102 1163 2143 animale
1195 2101 1384 2156 figu1·et.’'
1409 2102 1437 2156 ³)
1501 2101 1627 2143 Totus
1660 2101 1834 2142 muudus

431 2181 514 2221 sive
547 2181 778 2221 universum
811 2181 1019 2234 est,quasi
1054 2181 1260 2229 animans,
1297 2179 1599 2220 cuiusanimus
1628 2182 1688 2219 est
1710 2178 1832 2227 deus,

431 2259 512 2298 sive
545 2273 701 2298 summa
733 2258 848 2299 ratio.
915 2257 1033 2307 „Hoc
1067 2272 1189 2313 opus,
1230 2257 1413 2298 immensi
1448 2259 1720 2298 constructum
1753 2270 1835 2296 cor-

431 2350 526 2389 pore
575 2335 738 2386 mundi,
797 2334 1052 2388 membraque
1102 2339 1268 2375 naturae
1301 2334 1457 2375 diversa
1488 2332 1651 2374 condita
1683 2333 1830 2380 forma,

432 2414 491 2453 vis
540 2414 696 2454 animae
745 2413 880 2454 divina
928 2413 1056 2466 regit,
1101 2426 1291 2466 sacroque
1335 2417 1470 2452 meatu
1503 2410 1704 2464 conspirat
1736 2410 1833 2449 deus

433 2492 473 2529 et
518 2490 643 2529 tacita
694 2490 850 2530 ratione
903 2487 1146 2544 gubernat.'’
1174 2489 1203 2542 ⁴)
1296 2488 1378 2528 Hoc
1445 2488 1573 2537 idem,
1637 2486 1830 2528 mundum

479 2708 500 2743 ¹)
550 2709 639 2744 Diog.
665 2709 697 2738 L.
723 2709 793 2741 VII,
822 2709 890 2738 147.

480 2761 505 2794 ²]
554 2763 604 2798 11,
630 2763 681 2792 82.

477 2822 501 2859 ³]
550 2824 601 2857 ΙΙ,
628 2824 667 2853 60
692 2831 779 2860 seqq.

478 2882 501 2919 ⁴)
551 2885 584 2918 1,
610 2884 683 2913 247.
