1910 3250
971 263 1250 303 -32—

497 381 616 430 Quod
649 381 684 419 si
717 382 990 430 argumentum
1021 391 1203 420 versuum
1238 392 1384 430 eorum,
1418 382 1460 420 in
1495 393 1595 432 quos
1629 382 1747 423 modo
1778 384 1837 436 in·

395 449 552 498 quisivi,
587 459 722 487 verum
756 448 953 486 detectum
987 450 1059 496 est,
1093 451 1274 487 exstante
1307 450 1496 498 „nunc“
1528 450 1727 499 particula
1751 451 1844 493 sine·

392 515 539 554 maiore
567 527 689 565 opera
715 515 956 564 perspicitur
984 515 1088 553 inter
1115 515 1271 555 laudem
1299 515 1524 555 Germanici
1542 517 1836 558 Astronomicis

390 583 579 622 insertam
605 587 645 622 et
671 583 812 621 foedus
839 594 926 621 cum
943 582 1106 621 Parthis
1134 583 1254 622 ictum
1279 584 1386 622 haud
1412 585 1470 623 ita
1496 586 1642 624 multos
1668 585 1754 624 dies
1777 585 1836 623 in-

388 650 584 688 terfuisse.
638 649 813 700 Oportet
839 651 965 699 igitur
991 662 1064 688 nos
1091 650 1148 688 sic
1174 651 1376 701 colligere,
1411 656 1455 690 ut
1483 656 1706 701 quartum
1732 665 1835 694 car·

388 718 533 756 minis
565 718 744 756 librum
776 718 1057 757 incohatum
1091 718 1223 756 circa
1249 719 1451 758 initium
1478 720 1592 758 anni
1619 721 1705 760 7¹72
1731 731 1836 760 esse

387 785 574 824 dicamus.
631 785 864 824 Confectum
897 789 1029 823 autem
1062 796 1147 823 esse
1179 785 1394 824 verisimile
1426 786 1584 825 videtur
1610 798 1698 826 eum
1722 783 1834 837 p'rius

388 863 503 900 quam
523 851 782 892 Germanicus
806 852 846 890 in
864 852 1093 903 Aegyptum
1111 852 1394 901 antiquitatum
1412 853 1700 892 noscendamm
1717 865 1836 892 causa

387 919 498 958 abiit.
545 918 686 968 Neque
716 919 819 958 enim
845 931 930 958 mea
959 919 1116 967 quidem
1143 920 1342 959 sententia
1367 921 1445 958 iam
1472 920 1643 960 insidias
1670 921 1832 960 Tiberio

385 987 548 1036 eiusque
574 989 698 1025 matre
722 987 952 1026 auctoribus
971 998 1044 1036 per
1061 986 1249 1026 Pisonem
1266 987 1578 1037 Plancinamque
1598 986 1832 1027 Germanico

385 1057 545 1103 paratas
580 1058 824 1103 cognoverat
861 1065 908 1092 eo
941 1055 1132 1103 tempore,
1174 1065 1252 1103 quo
1287 1054 1330 1092 in
1363 1055 1560 1105 principis
1594 1054 1751 1094 laudem
1785 1075 1832 1083 —

386 1122 492 1170 quod
520 1122 702 1160 omnibus
729 1121 810 1160 fere
836 1122 1029 1171 probasse
1056 1133 1116 1160 me
1143 1122 1299 1160 confido
1328 1143 1372 1150 --
1401 1122 1692 1172 apotelesmata
1716 1120 1833 1161 Scor-

382 1189 442 1238 pii
469 1188 551 1227 sive
580 1187 791 1238 Sagittarii
819 1188 986 1227 carmini
1013 1189 1269 1238 interposuit.
1323 1188 1426 1239 (cfr.
1453 1201 1493 1239 p.
1520 1191 1582 1229 36.
1612 1189 1694 1239 89.)

482 1255 574 1294 Hoc
606 1256 770 1294 invento
806 1256 840 1294 si
875 1256 1032 1305 quidem
1067 1256 1211 1294 librum
1245 1256 1267 1294 I
1303 1257 1376 1295 sub
1409 1257 1524 1295 finem
1555 1256 1650 1295 anni
1677 1258 1752 1297 '770
1781 1277 1831 1285 —

382 1323 550 1362 fortasse
578 1326 619 1361 et
644 1323 775 1373 ipsum
801 1323 843 1361 in
866 1323 1019 1372 itinere,
1049 1322 1284 1362 Germanico
1304 1325 1389 1362 tum
1407 1324 1448 1362 in
1467 1324 1631 1374 Illyrico
1650 1327 1830 1364 morante

381 1412 431 1420 —
457 1389 721 1441 compositum
747 1402 832 1429 esse
858 1395 965 1429 recte
991 1391 1275 1440 demonstravi,
1303 1391 1475 1440 simplici
1500 1391 1656 1430 ratione
1674 1403 1722 1431 eo
1743 1403 1830 1442 per-

381 1459 573 1507 venimus,
607 1460 653 1496 ut
685 1458 812 1497 libros
838 1458 882 1496 II
910 1460 950 1497 et
976 1458 1042 1496 III
1069 1470 1173 1496 anno
1203 1461 1274 1498 771
1302 1457 1431 1497 literis
1459 1458 1719 1508 consignatos
1745 1469 1830 1497 esse

380 1538 586 1577 ponamus.
613 1547 662 1555 -
691 1526 781 1574 Qua
807 1525 896 1575 ipsa
921 1525 970 1564 de
998 1537 1116 1564 causa
1142 1526 1292 1564 nullam
1317 1525 1428 1564 vides
1456 1525 1612 1576 culpam
1633 1537 1708 1564 nos
1727 1537 1830 1566 com-

378 1594 546 1643 misisse,
574 1594 681 1642 quod
711 1605 811 1642 quae
838 1596 944 1631 esset
969 1593 1130 1632 illorum
1157 1596 1266 1631 aetas
1292 1593 1580 1642 perscrutaturi
1609 1595 1651 1633 et
1672 1593 1724 1633 ad
1742 1605 1829 1633 ora-

379 1661 510 1700 culum
545 1660 671 1700 Clarii
706 1659 913 1710 Apollinis
954 1663 995 1698 et
1034 1659 1085 1698 ad
1116 1659 1304 1699 Rhodum
1343 1660 1514 1700 insulam
1547 1661 1661 1710 quasi
1692 1660 1829 1700 confu-

380 1727 520 1778 gimus.
1673 1770 1684 1784 δ

481 1795 726 1844 Quamquam
753 1794 849 1843 quid
876 1793 1048 1843 loquor?
1086 1795 1136 1833 In
1164 1806 1242 1844 quo
1269 1806 1385 1833 versu
1404 1794 1606 1834 cardinem
1622 1806 1827 1845 argumen-

379 1863 547 1902 tationis
574 1866 735 1901 nostrae
762 1863 912 1901 versari
933 1863 1031 1911 dixi,
1058 1874 1189 1900 nonne
1209 1863 1244 1900 is
1263 1866 1304 1901 et
1322 1875 1345 1900 a
1362 1862 1535 1900 Molinio
1554 1874 1601 1900 ac
1621 1861 1826 1912 Scaligero

380 1942 545 1980 prorsus
579 1932 751 1969 mutatus
779 1933 820 1969 et
846 1942 870 1968 a
895 1929 1081 1968 Bentleio
1109 1932 1229 1978 atque
1256 1931 1344 1979 ipso
1373 1930 1542 1979 Jacobo,
1577 1930 1646 1980 qui
1671 1941 1826 1980 perver-

382 1997 557 2036 sissimas
597 2009 659 2036 res
695 1998 758 2036 vel
790 1997 895 2036 tueri
930 1997 1099 2036 artificio
1134 1997 1275 2047 soleat,
1313 2000 1502 2047 tanquam
1535 1997 1772 2036 subditicius
1806 2009 1827 2036 e

381 2066 552 2104 carmine
585 2066 732 2104 eiectus
760 2065 846 2105 est?
901 2064 982 2104 Cur
1007 2065 1084 2104 hoc
1109 2065 1299 2115 religioni
1327 2077 1408 2104 non
1434 2065 1590 2106 habeo?
1639 2064 1826 2104 Metusne

380 2136 441 2171 est
467 2133 614 2182 nullus,
642 2144 691 2171 ne
718 2145 799 2172 non
826 2133 1013 2183 vigilanti
1039 2137 1168 2172 mente
1191 2144 1285 2173 vera
1302 2133 1481 2182 viderim,
1509 2133 1579 2172 sed
1595 2133 1701 2172 inter
1718 2133 1825 2172 lucu-

378 2200 574 2239 brandum
601 2200 906 2240 somniaverim?

480 2267 598 2316 Quod
626 2268 966 2317 quotienscunque
993 2269 1079 2318 ipse
1107 2279 1156 2306 ex
1182 2280 1242 2307 me
1267 2267 1512 2317 quaerebam,
1538 2267 1650 2307 nulla
1667 2267 1824 2308 ratione

379 2336 616 2374 sententiam
641 2347 766 2374 meam
792 2336 948 2374 abicere
977 2336 1159 2386 cogebar.
1200 2335 1295 2374 Non
1317 2335 1420 2374 enim
1438 2335 1522 2374 ulla
1539 2347 1588 2373 ex
1605 2337 1720 2385 parte
1737 2347 1823 2374 ver—

379 2414 445 2441 sus
472 2403 541 2441 ille
568 2403 610 2441 in
637 2403 904 2453 suspicionem
930 2403 1052 2442 falsae
1075 2403 1167 2442 fidei
1187 2403 1308 2442 venit,
1348 2403 1398 2440 In
1417 2402 1598 2442 omnibus
1619 2401 1823 2441 codicibus

377 2470 654 2520 integerrimus
682 2470 867 2508 traditur.
907 2469 1003 2508 Non
1030 2473 1103 2519 est,
1132 2471 1238 2519 quod
1263 2471 1449 2509 miremur
1465 2473 1637 2520 poetam,
1663 2470 1756 2509 dum
1771 2469 1821 2508 de

377 2540 571 2576 terrarum
596 2538 834 2587 patrociniis
855 2538 952 2587 agit,
979 2541 1142 2587 repente
1161 2538 1212 2576 ad
1230 2538 1428 2576 hominem
1446 2537 1687 2576 laudandum
1704 2536 1820 2576 defle-

375 2605 502 2644 xisse:
533 2606 609 2644 hoc
636 2606 821 2644 nimirum
847 2617 927 2643 non
955 2617 1065 2644 secus
1091 2605 1302 2644 Manilium
1330 2606 1444 2645 decet
1469 2607 1588 2654 atque
1616 2604 1724 2654 quod
1747 2603 1820 2647 Li-

374 2672 471 2712 brae
503 2675 662 2724 partum
692 2677 851 2724 praeter
887 2677 1040 2712 ceteros
1068 2673 1221 2712 felicem
1246 2685 1331 2712 esse
1358 2673 1581 2723 praedicat;
1614 2672 1690 2711 huc
1715 2671 1819 2711 abri-

374 2740 485 2790 pitur
517 2742 686 2781 maximo
716 2741 899 2782 Caesaris
933 2754 1079 2782 amore.
1130 2741 1271 2791 Neque
1305 2743 1432 2792 „que“
1464 2740 1663 2791 particula
1695 2740 1818 2780 tertio

1686 3186 1689 3189 -
1728 3178 1758 3194 a?
1791 3185 1797 3187 -
1839 3189 1858 3193 .»
1907 3164 1910 3178 ⁴

1643 3195 1703 3227 a*
1843 3179 1910 3250 *l

1615 3227 1630 3250 1:
1648 3229 1678 3250 :1'
1694 3227 1696 3232 '
1777 3226 1847 3250 mim
