1936 3392
321 389 373 429 10

434 504 555 554 Quod
603 505 719 559 prius
766 505 1039 545 conieceram:
1092 507 1365 558 teretesque
1406 508 1549 558 optare
1591 505 1773 557 lacertos,

317 575 534 628 occupavit
574 574 848 615 Ruhnkenius
891 574 943 614 ad
984 573 1191 614 Rutilium
1233 573 1415 627 Lupum,
1457 587 1494 627 p.
1532 575 1587 615 94
1629 573 1773 629 (Lugd.

318 644 473 697 Batav.,
506 645 643 696 1768).
705 643 785 685 Sed
821 643 929 684 nihil
964 642 1225 684 movendum.
1290 643 1457 684 Sterilis
1490 644 1660 685 lacertos
1690 657 1774 685 non

317 718 376 755 est
411 715 568 766 vulsos,
606 717 654 755 ut
689 713 862 768 exponit
891 712 1091 766 Scaliger,
1129 716 1269 753 contra
1299 725 1423 766 quem
1453 716 1562 754 recte
1593 713 1776 767 disputat

315 784 609 837 Ruhnkenius,
641 784 714 825 sed
744 786 892 824 natura
921 782 1096 836 glabros.

430 888 473 929 L.
505 889 562 941 V,
592 902 628 928 v.
656 889 906 929 280—282.
968 886 1107 940 Spica,
1144 887 1282 940 inquit
1316 890 1451 940 poeta,
1478 899 1682 942 >arvorum
1711 887 1776 928 in-

314 962 482 1012 generat
517 959 702 999 studium
738 958 932 1011 rurisque
969 956 1149 1009 colendi,
1185 956 1262 997 hoe
1300 960 1377 1009 est,
1414 957 1574 998 semina
1609 957 1775 1002 credere

314 1029 455 1081 terris,
485 1031 577 1069 etc:

454 1097 513 1138 Et
541 1098 582 1138 si
610 1097 718 1151 forte
749 1097 864 1138 labor
892 1096 1011 1137 ruris
1043 1095 1275 1137 tardaverit
1301 1095 1421 1148 artis,

460 1167 566 1216 Quis
596 1167 689 1208 sine
719 1167 840 1208 nulla
876 1165 1010 1219 Ceres,
1041 1179 1131 1207 non
1159 1166 1275 1207 ullus
1303 1165 1482 1207 seminis
1510 1179 1629 1218 usus,

457 1237 640 1279 Subdere
668 1237 860 1291 fractum
890 1235 1004 1277 silici
1032 1236 1270 1290 frumenta,
1304 1238 1376 1277 etc.

430 1318 479 1359 V.
513 1320 595 1360 280
639 1318 866 1359 admodum
909 1318 1085 1359 obscura
1127 1320 1188 1358 est
1230 1317 1444 1358 sententia.
1515 1316 1635 1371 „Non
1670 1317 1774 1358 mihi

314 1389 559 1443 persuadeo,
589 1389 730 1442 inquit
756 1388 887 1430 Jacob
919 1388 972 1428 ad
995 1388 1033 1428 h.
1056 1388 1100 1441 l.,
1130 1387 1271 1428 labore
1295 1388 1404 1428 ruris
1427 1387 1647 1447 fatigatum
1670 1388 1776 1442 agri-
1808 1415 1811 1418 «

315 1459 443 1500 colam
489 1459 541 1500 ad
583 1462 737 1500 ceteras
777 1461 884 1499 artes
922 1446 1221 1499 accessurum.“
1292 1457 1412 1498 Adde
1447 1457 1531 1498 huc
1567 1457 1697 1512 quod,
1739 1457 1775 1498 si

313 1528 439 1569 verba
469 1529 701 1583 distinguas
725 1531 773 1569 ut
795 1528 892 1569 fecit
914 1527 1064 1581 Jacob,
1094 1539 1324 1581 pronomen
1348 1526 1445 1581 quis
1468 1527 1518 1579 (v.
1534 1526 1634 1580 280)
1658 1525 1775 1568 nullo

313 1599 435 1640 modo
473 1599 524 1639 ad
560 1598 812 1640 vocabulum
849 1598 962 1652 quod
998 1601 1059 1638 est
1091 1597 1255 1650 „artis“
1283 1597 1490 1651 pertinere
1519 1599 1668 1651 potest,
1704 1596 1777 1638 sed

313 1669 365 1710 ad
407 1670 510 1722 ‚,ea“
553 1668 822 1710 subauditum
860 1671 901 1709 et
936 1667 1045 1708 infra
1080 1679 1154 1721 per
1189 1666 1421 1708 infinitivos
1457 1666 1648 1720 subdere,
1691 1670 1776 1720 etc,

313 1739 583 1793 explicatum,
622 1751 727 1792 quae
765 1739 867 1779 ratio
904 1737 1128 1778 durissima
1164 1740 1235 1778 est.
1295 1736 1346 1777 Id
1375 1736 1504 1791 probe
1534 1737 1776 1792 intellegens

313 1809 465 1863 Pingre
494 1810 553 1850 ita
581 1809 858 1862 interpungit:

453 1879 512 1920 Et
541 1879 582 1920 si
610 1879 719 1933 forte
750 1878 865 1919 labor
895 1877 1013 1918 ruris
1045 1877 1291 1926 tardaverit,
1323 1879 1434 1918 artes

459 1949 565 1999 Quis
594 1949 688 1990 sine
717 1949 838 1990 nulla
874 1947 1008 2001 Ceres,
1041 1950 1114 1988 etc.

429 2031 469 2072 N
472 2034 664 2085 otamque
698 2030 829 2072 addit:
875 2029 1015 2084 „Nous
1046 2029 1218 2070 suivons
1247 2028 1589 2083 l'interpretation
1620 2027 1777 2070 d’Huet

314 2127 367 2131 —
408 2103 462 2153 (at
497 2102 541 2142 in
572 2100 720 2142 Huetii
758 2099 1194 2141 animadversionibus
1232 2099 1282 2140 de
1318 2099 1652 2152 interpunctione
1686 2111 1776 2140 ver-

313 2172 413 2212 bum
445 2171 622 2222 nullum)
655 2185 729 2222 -3
765 2171 805 2211 la
834 2171 1103 2224 ponctuation
1133 2169 1184 2211 de
1214 2169 1378 2210 Bentlei
1410 2193 1462 2198 —-
1497 2169 1637 2223 (quam
1665 2181 1776 2210 rece-

313 2243 374 2296 pit
395 2241 540 2295 Jacob)
573 2266 627 2270 —
659 2240 898 2282 semblerait
922 2253 975 2281 en
999 2251 1199 2294 supposer
1222 2251 1304 2280 une
1330 2241 1463 2293 autre,
1494 2239 1569 2293 qui
1592 2251 1646 2280 ne
1669 2252 1776 2281 nous

313 2314 446 2366 parait
474 2315 602 2366 gnere
633 2311 907 2352 admissible.“

431 2381 551 2431 Quod
577 2382 628 2423 ad
654 2394 822 2423 sensum
848 2380 1018 2435 quidem
1044 2381 1206 2434 attinet,
1231 2379 1455 2434 probabilis
1479 2382 1540 2420 est
1564 2391 1627 2433 ea,
1652 2393 1776 2434 quam

313 2452 469 2507 Pingre
509 2452 715 2506 probavit,
758 2452 890 2493 lectio.
957 2450 1038 2492 Sed
1075 2450 1261 2504 displicet
1295 2450 1448 2491 locutio
1485 2449 1601 2491 labor
1637 2450 1778 2492 tardat

313 2535 387 2576 pro
413 2522 529 2564 labor
552 2525 682 2563 cessat
690 2539 705 2573 ,·
740 2522 931 2576 displicet
955 2521 1217 2562 accusativus
1240 2523 1351 2562 artes
1373 2519 1557 2574 pendens
1577 2531 1631 2560 ex
1648 2519 1775 2562 verbo

312 2593 481 2647 longius
511 2595 668 2633 remoto
700 2592 951 2646 (institerat,
983 2604 1020 2631 v.
1048 2591 1160 2644 273).

428 2661 637 2716 Equidem
687 2665 787 2716 puto
830 2661 1054 2703 Manilium
1094 2673 1181 2702 non
1224 2660 1275 2702 de
1318 2659 1625 2701 intermissione
1666 2660 1776 2701 ruris

312 2732 505 2774 laborum
542 2733 678 2786 loqui,
715 2732 789 2774 sed
825 2732 903 2773 hoc
939 2731 1139 2772 voluisse:
1181 2731 1368 2771 homines
1406 2730 1480 2783 qui
1518 2728 1594 2770 sub
1633 2728 1776 2784 Spicae

314 2803 432 2857 signo
464 2806 694 2844 nascuntur
724 2803 833 2858 agris
864 2801 1047 2843 colendis
1078 2801 1248 2842 student
1276 2803 1354 2841 aut
1382 2799 1531 2841 saltem
1559 2799 1777 2854 pistrinam

315 2876 520 2914 exercent.
592 2872 690 2914 Huc
735 2873 850 2914 ducit
890 2871 1071 2913 formula
1111 2870 1171 2912 Et
1199 2870 1241 2912 si
1279 2869 1389 2925 forte
1420 2901 1429 2909 .
1461 2901 1469 2909 .
1501 2901 1510 2910 .
1583 2868 1640 2910 cf.
1670 2869 1695 2910 1.
1725 2869 1776 2923 V,

314 2956 350 2983 v.
383 2944 466 2984 492
493 2956 598 2997 sqq.:
