1930 3320
752 266 1034 306 -29-

251 391 292 434 A
338 404 518 443 vesper
565 391 835 433 substantivo
880 391 1094 433 ablativus
1141 404 1303 443 vespere
1334 390 1554 432 derivatus
1586 394 1653 432 est

139 463 162 504 I
207 464 312 515 872,
362 462 484 504 euius
531 461 736 503 vocabuli
780 461 896 517 apud
941 461 1166 504 Manilium
1213 462 1349 507 ceteri
1395 476 1520 504 casus
1565 476 1652 504 non

98 528 100 531 ¹
138 533 345 589 leguntur
373 535 549 588 praeter
578 531 906 573 nominativum.

253 601 489 643 Praeterea
516 614 805 642 commemoro
837 600 1066 653 compede
1098 601 1336 643 ablativum
1359 601 1401 643 V
1421 602 1514 643 187.
1547 602 1652 642 663;

141 671 255 729 quod
293 670 611 713 substantivum
652 670 1034 724 grammaticorum
1067 671 1318 712 testimonio
1357 671 1525 728 plurale
1557 675 1655 712 tan-

140 746 233 784 tum
261 744 340 793 est,
371 740 432 781 ita
451 743 612 790 tamen,
643 743 692 779 ut
714 738 931 780 ablativus
964 739 1198 795 singularis
1231 754 1362 797 saepe
1397 739 1654 796 occurrat1).

141 811 256 853 Item
287 807 463 851 admisit
483 811 615 864 poeta
645 821 721 848 am
735 807 923 860 bayine
956 808 1193 849 ablativum
1222 808 1288 850 IV
1305 810 1386 850 304
1407 809 1462 850 ab
1484 809 1656 863 ambayo

142 879 415 922 substantivo
459 876 717 919 derivatum.
778 876 979 932 Denique
1025 878 1248 930 spolium
1295 878 1468 934 scripsit
1503 878 1525 920 I
1558 880 1653 921 360.

142 949 188 992 II
221 951 288 991 32.
318 948 384 990 IV
419 949 512 989 179.
543 947 585 988 V
617 948 699 988 572
730 961 849 988 more
880 946 1138 1002 Vergiliano
1171 952 1215 990 et
1247 947 1473 990 Ovidiano.

465 1086 539 1129 De
571 1085 946 1128 declinatione
978 1088 1356 1143 pronominum.

260 1168 593 1212 Pronominis
635 1168 935 1225 personalis
974 1169 1191 1211 secundae
1233 1183 1448 1225 personae
1480 1183 1657 1211 accusa-

147 1241 262 1282 tivus
297 1239 434 1281 semel
463 1238 650 1294 insignis
682 1242 750 1280 est
780 1237 952 1279 adiecto
986 1240 1088 1279 -met
1118 1238 1276 1280 suffixo
1298 1238 1368 1279 III
1391 1239 1472 1280 324
1505 1240 1656 1279 temet.

145 1309 316 1352 Eodem
372 1307 502 1350 modo
553 1307 739 1350 eundem
790 1307 946 1349 tertiae
999 1321 1214 1363 personae
1264 1322 1412 1349 casum
1458 1307 1659 1349 formavit

145 1379 169 1420 I
202 1379 299 1421 869.
359 1377 406 1419 II
454 1378 549 1419 128.
593 1378 690 1418 470.
730 1378 825 1419 495.
887 1375 952 1417 IV
985 1377 1081 1417 294.
1121 1379 1216 1419 540.
1253 1377 1350 1418 839.
1386 1377 1489 1426 873;
1536 1376 1658 1418 abla-

146 1447 282 1488 tivum
321 1445 368 1487 II
399 1447 496 1487 581.
528 1446 633 1494 634;
678 1444 866 1500 denique
898 1444 1092 1486 dativum
1123 1444 1189 1486 IV
1220 1446 1316 1486 439.
1378 1444 1491 1488 Sese
1529 1459 1658 1488 accu-

150 1516 313 1558 sativus
345 1515 589 1571 geminatus
623 1518 745 1556 extat
774 1514 820 1555 II
852 1516 949 1557 409.
1009 1514 1075 1555 IV
1107 1516 1203 1556 579.
1236 1515 1332 1557 831.

265 1585 601 1628 Pronominis
653 1584 948 1641 possessivi
1011 1598 1224 1641 personae
1281 1585 1435 1627 tertiae
1491 1583 1660 1642 (suus)

147 1655 319 1698 dativus
350 1655 421 1697 vel
453 1654 667 1696 ablativus
699 1654 879 1709 pluralis
902 1653 1041 1694 tribus
1063 1653 1171 1694 locis
1192 1655 1291 1695 -met
1311 1654 1467 1696 suffixo
1491 1654 1661 1697 adiecto

146 1725 358 1767 formatus
391 1727 459 1766 est
488 1723 658 1765 suismet
688 1722 754 1764 IV
785 1724 852 1764 43.
888 1723 980 1764 134.
1013 1721 1055 1763 V
1087 1723 1182 1763 214.

263 1793 333 1836 De
363 1792 684 1850 pronominis
717 1790 1118 1833 demonstrativi
1147 1791 1208 1841 is,
1245 1804 1317 1842 ca,
1355 1790 1406 1832 id
1437 1795 1480 1833 et
1516 1791 1661 1843 idem,

146 1863 329 1914 eadem,
366 1862 493 1904 idem
531 1862 682 1904 formis
714 1861 822 1904 haec
853 1860 1070 1903 monenda
1102 1865 1223 1902 sunt:
1267 1859 1475 1903 Dativum
1513 1861 1661 1916 singu-

150 1933 254 1975 laris
301 1932 340 1974 ei
381 1931 519 1974 semel
560 1931 582 1972 I
623 1933 704 1973 285
747 1930 958 1988 producta
999 1930 1268 1986 paenultima
1282 1929 1320 1985 2)
1366 1930 1664 1987 pronuntiavit

150 2001 357 2044 Manilius
388 2000 582 2042 Lucretii
627 2001 828 2056 exemplo
877 2000 1112 2042 obsecutus
1161 1999 1227 2055 <II
1275 2001 1398 2041 1136.
1458 2000 1529 2041 III
1566 2003 1662 2042 556.

153 2071 196 2114 V
226 2072 322 2112 284.
357 2072 453 2111 754.
512 2069 579 2110 VI
609 2069 735 2123 674);
779 2069 824 2110 in
854 2068 984 2110 eidem
1028 2068 1174 2110 dativo
1212 2069 1559 2124 monosyllabum
1597 2073 1664 2111 est

151 2139 191 2182 ei
219 2139 291 2181 III
324 2140 375 2180 73
393 2138 440 2195 ³).
502 2137 806 2180 Nominativus
838 2137 1020 2194 pluralis
1043 2137 1164 2188 idern,
1197 2151 1280 2192 quo
1298 2137 1502 2179 Manilius
1527 2139 1664 2179 semel

151 2208 287 2251 utitur
318 2209 385 2264 (ΙΙ
416 2209 531 2262 518),
578 2207 821 2263 bisyllabus
854 2211 942 2259 est,
986 2206 1092 2248 item
1133 2206 1302 2248 dativus
1344 2207 1416 2248 vel
1446 2207 1663 2248 ablativus

151 2277 333 2336 pluralis
378 2277 507 2318 isdem
544 2276 584 2332 (I
617 2278 710 2318 186.
770 2275 815 2317 II
848 2277 915 2317 97.
976 2275 1046 2316 III
1079 2277 1144 2317 78.
1177 2277 1274 2318 487.
1333 2275 1398 2317 IV
1431 2278 1525 2317 510.
1567 2277 1663 2319 589.

153 2345 271 2404 652).
346 2346 600 2388 Ablativum
646 2346 706 2388 eis
751 2350 950 2402 correpta
995 2345 1264 2402 paenultima
1309 2345 1444 2387 habes
1490 2345 1536 2386 II
1569 2347 1664 2399 744,

154 2416 346 2472 itemque
389 2415 538 2457 eisdem
583 2420 784 2471 correpta
823 2415 1193 2471 antepaenultima
1229 2414 1274 2455 II
1306 2416 1400 2457 707.
1460 2414 1663 2470 Denique

153 2484 416 2527 monendum
462 2489 530 2526 est
559 2484 743 2526 formam
774 2484 962 2541 priscam
993 2484 1100 2534 ollis,
1149 2497 1259 2539 quae
1307 2484 1351 2524 in
1381 2482 1533 2525 Iacobi
1572 2483 1664 2526 edi-

154 2555 273 2597 tione
314 2553 337 2595 I
358 2556 439 2595 427
473 2554 796 2607 circumfertur,
841 2569 929 2596 non
959 2554 1039 2596 niti
1070 2553 1281 2595 librorum
1316 2567 1447 2595 manu
1479 2554 1682 2610 scripto-=

154 2638 250 2666 rum
279 2623 378 2666 fide.

269 2692 602 2735 Pronominis
645 2692 751 2745 qui,
797 2706 940 2746 quae,
985 2691 1114 2746 quod
1154 2691 1325 2734 dativus
1366 2696 1409 2733 et
1448 2691 1663 2733 ablativus

252 2847 278 2889 ¹)
301 2844 406 2878 Neue
438 2843 462 2877 l.
494 2842 517 2877 l.
543 2843 584 2877 Ι2
621 2856 656 2888 p.
681 2844 759 2879 453.
800 2846 814 2889 Η
867 2845 895 2889 ²)
927 2845 969 2880 cf.
995 2844 1035 2879 L.
1060 2843 1227 2886 Mueller,
1257 2843 1292 2877 d.
1318 2855 1345 2878 r.
1370 2854 1418 2876 m.
1451 2853 1486 2886 p.
1516 2840 1593 2875 272.
1635 2841 1649 2884 {l

159 2906 186 2950 ³)
211 2904 246 2940 d.
269 2916 298 2939 r.
322 2915 369 2938 m.
395 2915 431 2949 p.
456 2901 535 2936 271.
