1910 3250
957 305 1232 346 ..86-

369 491 431 529 dis
458 492 673 530 virtutibus
701 492 894 531 subdolus
904 490 947 536 ²²³)
974 493 1225 531 adversarios
1252 493 1478 534 interimere
1505 496 1760 538 consuesset?
1794 499 1807 535 ss
1826 495 1835 522 Ὺ

473 557 624 595 Contra
651 558 746 596 haee
773 557 874 595 alius
898 557 1046 596 dixerit
1066 569 1140 596 nos
1158 559 1363 598 nobiseum
1382 561 1492 610 ipsos
1511 573 1702 613 pugnare,
1728 574 1816 603 cum

372 625 456 663 illic
489 637 594 663 anno
629 627 701 664 771
732 625 796 663 hic
821 626 947 663 multo
974 628 1069 675 post
1094 626 1239 664 librum
1265 627 1308 666 II
1335 629 1598 678 compositum
1623 641 1709 668 esse
1736 634 1815 671 sta,-

369 696 536 732 tuamus.
587 693 649 731 Ea
684 693 968 731 sententiarum
1002 693 1204 732 discordia
1229 694 1394 732 celerius
1422 695 1614 746 opinione
1641 697 1815 737 tollitur.

369 761 446 798 Est
472 761 587 810 enim,
620 765 665 799 ut
692 762 850 811 opinor,
886 761 1139 799 statuendum
1165 773 1249 799 eam
1275 762 1371 800 libri
1397 763 1441 801 ΙΙ
1467 769 1632 814 partem,
1666 764 1710 803 in
1737 772 1816 816 qua

370 829 584 876 querellam
617 829 665 866 de
699 831 824 866 morte
853 827 1076 867 Germanici
1107 828 1306 867 invenisse
1332 830 1429 868 mihi
1453 830 1606 882 videor,
1638 834 1726 872 tum
1749 832 1816 872 de-

368 908 471 934 mum
504 908 588 934 esse
622 897 823 944 insertam,
861 907 947 934 cum
975 895 1228 945 turpissimae
1255 897 1349 935 illae
1377 897 1546 937 insidiae
1572 898 1680 939 vitae
1705 900 1815 941 illius

367 965 543 1002 intentae
571 964 613 1001 in
641 975 708 1002 ore
737 963 910 1002 omnium
935 963 1056 1002 fuere.
1096 962 1158 1001 Ac
1183 963 1354 1013 primum
1383 964 1540 1013 quidem
1565 967 1814 1011 tentantibus

367 1032 483 1070 nobis
517 1031 674 1081 singula
710 1031 805 1070 libri
840 1031 881 1068 II
915 1031 1099 1080 membra,
1132 1035 1300 1080 excepto
1332 1033 1553 1082 prooemio,
1586 1035 1669 1073 tam
1701 1031 1816 1074 arida
1860 1050 1865 1055 ·

367 1103 526 1147 tamque
552 1099 686 1137 ieiuna
711 1099 942 1148 plerumque
970 1098 1208 1147 sentiuntur,
1234 1102 1280 1136 ut
1294 1110 1420 1148 paene
1439 1099 1640 1140 sordeant.
1678 1100 1814 1142 Unum

368 1178 476 1216 vero,
504 1167 611 1215 quod
637 1169 796 1205 constat
821 1166 1002 1204 versibus
1029 1166 1242 1215 581-607,
1270 1166 1466 1214 quandam
1493 1168 1726 1218 suppeditat
1743 1182 1814 1209 no-

367 1234 429 1272 bis
463 1235 710 1284 voluptatem
744 1246 790 1272 ac
822 1233 990 1283 depellit
1023 1233 1196 1271 taedium
1231 1245 1251 1272 e
1285 1235 1427 1272 ceteris
1454 1238 1601 1275 natum.
1651 1235 1716 1275 Ex
1742 1237 1813 1277 im·

368 1301 532 1350 proviso
552 1302 655 1340 enim
673 1302 890 1352 profluunt,
917 1301 986 1339 ubi
1003 1300 1053 1339 de
1072 1300 1269 1338 sideribus
1288 1301 1393 1340 inter
1410 1313 1452 1340 se
1469 1301 1640 1342 inimicis
1658 1302 1815 1354 agitur:

618 1386 781 1429 „Idcirco
805 1385 892 1420 nihil
916 1396 962 1419 ex
985 1387 1103 1420 semet
1125 1386 1255 1420 natura
1279 1385 1415 1420 creavit
1593 1426 1596 1428 v

618 1442 772 1478 Pectore
797 1441 977 1476 amicitiae
1001 1441 1116 1476 maius
1139 1451 1208 1476 nec
1230 1441 1344 1476 rarius
1367 1441 1560 1486 usquam“;

368 1521 410 1558 in
436 1524 570 1571 partes
598 1525 791 1559 vocantur
812 1519 975 1559 Orestes
1003 1523 1042 1558 et
1060 1519 1233 1570 Pylades
1260 1519 1422 1569 aliique,
1451 1520 1519 1569 qui
1539 1519 1814 1562 familiaritate

366 1596 412 1626 ac
438 1588 730 1626 necessitudine
757 1588 967 1626 clarissimi
994 1588 1167 1626 omnium
1194 1587 1588 1636 sunt3>conqueritur
1612 1592 1754 1639 poeta:

571 1672 734 1717 „Perque
757 1674 814 1706 tot
837 1673 978 1706 aetates
1001 1671 1194 1714 hominum,
1217 1673 1274 1706 tot
1295 1674 1461 1717 tempora
1483 1673 1521 1707 et
1543 1681 1660 1708 annos

571 1729 644 1764 Tot
666 1728 763 1763 bella
786 1731 824 1763 et
846 1728 966 1763 varios
990 1727 1100 1762 etiam
1124 1728 1190 1762 sub
1214 1737 1307 1772 pace
1330 1727 1475 1763 labores

571 1783 687 1826 Quum
711 1785 855 1819 fortune.
878 1783 985 1818 fidem
1010 1785 1172 1828 quaerat,
1195 1783 1256 1818 vix
1279 1783 1413 1818 invenit
1434 1793 1598 1828 usquam.

570 1841 624 1875 At
647 1844 783 1884 quanta
808 1843 866 1875 est
889 1839 1111 1874 scelerum
1135 1838 1249 1875 moles
1272 1850 1337 1884 per
1359 1839 1506 1875 saecula
1529 1842 1662 1876 cuncta

571 1895 758 1940 Quamque
781 1905 870 1930 onus
893 1895 1096 1930 invidiae
1120 1906 1191 1930 non
1214 1895 1424 1931 excusabile
1446 1895 1551 1932 terris

568 1952 771 1987 Venales
799 1951 852 1986 ad
876 1951 976 1986 fata
999 1954 1160 1996 patres
1185 1979 1193 1988 .
1218 1978 1227 1987 .
1251 1952 1282 1987 .“

470 2043 586 2081 Talia
619 2054 760 2092 parum
793 2042 1010 2080 concinunt
1042 2053 1128 2080 cum
1155 2030 1386 2080 tenuissima
1412 2041 1608 2093 oratione,
1642 2030 1743 2092 duae
1769 2043 1812 2082 in

369 2111 641 2160 superioribus
675 2112 795 2158 atque
829 2109 935 2146 haud
969 2109 1027 2147 ita
1059 2109 1184 2148 multo
1217 2113 1311 2158 post
1345 2109 1600 2158 sequentibus
1630 2110 1811 2150 versibus

368 2178 584 2227 conspicua
618 2181 690 2225 est,
724 2179 842 2225 atque
876 2177 917 2213 in
944 2177 1072 2226 primo
1100 2176 1204 2215 libro
1233 2180 1433 2215 aeternam
1458 2189 1594 2227 pacem
1619 2177 1811 2217 celebrari

367 2247 522 2294 iamque
558 2246 599 2284 in
633 2245 806 2283 seeundo
839 2244 1002 2282 eandem
1034 2248 1162 2282 totum
1194 2256 1266 2294 per
1298 2245 1484 2283 mundum
1517 2245 1713 2284 sublatam
1745 2245 1810 2284 de-

366 2313 519 2362 plorari
546 2312 794 2350 admiramur.
849 2312 956 2360 Quin
982 2313 1183 2351 rhetorum
1207 2318 1434 2362 praecepta,
1466 2314 1512 2351 ut
1536 2315 1650 2363 puto,
1674 2312 1808 2363 negle-

366 2382 525 2428 guntur,
558 2379 630 2418 has
658 2379 874 2418 sententias
902 2379 935 2417 si
964 2380 1052 2428 quis
1079 2379 1269 2418 conectit:
1303 2378 1425 2427 „Noli
1455 2378 1655 2430 admirari,
1685 2380 1721 2418 si
1746 2384 1810 2420 tot

366 2447 495 2485 modis
527 2447 676 2485 totiens
709 2447 869 2485 inimica
903 2447 1112 2485 creantur“
1146 2451 1187 2484 et
1213 2447 1441 2495 „Idcirco
1470 2447 1571 2485 nihil
1597 2451 1658 2487 est
1683 2448 1810 2488 maius

303 2515 309 2523 ’
368 2515 542 2552 amicitia
574 2514 637 2552 vel
668 2515 835 2552 rarius“.
886 2515 996 2552 Bene
1028 2518 1157 2552 autem
1191 2514 1242 2552 ad
1274 2514 1449 2563 priorem
1482 2515 1722 2555 sententiam
1746 2526 1808 2555 ac·

367 2582 639 2621 commodatur
664 2593 801 2620 versus
828 2584 913 2631 608,
941 2582 1009 2630 qui
1037 2584 1115 2620 est:

602 2653 662 2698 „Si
685 2656 808 2690 tamen
832 2657 869 2690 et
893 2657 1050 2700 cognata
1074 2654 1175 2700 cupis
1200 2653 1411 2700 dignoscere
1435 2654 1572 2701 signa“.

458 2789 499 2832 ιί3)
523 2789 613 2826 Tac.
637 2789 733 2826 Anu.
755 2789 823 2834 VI,
845 2791 899 2827 51.
950 2789 1022 2826 Ofr.
1045 2789 1146 2826 Astr,
1169 2789 1216 2835 H,
1241 2790 1316 2826 635.
1339 2801 1376 2835 p.
1399 2790 1444 2826 88
1465 2791 1500 2826 h.
1525 2789 1560 2826 d.

371 428 431 463 est
448 423 655 472 Manilius,
681 435 794 474 quem
821 425 871 463 ad
898 425 1056 464 modum
1075 424 1260 464 Tiberius
1286 429 1370 466 tum
1396 428 1575 468 occultus
1603 440 1650 469 ac
1666 407 1838 481 fingen->
1875 470 1878 471 ⁷
1899 415 1903 418 ’
