1936 3392
630 840 836 889 CAPUT
880 841 1219 889 SECUNDUM

238 1068 331 1100 NUM
364 1068 571 1100 MANILIUS
607 1067 861 1099 STOICORUM
896 1067 1152 1099 DISCIPLINAE
1186 1066 1342 1098 FUERIT
1369 1066 1602 1099 ADDICTUS.

221 1257 383 1298 Placuit
406 1257 654 1310 quibusdam
682 1257 898 1298 Manilium
925 1257 1126 1297 doctrinae
1148 1256 1377 1297 stoicorum
1404 1256 1528 1296 fuisse
1559 1256 1670 1295 dedi-

169 1325 273 1372 tum,
297 1334 525 1376 eorumque
545 1323 717 1363 inventa
736 1322 922 1362 versibus
949 1322 1220 1374 explicavisse
1244 1333 1252 1361 :
1277 1321 1382 1362 adeo
1409 1325 1453 1361 ut
1479 1322 1673 1373 egregius

169 1387 342 1439 quidam
359 1388 524 1428 Gallicae
542 1387 831 1428 Universitatis
846 1388 1057 1439 professor
1071 1386 1304 1440 theoloqum
1322 1386 1438 1426 illum
1451 1387 1671 1427 stoicorum

165 1459 330 1505 poetam
351 1452 502 1492 dixerit
523 1454 551 1492 ¹.
577 1454 709 1500 Quam
731 1452 971 1504 opinionem
1001 1465 1087 1492 non
1113 1452 1215 1491 satis
1242 1455 1434 1492 constare
1459 1452 1667 1501 existimo,

168 1517 290 1570 eique
309 1521 356 1558 ut
381 1517 565 1570 aliquam
590 1517 963 1558 verisimilitudinis
990 1518 1198 1565 umbram,
1221 1517 1281 1557 ita
1306 1517 1493 1557 veritatis
1520 1531 1668 1570 parum

167 1581 314 1623 inesse.

220 1647 265 1686 In
291 1647 438 1700 primis
463 1648 599 1687 fateor
626 1647 778 1688 stoicos
803 1648 1112 1699 astrologorum
1143 1647 1328 1688 numeris
1353 1647 1474 1688 valde
1501 1648 1668 1698 favisse,

168 1724 303 1765 neque
336 1712 472 1752 minus
497 1712 578 1753 hoc
605 1712 823 1752 divinandi
849 1725 980 1764 genus
1005 1713 1213 1766 accepisse
1240 1725 1367 1765 quam
1392 1717 1543 1753 cetera.
1564 1714 1669 1753 Nam

167 1777 281 1830 apud
309 1776 552 1818 Ciceronem
585 1778 759 1818 sensisse
786 1790 857 1818 eos
884 1777 1078 1830 legimus,
1105 1782 1162 1826 et,
1182 1777 1217 1817 si
1242 1777 1444 1818 divinatio
1470 1778 1537 1826 sit,
1571 1779 1669 1818 deos

166 1855 270 1891 esse,
295 1846 350 1891 et,
373 1843 407 1883 si
440 1843 498 1883 dii
528 1843 624 1892 sint,
652 1843 975 1893 divinationem;
1004 1856 1184 1896 cumque
1214 1843 1296 1882 ista
1327 1843 1384 1882 sic
1417 1843 1669 1896 reciprocari

167 1907 397 1959 crederent,
438 1921 530 1948 eam
570 1908 690 1961 quasi
729 1921 870 1949 arcem
911 1912 1028 1948 tanta
1066 1908 1300 1961 pervicacia
1338 1908 1586 1957 defendisse,
1624 1913 1669 1948 ut

167 1971 325 2012 nullam
363 1973 449 2012 fere
485 1986 624 2013 rerum
658 1974 896 2014 futurarum
932 1974 1262 2027 praesensionem
1298 1978 1543 2025 respuerent
1575 1973 1603 2013 ².
1639 1976 1669 2013 E

169 2036 321 2090 quibus
351 2038 563 2078 Panaetius
593 2051 696 2078 unus
727 2038 1030 2091 asti-oloqorum
1059 2039 1258 2092 praedicta
1290 2039 1433 2092 reJ‘ecit
1461 2039 1498 2086 3;
1534 2051 1666 2091 quan-

170 2114 298 2154 quam
331 2115 382 2143 ne
414 2103 483 2143 ille
510 2104 679 2156 quidem
712 2117 834 2142 ausus
863 2110 918 2143 est
946 2116 1096 2157 neqare
1123 2104 1204 2144 vim
1234 2117 1317 2143 esse
1342 2104 1572 2152 divinandi,
1600 2104 1676 2143 sed

169 2165 356 2208 dubitare
390 2181 430 2208 se
463 2168 567 2214 dixit
606 2169 633 2207 ⁴.
672 2168 827 2208 Ceteris
866 2168 1054 2220 ejusdem
1096 2169 1325 2222 disciplinae
1371 2181 1422 2207 ne
1460 2169 1670 2208 levissima

169 2231 338 2285 quidem
362 2233 584 2285 dubitatio,
606 2246 695 2273 cum
719 2232 764 2272 id
783 2233 830 2273 de
847 2247 924 2287 quo
947 2232 1134 2273 Panaetio
1152 2247 1233 2273 non
1253 2232 1394 2287 liquet,
1418 2232 1468 2272 iis
1489 2232 1669 2272 omnibus

169 2297 267 2339 solis
299 2297 386 2339 luce
415 2298 602 2339 videatur
634 2298 786 2338 clarius
816 2299 844 2338 ὅ.
882 2300 980 2347 Quae
1015 2311 1110 2339 cum
1144 2299 1204 2338 ita
1239 2299 1337 2347 sint,
1372 2310 1511 2338 nonne
1547 2297 1670 2338 facile

168 2363 283 2404 velut
310 2364 491 2404 secundo
519 2364 755 2416 argumenti
782 2364 956 2404 flumine
983 2377 1033 2404 eo
1061 2363 1312 2412 delabimur,
1339 2367 1383 2403 ut
1410 2362 1669 2414 astrologum

169 2427 280 2470 hunc
307 2433 476 2483 poetam
503 2429 726 2481 astrologis
755 2429 837 2469 illis
864 2429 1129 2483 philosophis
1156 2441 1243 2469 sese
1271 2428 1521 2482 applicuisse
1553 2428 1668 2467 arhi-

169 2498 340 2535 tremur.

212 2647 243 2678 1.
261 2646 395 2688 Ferraz,
412 2648 462 2682 De
479 2649 589 2682 stoica
608 2649 794 2692 disciplina
818 2650 916 2693 apud
939 2652 1059 2693 poetas
1082 2650 1233 2683 Latinos.
1255 2649 1413 2685 Parisiis,
1439 2649 1532 2689 1862,
1555 2657 1589 2688 p.
1616 2647 1667 2678 52.

211 2693 242 2724 Ξ.
261 2692 345 2734 Cic.‚
364 2694 407 2727 de
425 2695 514 2733 Dio„
537 2697 564 2735 1,
584 2698 611 2735 3,
632 2698 669 2738 63
690 2697 718 2739 I,
735 2699 767 2738 6,
790 2699 842 2730 10.

213 2740 244 2772 3.
265 2740 367 2780 Ῑὸἱά.,
388 2742 429 2784 ΙΙ,
450 2744 503 2784 42,
521 2745 575 2776 88.
877 2757 881 2760 ·

214 2788 245 2819 4.
266 2787 366 2831 Ibid„
387 2789 414 2832 1,
434 2792 466 2832 3,
488 2792 517 2823 6.

215 2835 245 2867 5.
265 2835 356 2872 Ibid.
