1930 3320
800 313 852 320 -
880 289 930 331 87
960 314 1012 319 -

151 381 202 420 Et
218 379 310 420 haec
327 379 377 420 de
394 378 638 418 Atheniensi
659 378 731 419 illa
747 378 987 431 pestilentia
1009 392 1018 420 :

339 479 516 517 Cesserat
536 478 709 515 officium
729 479 888 526 morbis,
909 482 947 516 et
964 481 1101 525 funera
1120 479 1273 516 deerant

337 532 518 569 Mortibus
538 535 573 568 et
592 533 753 568 lacrimae
774 534 799 568 ¹.
1202 546 1208 554 ·

143 627 242 669 Jam
261 639 360 668 vero
380 627 518 668 Nilum
537 627 734 668 describit
756 639 766 668 ε

544 729 760 776 Erumpens
780 728 954 765 imitatur
974 728 1104 765 sidera
1128 727 1265 764 mundi

336 782 408 818 Per
426 783 576 829 septem
596 781 726 818 fauces
747 784 865 830 atque
887 793 957 818 ora
975 781 1154 830 fugantia
1171 781 1334 830 pontum
1353 780 1382 818 2.

142 874 215 917 Sic
234 879 374 917 autem
398 876 655 928 gladiatores
675 889 685 917 ε

287 1013 292 1018 ,
337 978 392 1013 Nu
401 988 447 1013 nc
463 980 578 1024 caput
596 977 636 1014 in
658 979 827 1014 mortem
848 977 1032 1022 vendunt,
1054 980 1093 1013 et
1112 976 1226 1012 funus
1247 986 1388 1021 arenae,

334 1031 460 1078 Atque
479 1031 632 1067 hostem
651 1031 722 1067 sibi
740 1031 902 1079 quisque
922 1033 1046 1078 parat,
1066 1041 1153 1066 cum
1174 1029 1276 1066 bella
1295 1029 1498 1077 quiescunt
1518 1030 1546 1065 ³.

138 1130 238 1172 Mox
253 1122 596 1183 gubernatorem,
619 1131 692 1185 qui
712 1143 882 1172 cursum
903 1131 1034 1172 stellis
1054 1130 1211 1183 dirigit,

326 1232 374 1267 Et
388 1234 551 1279 pontum
571 1232 663 1269 caelo
684 1231 801 1268 vincit
813 1233 843 1268 ὅ.

134 1330 254 1372 Adde
272 1331 399 1373 etiam
417 1333 490 1372 illa
509 1346 604 1386 quae
625 1333 866 1374 fabulosum
881 1333 1000 1374 illum
1020 1333 1179 1387 Phryxi
1199 1332 1382 1373 Arietem
1395 1332 1587 1385 signant:

327 1434 423 1470 Cum
441 1436 598 1471 vitreum
616 1435 766 1471 findens
786 1437 938 1472 aur-avit
957 1434 1099 1472 vellere
1119 1436 1282 1483 pontum
1304 1435 1331 1471 ⁵.

134 1534 270 1583 Quid?
286 1548 391 1589 quos
411 1536 589 1577 caecitati
610 1537 757 1578 mundi
780 1538 908 1578 facies
926 1537 1134 1580 destinat:
1159 1551 1265 1591 quos
1292 1536 1480 1590 maligno
1506 1537 1641 1578 sidere

324 1635 488 1672 Lumina
509 1635 688 1672 deficient
708 1638 813 1674 ortos
831 1640 1081 1685 geminamque
1101 1637 1240 1674 creatis

322 1691 476 1726 Mortem
496 1691 579 1734 fata
594 1690 734 1727 dabunt
751 1701 764 1726 .·
785 1702 824 1726 se
846 1691 1009 1738 quisque
1029 1696 1063 1728 et
1082 1692 1173 1728 vivit
1193 1694 1227 1728 et
1246 1691 1352 1738 effert
1372 1689 1412 1725 ⁵?

127 1790 183 1832 Et
205 1790 316 1843 quod
338 1791 540 1831 diluvium
562 1791 684 1832 terris
703 1791 936 1832 immissum
957 1796 1034 1841 est,

322 1891 486 1928 Humani
505 1892 657 1940 generis
678 1904 765 1929 cum
785 1894 887 1930 solus
907 1893 1075 1930 constitit
1094 1894 1208 1930 heres

319 1945 538 1991 Deucalion,
558 1947 776 1993 scopuloque
789 1948 911 1984 orbem
925 1949 1094 1994 possedit
1112 1950 1152 1984 in
1169 1959 1242 1985 uno
1262 1947 1303 1983 ⁷?

130 2043 332 2098 Quodque
350 2045 598 2086 Salmoneus
619 2046 673 2087 ob
690 2047 916 2088 nefandam
936 2048 1186 2089 industriam
1208 2062 1355 2102 passus
1375 2053 1437 2090 est
1456 2063 1465 2090 :

535 2173 609 2184 .....
633 2147 698 2195 qui
719 2148 857 2184 caelum
871 2148 1043 2186 imitatus
1061 2149 1099 2185 in
1119 2150 1214 2186 urhe

317 2199 502 2236 Pontibus
522 2200 722 2248 impositis,
741 2201 948 2250 missisque
970 2213 1038 2250 per
1058 2214 1136 2239 aera
1155 2202 1354 2252 quadrigis

314 2254 554 2300 Expressisse
573 2265 702 2291 sonum
719 2256 848 2292 mundi
868 2256 940 2292 sibi
959 2255 1075 2302 visus,
1091 2260 1130 2293 et
1149 2257 1275 2304 ipsum

316 2306 534 2344 Admovisse
551 2309 675 2345 Iovem
701 2312 820 2355 terris,
842 2309 930 2346 dum
948 2310 1108 2354 fulmina
1127 2312 1247 2357 finqit,

315 2359 450 2404 Sensit,
473 2363 512 2397 et
529 2361 739 2398 immensos
758 2362 870 2411 ignes
890 2374 1008 2411 super
1027 2363 1110 2411 ipse
1129 2366 1280 2401 secutus

314 2414 430 2451 Morte
448 2415 568 2452 Iovem
588 2416 722 2453 didicit
740 2415 781 2450 ⁸⁶?

167 2531 199 2563 1.
219 2529 328 2571 Man„
345 2532 499 2571 Astron„
518 2534 545 2574 Ι,
567 2534 638 2567 888.

165 2577 199 2610 2.
218 2576 285 2620 Id„
305 2577 402 2617 ibid„
423 2579 482 2619 111,
503 2581 576 2614 273.

165 2625 199 2658 3.
219 2624 286 2666 ld„
306 2625 404 2664 ibid„
425 2628 483 2668 IV,
500 2629 572 2662 225.

165 2671 201 2704 4.
216 2671 284 2713 Id.,
305 2672 400 2711 ibid„
422 2675 480 2714 lv,
497 2676 570 2708 280.

168 2718 200 2751 5.
219 2718 286 2759 Id„
307 2719 405 2759 ibid„
427 2721 485 2761 lv,
506 2723 579 2755 515.

164 2766 198 2798 6.
219 2765 285 2808 1d.,
306 2766 400 2806 ibid„
423 2770 480 2810 1v,
501 2771 573 2803 533.

166 2813 198 2845 7.
218 2813 286 2854 1d.,
306 2814 402 2854 ibid„
426 2816 482 2857 1v,
503 2817 574 2850 832.

163 2859 196 2892 8.
221 2860 286 2902 ld„
307 2861 406 2902 ibid„
426 2864 467 2905 V,
488 2865 538 2898 91.
