1910 3250
963 277 1212 316 -30-

344 395 606 444 'reipublicae
633 395 758 434 allata
784 395 825 432 in
851 396 994 434 animis
1022 395 1196 434 omnium
1223 395 1404 445 inprimis
1434 393 1804 444 superstitiosorum

360 463 559 500 haerebat.
875 513 878 516 Δ

461 529 601 578 Neque
641 542 735 568 vero
776 531 859 569 ullo
900 534 1018 580 pacto
1062 531 1237 568 indidem
1279 530 1448 568 efficitur
1485 528 1803 567 Astronomicon

363 597 508 634 librum
535 597 555 633 Ι
583 597 659 634 iam
686 609 721 634 a.
749 597 800 634 U.
831 599 903 636 762
932 609 1015 635 esse
1044 597 1255 646 inceptum.
1310 597 1415 644 Quid
1443 597 1546 635 enim
1573 599 1633 634 est
1658 596 1804 646 proba-

362 663 483 700 bilius
516 663 677 711 verique
714 664 880 702 similius
915 675 1030 711 quam
1064 663 1327 701 infelicissimi
1361 663 1472 700 ducis
1508 665 1547 701 et
1573 662 1802 700 amissarum

363 731 586 779 aquilarum
614 732 842 769 memoriam
866 743 938 780 per
957 731 1170 768 continuos
1191 743 1317 768 annos
1337 730 1443 779 apud
1463 742 1596 768 omnes
1615 729 1805 778 viguisse,

364 797 495 845 quoad
522 799 766 847 recuperatis
786 799 911 847 signis
930 798 1171 847 proavisque
1193 798 1341 836 nostris
1360 798 1513 847 pacatis
1533 796 1804 844 Germanicus,

365 863 519 901 Tiberii
547 865 666 913 filius,
693 865 1013 903 honestissimam
1039 876 1175 913 pacem
1202 863 1501 913 confecisset?²)
1541 864 1664 903 Errat
1680 864 1804 914 igitur

363 931 593 980 Merkelius,
640 943 726 969 cum
774 933 1027 970 statuendum
1066 943 1149 970 esse
1189 934 1306 981 putat
1346 931 1553 969 incohasse
1592 931 1805 969 Manilium

360 999 648 1037 Astronomica
675 1003 788 1037 ante
817 1012 961 1037 annum
987 1000 1167 1048 Augusti
1194 1000 1462 1037 emortualem.

465 1065 587 1103 Cuius
616 1067 673 1104 rei
702 1078 859 1104 causam
887 1077 932 1103 eo
962 1066 1129 1103 celerius
1148 1067 1366 1114 extenuari,
1395 1066 1528 1114 siqua
1549 1065 1710 1103 omnino
1730 1068 1805 1113 est,

362 1133 552 1182 videmus,
573 1145 650 1182 quo
671 1134 795 1182 magis
815 1134 925 1182 pacis
945 1137 970 1171 a'
986 1138 1108 1182 poeta
1127 1134 1178 1182 (Ι,
1199 1135 1263 1182 13)
1283 1134 1467 1172 laudatae
1483 1132 1742 1171 meminimus.
1755 1153 1805 1159 —-

363 1200 481 1238 Enim
515 1213 610 1239 vero
646 1202 886 1239 mentionem
920 1202 1044 1239 cladis
1073 1201 1274 1239 Varianae
1309 1201 1343 1239 si
1369 1201 1557 1250 Augusto
1586 1201 1805 1250 imperante

362 1268 457 1306 fecit
483 1274 617 1317 poeta,
645 1269 764 1306 etiam
791 1269 841 1306 ad
861 1269 1088 1318 Augustum
1113 1269 1294 1318 profecto
1314 1268 1597 1307 Astronomica
1613 1269 1805 1306 missurus

361 1335 484 1373 fuisse
518 1337 718 1384 putandus
757 1338 828 1374 est.
883 1336 929 1373 Id
965 1336 1068 1373 enim
1102 1336 1212 1384 cogit
1247 1335 1441 1385 prooemii
1469 1337 1622 1373 natura.
1674 1333 1804 1382 Atqui

332 1402 466 1439 'hunc
506 1403 547 1439 in
588 1406 789 1441 senectute
831 1403 931 1440 nihil
978 1403 1096 1441 docui
1137 1403 1297 1452 gravius
1338 1403 1477 1440 tulisse
1519 1414 1635 1452 quam
1674 1413 1807 1440 casum

364 1469 554 1517 Quintilii
605 1474 726 1518 atque
776 1471 895 1508 etiam
947 1471 1074 1508 minus
1117 1469 1203 1519 pati
1248 1469 1427 1518 potuisse
1471 1469 1572 1508 talia
1614 1468 1806 1518 convicia,

362 1537 497 1585 qualia
550 1537 776 1575 memoratis
829 1538 1026 1575 ominibus
1076 1537 1232 1575 adiecta
1284 1541 1387 1575 sunt.
1457 1536 1575 1584 Quod
1620 1535 1807 1584 quoniam

361 1603 634 1643 Romanorum
676 1615 789 1642 nemo
831 1605 1046 1653 ignoravit,
1094 1605 1285 1652 sequitur,
1328 1603 1591 1642 Octavianum
1634 1603 1807 1642 carmine

361 1671 559 1709 delectare
587 1675 632 1709 ut
658 1675 781 1721 poeta
808 1671 994 1709 noluerit.

461 1739 522 1776 At
548 1739 599 1776 ad
627 1738 834 1777 Tiberium
862 1738 969 1776 omni
996 1742 1174 1787 tempore
1204 1737 1318 1775 licuit
1345 1737 1536 1775 scribere:

565 1811 643 1855 „Ne
667 1812 794 1846 mirere
819 1822 951 1857 graves
975 1821 1161 1856 rerumque
1185 1810 1436 1855 hominumque
1459 1811 1584 1845 ruinas

564 1869 684 1914 Saepe
710 1867 806 1903 domi
833 1868 938 1913 culpa
964 1870 1037 1910 est;
1062 1867 1242 1902 nescimus
1268 1866 1414 1901 credere
1439 1866 1540 1902 caelo
1550 1867 1581 1901 1“

465 1941 546 1979 Hic
593 1942 696 1980 enim
745 1941 955 1979 seditionis
1005 1941 1288 1990 opprimendae
1336 1951 1454 1978 causa
1492 1940 1534 1978 in
1573 1940 1670 1978 fines
1710 1938 1807 1978 Ger-

363 2021 567 2048 manorum
609 2010 750 2047 missus
790 2009 989 2059 extemplo
1030 2008 1374 2057 animadverterat,
1413 2012 1458 2046 ut
1497 2007 1555 2046 ait
1589 2005 1806 2046 Suetonius

364 2076 472 2124 (Tib.
502 2089 534 2115 c.
564 2078 626 2125 18)
655 2077 874 2114 Varianam
907 2075 1057 2114 cladem
1092 2076 1314 2114 temeritate
1348 2078 1389 2114 et
1415 2074 1670 2125 neglegentia
1695 2073 1806 2112 ducis

362 2144 567 2192 accidisse,
602 2144 771 2182 fortasse
798 2144 916 2181 etiam
944 2143 1126 2181 consiliis
1156 2143 1367 2182 Octaviani
1393 2142 1678 2193 praeposteris,
1707 2152 1806 2190 quae

365 2211 528 2249 Tacitus
558 2211 684 2260 (Ann.
712 2212 745 2260 Ι,
773 2211 837 2261 55)
866 2211 1023 2249 videtur
1050 2211 1175 2249 fatum
1201 2215 1357 2259 vocare,
1385 2210 1591 2248 adversam
1608 2209 1808 2248 fortunam

364 2280 500 2328 aliqua
528 2292 577 2318 ex
603 2283 718 2329 parte
746 2280 940 2317 habuerat
967 2279 1075 2328 quod
1101 2279 1343 2328 adsignaret,
1371 2278 1542 2326 indeque
1567 2277 1655 2326 ipse
1682 2277 1739 2314 sic
1766 2287 1807 2314 se

296 2338 302 2347 ’
363 2352 552 2396 gesserat,
600 2351 645 2385 ut
685 2348 803 2385 etiam
843 2350 926 2384 tum
965 2346 1153 2384 Invicti
1197 2345 1432 2394 cognomine
1473 2344 1618 2393 dignus
1657 2341 1806 2391 essem)

364 2414 506 2463 Neque
542 2427 636 2452 vero
673 2426 844 2462 unquam
871 2414 1079 2452 honestius
1106 2413 1295 2451 memoria
1320 2424 1478 2462 pugnae
1506 2412 1547 2449 in
1575 2410 1680 2450 saltu
1707 2410 1808 2450 Teu-

367 2482 605 2530 toburgensi
656 2483 885 2520 commissae
929 2482 1100 2531 repetita
1143 2484 1203 2519 est
1248 2492 1363 2528 quam
1409 2493 1443 2518 a.
1487 2480 1539 2519 U.
1581 2478 1676 2529 770,
1727 2471 1806 2528 quo

365 2549 527 2588 ineunte
575 2549 728 2599 pacatis
778 2549 960 2587 omnibus
1011 2547 1278 2586 infestissimis
1324 2548 1508 2585 hostibus
1549 2546 1806 2586 Germanicus

366 2616 512 2656 Caesar
549 2617 818 2666 triumphavit.
873 2617 937 2654 Ac
972 2620 1054 2654 tum
1089 2617 1219 2665 ipsum
1253 2620 1443 2664 quantum
1477 2615 1519 2664 ii,
1554 2614 1623 2664 qui
1648 2614 1807 2654 venturi

456 2758 483 2805 ²)
510 2758 599 2794 Tac.
625 2758 721 2794 Ann.
745 2757 774 2802 1,
798 2758 852 2794 25.
876 2757 932 2793 43.
968 2756 995 2800 3)
1020 2757 1082 2792 cfr.
1106 2757 1155 2792 M.
1180 2756 1208 2800 I,
1231 2757 1308 2792 925.
1332 2767 1367 2803 p.
1392 2758 1446 2793 23.
1485 2755 1584 2793 Suet.
1607 2755 1691 2792 Tib.
1706 2765 1737 2792 e.
1753 2756 1806 2792 1¹7.
