1930 3320
0 2312 22 2620 w'..'ur··v⁴2*.v›„÷<¹-'*¹¹
4 2263 11 2274 Ἀ
6 2226 10 2227 ’

118 1460 135 1475 1(

102 1479 127 1498 ,fl

91 1498 119 1518 ,Ι

1058 0 1111 22 ὶᾶΤΙῘ
1127 0 1215 22 γΠΨῘᾷιζ
1227 0 1274 21 ἲιξᾴζ
1291 0 1295 2 ’
1306 0 1310 11 ἱ
1325 0 1369 13 ι·7ἴ’,
1396 2 1402 19 ζ,
1411 0 1442 15 -ἶΪΣ

308 880 436 953 Ante
467 925 585 963 quam
612 923 706 950 vere
735 911 930 961 criticam,
959 922 1061 960 quae
1089 908 1205 948 valde
1227 907 1387 958 quidem
1406 908 1674 962 desideratur,

193 971 402 1023 literarum
422 981 667 1021 Graecarum
687 984 728 1018 ct
746 980 1022 1019 Romanarum
1040 979 1254 1018 historiam
1279 979 1484 1030 instituas,
1513 981 1675 1020 videtur

194 1052 272 1091 hoc
300 1051 487 1102 inprimis
516 1049 782 1098 efficiendum,
810 1052 856 1087 ut
884 1061 1000 1098 quem
1030 1048 1199 1098 quisque
1229 1050 1410 1087 veterum
1432 1050 1678 1100 scriptorum

192 1121 235 1160 in
263 1121 407 1160 ordine
435 1124 663 1170 temporum
693 1119 822 1157 locum
851 1118 1045 1167 obtinuit,
1075 1118 1109 1155 is
1139 1129 1257 1166 quam
1286 1118 1588 1158 accuratissime
1609 1119 1676 1158 de-

191 1190 368 1229 finiatur.
426 1189 548 1239 Quod
577 1190 623 1227 ut
650 1189 733 1237 fiat,
768 1199 930 1226 necesse
965 1199 1060 1225 sane
1089 1190 1151 1225 est
1180 1187 1260 1225 viri
1286 1186 1398 1225 docti
1428 1187 1590 1238 singula
1617 1200 1676 1227 re-

190 1259 324 1299 ferant
358 1259 524 1298 illorum
559 1270 685 1308 opera
720 1257 771 1295 ad
807 1260 940 1295 certos
981 1267 1180 1294 annorum
1216 1267 1416 1295 numeros.
1478 1257 1676 1296 Videmus

192 1331 327 1367 autem
355 1340 441 1367 eam
469 1340 552 1366 rem
582 1326 771 1375 quoniam
799 1329 945 1363 natura
971 1324 1214 1364 difficillima
1241 1327 1305 1364 est
1323 1337 1370 1364 ac
1388 1326 1614 1366 mirabilem
1634 1329 1676 1366 in

136 1392 163 1449 ¹,J'
193 1397 355 1436 modum
384 1409 503 1447 saepe
531 1399 733 1444 contorta,
763 1406 812 1433 ne
842 1406 949 1432 nunc
977 1394 1138 1443 quidem
1158 1395 1343 1433 omnibus
1364 1396 1552 1446 partibus
1572 1397 1676 1436 adeo

193 1465 435 1515 absolutam,
471 1470 517 1504 ut
553 1465 603 1503 de
631 1465 835 1502 nullorum
864 1464 942 1502 iam
970 1463 1169 1502 librorum
1197 1467 1330 1503 aetate
1360 1465 1512 1514 ambigi
1541 1465 1675 1506 liceat.

191 1533 342 1573 Adhuc
370 1535 487 1584 enim,
518 1533 699 1583 quamvis
729 1532 822 1571 inde
851 1545 875 1570 a
896 1537 1038 1571 renato
1059 1533 1319 1582 antiquitatis
1342 1534 1478 1572 studio
1501 1538 1679 1583 quatuor

191 1603 276 1643 fere
304 1604 556 1642 saeculorum
583 1604 701 1641 labor
729 1605 992 1652 consumptus
1023 1602 1089 1651 sit,
1127 1606 1260 1641 tamen
1291 1607 1512 1653 supersunt
1548 1604 1677 1654 multi,

192 1672 261 1722 qui
297 1672 459 1722 quando
494 1673 669 1723 primum
704 1670 747 1708 in
781 1671 910 1708 lucem
946 1670 1190 1720 prodierint,
1227 1671 1334 1710 inter
1368 1684 1506 1711 omnes
1533 1685 1677 1723 parum

191 1743 365 1780 constat.
422 1741 467 1780 Si
506 1742 596 1792 quis
633 1741 760 1790 igitur
794 1740 847 1778 ad
881 1739 1149 1778 inveniendos
1185 1753 1323 1779 eorum
1359 1754 1489 1781 annos
1517 1742 1677 1792 aliquid

193 1801 340 1849 auxilii
367 1811 519 1860 afferet,
550 1823 642 1862 spes
672 1813 734 1849 est
761 1809 861 1858 fore,
898 1813 943 1846 ut
977 1820 1060 1846 non
1095 1809 1226 1848 solum
1256 1810 1343 1849 otio
1374 1811 1454 1849 sibi
1482 1823 1675 1851 concesso

189 1880 293 1918 bene
327 1882 469 1919 utatur
502 1892 643 1919 verum
678 1879 800 1918 etiam
828 1891 852 1917 a
881 1877 1108 1917 studiorum
1137 1879 1347 1918 sodalibus
1375 1881 1544 1920 comiter
1571 1881 1675 1920 acci-

189 1948 340 1999 piatur.

293 2017 384 2056 Hac
411 2018 738 2056 consideratione
767 2017 965 2056 adductus
994 2016 1179 2056 libellum
1206 2017 1405 2057 audebam
1427 2030 1674 2070 componere

188 2086 238 2125 de
266 2090 403 2137 poeta,
434 2098 550 2136 quem
575 2089 728 2125 vocant
747 2086 1028 2125 Manilium.
1073 2084 1276 2134 Quoniam
1304 2087 1411 2126 enim
1439 2100 1528 2127 cum
1555 2088 1675 2127 multi

190 2155 412 2206 scriptores
450 2156 628 2207 (memini
657 2159 791 2194 autem
818 2155 971 2194 Velleii
999 2158 1040 2193 et
1070 2154 1222 2202 Curtii)
1259 2160 1343 2194 tum
1379 2156 1456 2196 iste
1484 2157 1675 2206 Latinus,

189 2225 303 2266 cuius
321 2225 500 2274 „nomine
528 2225 849 2264 Astronomicon
885 2225 1015 2263 libros
1044 2223 1084 2262 V
1123 2223 1308 2263 homines
1336 2224 1448 2264 docti
1478 2238 1498 2265 e
1526 2226 1675 2265 biblio-

188 2293 317 2333 thecis
345 2293 463 2333 edere
492 2298 803 2343 consueverunt,
841 2294 1012 2332 saeculis
1040 2297 1138 2344 post
1165 2295 1334 2332 mortem
1362 2295 1549 2334 omnibus
1576 2307 1676 2345 pau-

188 2374 328 2402 corum
354 2363 445 2415 fuit,
477 2375 578 2413 quae
608 2366 671 2403 est
688 2363 738 2402 de
768 2363 854 2402 eius
882 2365 1015 2402 aetate
1046 2362 1247 2412 quaestio,
1276 2363 1379 2402 hanc
1407 2364 1588 2403 nondum
1607 2364 1674 2403 de-

131 2439 134 2442 ’
186 2431 326 2470 bemus
353 2431 405 2470 ad
434 2445 523 2471 eum
550 2433 667 2471 finem
693 2433 932 2483 perductam
961 2434 1119 2482 putare,
1155 2434 1202 2471 ut
1241 2432 1432 2481 quiddam
1467 2434 1566 2473 certi
1602 2446 1676 2473 nec

188 2500 368 2551 ambigui
396 2501 439 2539 in
468 2501 641 2540 medium
674 2503 919 2553 proferatur.
974 2501 1009 2540 E
1047 2501 1255 2540 contrario
1293 2501 1567 2552 reperiuntur,
1605 2503 1674 2552 qui

189 2581 319 2619 paene
346 2570 566 2620 desperent
592 2571 813 2620 aliquando
842 2571 913 2620 ita,
947 2573 994 2609 ut
1029 2573 1093 2610 est
1124 2570 1167 2608 in
1194 2571 1304 2610 votis
1333 2571 1674 2621 investigatorum

189 2638 463 2688 antiquitatis,
497 2639 848 2690 interrogantibus
882 2651 1005 2691 posse
1042 2639 1295 2690 responderi.
1330 2662 1380 2668 —-
1415 2638 1495 2678 Sed
1525 2651 1672 2689 operae

191 2717 286 2744 sane
320 2706 499 2756 pretium
532 2711 595 2746 est
630 2709 694 2747 vel
729 2709 899 2748 maxime
928 2709 1096 2748 arduam
1121 2721 1206 2748 rem
1235 2708 1457 2747 identidem
1484 2712 1672 2758 tractare,

189 2773 311 2814 modo
339 2779 456 2814 vetus
485 2777 692 2828 quaedam,
728 2789 829 2827 quae
857 2778 906 2818 de
936 2790 983 2817 ea
1009 2778 1198 2829 habetur,
1231 2777 1435 2817 sententia
1464 2777 1582 2816 novis
1610 2788 1672 2815 ar-

1419 2852 1438 2887 1
