1936 3392
1104 310 1156 347 60

437 447 666 502 eripuitque
697 447 786 489 Iovi
819 449 992 500 fulmen,
1031 450 1211 504 viresque
1242 452 1410 492 tonandi
1431 457 1469 493 et
1492 454 1668 494 sonitum
1691 453 1821 495 ventis

1069 526 1080 544 2

437 524 654 575 concessit,
692 525 868 567 nubibus
901 527 1067 580 ignem.'
1143 526 1361 582 Postquam
1392 530 1520 584 igitur
1551 535 1825 585 cognoverunt

436 616 515 643 non
564 602 683 644 deum
715 603 888 645 humana
921 604 1046 646 forma
1079 606 1306 659 praeditum
1338 621 1411 648 suo
1443 607 1607 650 arbitrio
1639 612 1679 650 et
1711 607 1824 662 quasi

435 683 600 720 externa
630 685 827 735 potestate
859 681 1054 723 mundum
1087 687 1127 723 et
1159 697 1260 737 quae
1292 684 1334 724 in
1368 698 1414 724 eo
1449 685 1546 725 fiant
1566 699 1721 739 regere,
1755 685 1823 726 sed

437 758 516 798 vim
566 762 606 799 et
652 759 847 800 rationem
896 760 1044 801 mundo
1091 761 1339 816 ingenitam,
1382 766 1469 804 tum
1503 762 1660 803 demum
1692 766 1823 804 totum

436 835 569 875 animo
600 836 881 890 comprendere
913 837 1068 878 caelum
1101 837 1316 892 poterant'’
1350 839 1564 893 omniaque
1595 839 1645 880 ad
1676 853 1824 880 numen

438 912 578 953 mundi
625 913 844 967 faciemque
893 914 1065 964 moveri,
1113 914 1310 956 sideribus
1347 916 1456 957 vario
1490 915 1736 958 mutantibus
1767 929 1828 957 or-

437 988 554 1039 dine,
589 987 713 1030 fata.”
744 990 767 1043 ¹)

499 1065 586 1107 Hoc
632 1067 793 1121 egregio
841 1068 1057 1122 praemisso
1099 1068 1302 1123 prooemio
1349 1075 1467 1124 poeta
1514 1069 1564 1111 ad
1610 1083 1727 1112 suum
1768 1084 1826 1111 ar-

441 1149 672 1198 gumentum
727 1145 979 1186 tractandum
1029 1160 1071 1186 se
1116 1147 1285 1188 transire
1334 1147 1503 1188 indicat:
1566 1152 1607 1188 et
1651 1146 1825 1202 primum

439 1227 602 1264 naturae
650 1222 776 1263 forma
823 1222 1000 1263 canenda
1042 1228 1114 1264 est.
1156 1223 1240 1264 'De
1271 1223 1426 1278 origine
1458 1223 1599 1265 mundi
1631 1223 1827 1279 quidquid

437 1303 617 1339 statuant
664 1298 893 1354 philosophi
946 1299 1140 1340 incertum
1173 1315 1257 1340 esse
1290 1300 1432 1341 debere
1464 1304 1604 1356 putat,
1638 1299 1826 1355 quoniam

438 1376 533 1417 haec
566 1391 626 1416 res
657 1365 780 1417 lateat
813 1381 934 1430 atque
966 1382 1128 1432 superet
1159 1381 1321 1432 captum
1355 1377 1562 1420 hominum
1595 1382 1636 1419 et
1662 1377 1826 1419 deorum

438 1452 551 1507 vulgi
597 1453 826 1508 ipsorum.²)
889 1454 966 1495 Sed
1009 1468 1283 1509 quaecumque
1322 1455 1462 1496 mundi
1494 1455 1606 1510 origo
1637 1459 1715 1506 est,
1748 1469 1826 1496 non
1887 1480 1891 1484 -

438 1529 645 1571 dubitatur
677 1531 725 1571 de
757 1531 904 1581 forma3
938 1545 1040 1585 quae
1074 1546 1152 1585 quo
1187 1531 1302 1572 modo
1335 1537 1419 1573 orta
1446 1532 1498 1572 sit
1519 1532 1700 1574 conicere
1720 1530 1826 1572 licet.

440 1607 632 1649 Manilius
681 1622 806 1648 unum
848 1613 1004 1649 tantum
1036 1622 1124 1650 esse
1156 1608 1346 1650 mundum
1381 1609 1518 1659 docet,
1562 1623 1681 1662 quem
1713 1609 1828 1662 fingit

439 1684 512 1726 sibi
532 1717 543 1734 ,
578 1690 624 1726 ut
655 1684 837 1740 pluribus
870 1701 890 1726 e
923 1685 1020 1726 locis
1052 1690 1233 1741 apparet,
1267 1685 1402 1726 talem.

500 1762 620 1803 Terra
651 1767 690 1803 et
723 1762 876 1804 caelum
910 1767 948 1803 et
982 1762 1179 1816 quidquid
1212 1763 1316 1803 inter
1337 1777 1383 1802 ea
1404 1767 1534 1803 exstat
1555 1766 1615 1803 est
1636 1763 1826 1812 mundus,

440 1840 533 1890 „cui
573 1854 702 1893 neque
734 1840 974 1895 principium
1007 1843 1067 1880 est
1099 1854 1286 1894 usquam,
1336 1853 1464 1893 neque
1495 1839 1584 1880 finis
1616 1839 1658 1880 in
1691 1838 1826 1894 ipsc,''

483 2040 506 2076 ¹)
552 2043 583 2076 1.
608 2043 765 2072 66—112.

483 2099 507 2135 'l
555 2102 603 2131 Vs.
633 2102 709 2132 145.
738 2103 806 2131 146.
855 2102 950 2138 Vulgo
976 2103 1107 2138 legitur:

598 2162 725 2199 Semper
748 2162 810 2191 orit
834 2171 931 2198 genus
955 2162 1145 2199 (generatio)
1170 2163 1200 2190 in
1226 2170 1347 2199 pugna:
1373 2162 1560 2197 dubiumque
1584 2161 1741 2191 manebit.

599 2222 679 2258 quod
696 2222 779 2251 latet
803 2222 835 2250 et
870 2222 992 2251 tantum
1029 2231 1122 2259 supra
1157 2223 1206 2250 est
1243 2222 1457 2257 hominemque
1482 2221 1645 2257 deumque,

483 2283 620 2318 Scaliger
645 2283 800 2319 explicat:
839 2291 1036 2317 ,‚nunquam,
1073 2283 1194 2318 inquit,
1231 2283 1297 2310 eius
1333 2282 1375 2310 rei
1413 2282 1500 2316 origo
1537 2281 1680 2318 patebit.
1717 2282 1828 2317 utpote

441 2351 518 2379 quac
553 2342 655 2370 lateat
690 2343 785 2377 atque
821 2342 898 2370 adeo
923 2351 1016 2378 supra
1040 2342 1140 2378 ipsum
1165 2342 1253 2371 deum
1278 2342 1340 2374 sit,
1374 2341 1483 2369 nedum
1510 2340 1646 2370 hominis
1671 2340 1826 2377 captum.''

440 2402 519 2430 Huic
554 2401 816 2437 interpretationi
853 2401 1016 2430 Bentleius
1040 2402 1224 2430 assentitur.
1271 2401 1406 2429 Huetius
1431 2400 1602 2436 repugnat:
1629 2408 1706 2434 „uec
1729 2399 1828 2432 enim.

441 2462 504 2495 ait,
530 2462 561 2490 id
579 2461 639 2490 sibi
658 2461 726 2489 vult
742 2461 908 2494 Manilius,
938 2461 1149 2496 cognitionem
1177 2460 1329 2496 originum
1355 2460 1459 2488 mundi
1486 2467 1554 2488 esse
1579 2467 1672 2496 supra
1696 2458 1827 2488 Deorum

440 2522 577 2558 ipsorum
611 2520 754 2557 captum,
780 2529 844 2548 eum
870 2520 942 2548 libri
967 2520 1060 2549 huius
1095 2519 1189 2548 initio
1226 2519 1415 2548 eontrarium
1445 2518 1606 2551 docuerit:
1632 2526 1735 2547 verum
1761 2526 1828 2547 esse

439 2589 533 2618 supra
557 2580 715 2610 hominum
741 2580 865 2616 captum
883 2580 916 2608 et
932 2580 1064 2609 Deorum
1082 2579 1310 2616 potestatem.''
1343 2578 1458 2607 Contra
1478 2587 1566 2614 quam
1585 2577 1827 2615 explicationem

441 2641 507 2669 iure
530 2648 585 2668 suo
609 2639 773 2668 Bentleius
794 2647 855 2668 non
871 2640 1067 2676 potestatem
1103 2639 1172 2668 scd'
1189 2637 1355 2667 scientiam
1381 2638 1427 2666 ait
1451 2637 1569 2673 requiri
1594 2637 1632 2666 ad
1650 2637 1828 2666 solvendam

441 2699 658 2736 quaestionem
683 2698 721 2727 de
744 2698 851 2727 mundi
876 2698 1008 2734 origine.
1054 2698 1132 2726 Mihi
1157 2698 1280 2731 autem,
1315 2697 1340 2726 si
1364 2698 1472 2726 textus
1497 2698 1546 2726 est
1569 2696 1710 2733 integer.
1734 2706 1830 2734 cupra

442 2760 479 2788 de
504 2760 644 2796 tempore
667 2758 794 2787 videtur
814 2757 1060 2793 intellegendum
1086 2766 1171 2790 esse.
1196 2758 1232 2785 ut
1255 2757 1299 2785 sit
1323 2765 1448 2785 sensus:
1473 2756 1580 2786 mundi
1604 2756 1692 2792 origo
1709 2764 1831 2794 semper

441 2819 558 2849 latebit
582 2818 728 2854 quoniam
752 2818 817 2847 tam
834 2817 888 2846 diu
904 2818 1049 2854 ponenda
1066 2818 1115 2846 est
1132 2817 1206 2846 ante
1224 2816 1381 2845 hominum
1399 2817 1431 2845 et
1449 2816 1574 2845 deorum
1593 2824 1670 2852 quae
1683 2816 1831 2846 narrat-ur

442 2878 693 2916 generationem,
718 2878 847 2914 superat
871 2886 976 2907 eorum
1000 2877 1179 2907 memoriam
1218 2876 1312 2911 „Leni
1338 2876 1441 2905 tamen
1466 2876 1553 2905 facta
1577 2875 1828 2912 mutationelegi

441 2938 560 2977 possit:
