1936 3392
981 290 1163 331 -8-

338 379 439 419 licus
461 378 624 429 quidem
646 376 942 416 existimandus
963 380 1036 415 est.
1057 379 1159 416 Nam
1183 377 1278 416 viris
1298 378 1540 417 doctissimis
1565 378 1747 418 Bentleio
1767 383 1807 419 et

337 442 491 482 Jacobo
514 441 645 480 visum
681 444 741 478 est
761 440 867 478 male
900 439 1016 479 illum
1053 441 1178 480 latine
1210 441 1326 491 scire,
1349 454 1396 481 ac
1431 441 1544 481 velut
1583 442 1805 482 barbarum

313 503 317 550 ζ
337 506 501 544 doctam
529 503 703 543 Romani
732 503 933 542 sermonis
960 503 1208 554 elegantiam
1236 517 1383 556 parum
1413 505 1584 545 delicate
1605 509 1805 554 tractare3

313 558 544 621 i-uRd-Q,-fflss.
561 567 784 616 Asiaticum
807 567 834 614 ¹,
855 567 923 619 hic
942 567 1180 613 Africanum
1197 568 1210 590 ²
1233 573 1396 620 poetam
1419 581 1504 608 esse
1533 569 1676 608 voluit.
1703 569 1807 616 Quid

313 621 316 649 ³
339 644 562 671 memorem
593 631 829 670 Merkelium
866 630 923 669 ita
957 631 1089 669 Ovidii
1118 631 1221 670 Ibim
1247 632 1509 679 intellexisse,
1534 636 1590 681 ut,
1615 633 1657 671 in
1683 645 1804 684 quem

337 696 599 735 inveheretur
638 694 804 734 Ovidius
842 694 1055 741 acerrime,
1097 699 1282 734 nostrum
1320 708 1406 735 esse
1444 699 1620 747 putaret,
1658 708 1804 746 genere

335 759 573 811 AEgyptium
604 758 647 796 ³?
678 770 799 809 quam
835 758 1072 809 opinionem
1105 758 1310 797 levissima
1341 759 1390 798 de
1423 771 1560 809 causa,
1588 759 1804 798 ne'dicam

335 823 464 870 nulla,
493 825 741 873 susceptam,
771 821 983 860 enuntiare
1011 821 1124 871 libet,
1153 821 1337 861 refellere
1365 822 1415 860 sit
1439 834 1800 873 supervacaneum.

334 887 439 925 Num
467 890 621 933 autem,
643 885 775 924 virum
804 884 1008 923 eruditum
1036 885 1163 924 secuti
1184 885 1213 933 ⁴,
1243 898 1317 924 nec
1345 884 1529 924 Bentleio
1554 897 1628 924 nec
1649 885 1803 924 Jacobo

334 950 398 989 vel
419 949 686 989 assentiemus
705 949 769 987 vel
789 949 1130 998 contradicemus,
1152 953 1192 988 et
1214 953 1430 1000 utramque
1451 949 1696 987 sententiam
1715 960 1805 1000 pro-

335 1013 513 1052 babilem
541 1013 750 1060 ducemus,
773 1016 959 1051 neutram
987 1012 1117 1052 altera
1143 1013 1372 1064 potiorem?
1397 1014 1502 1051 Num
1525 1012 1628 1051 adeo
1649 1011 1805 1051 incerta

335 1090 398 1117 res
429 1077 682 1115 dimittetur?
711 1078 840 1123 Quam
868 1077 1204 1124 controversiam,
1234 1080 1279 1114 ut
1303 1079 1502 1127 quantum
1530 1076 1572 1114 in
1598 1075 1716 1115 nohis
1745 1079 1804 1114 est

333 1140 590 1190 dirimamus,
622 1140 726 1179 illud
760 1140 802 1178 in
833 1139 978 1191 primis
1013 1144 1074 1178 est
1109 1139 1536 1190 animadvertendum,
1569 1139 1602 1178 si
1636 1138 1802 1190 quando

332 1204 520 1243 Manilius
547 1204 769 1242 novitatem
802 1204 937 1255 operis
957 1203 1234 1250 commendat,
1258 1203 1354 1242 trita
1374 1206 1631 1254 tractataque
1652 1215 1676 1242 a
1698 1206 1805 1242 vete-

334 1268 445 1306 ribus
466 1268 615 1306 Graecis
635 1271 879 1317 argumenta
898 1266 949 1305 ab
971 1279 1018 1305 eo
1041 1267 1275 1314 memorari,
1296 1268 1503 1305 Romanos
1523 1270 1660 1305 autem
1682 1266 1803 1317 scrip-

331 1335 443 1370 tores
463 1330 641 1370 secundo
662 1330 766 1368 libro
788 1330 956 1368 omnino
977 1329 1289 1380 praetermissos,
1312 1330 1434 1368 tertio
1457 1329 1525 1368 vix
1549 1329 1803 1381 paucissimis

332 1395 466 1434 obiter
485 1394 619 1432 verbis
645 1393 792 1443 attingi
813 1394 854 1431 ⁵?
874 1393 989 1431 Unde
1015 1405 1090 1431 nec
1116 1392 1393 1442 ignorantiam
1420 1404 1495 1431 nec
1521 1396 1801 1443 contemptum

330 1463 464 1510 poetoe
491 1469 661 1507 arguam
691 1457 706 1480 ⁰
735 1469 743 1495 :
772 1456 840 1495 sed
869 1456 965 1507 quia
991 1456 1032 1494 in
1058 1456 1193 1504 Graio,
1216 1459 1261 1494 ut
1286 1456 1343 1494 ita
1369 1455 1517 1503 dicam,
1541 1455 1640 1495 orbe
1665 1459 1801 1507 natus,

333 1522 507 1573 ideoque
531 1521 564 1559 si
587 1533 670 1559 non
693 1520 735 1559 in
761 1520 932 1567 Graecia,
959 1520 1000 1558 in
1029 1519 1124 1558 Asia
1150 1523 1259 1558 certe
1289 1519 1418 1558 Graiis
1447 1518 1631 1558 moribus
1655 1531 1702 1558 ac
1725 1518 1801 1558 dis-

331 1585 492 1637 ciplinis
512 1584 684 1631 imbuta,
704 1583 842 1634 ibique
865 1583 1063 1622 educatus
1083 1587 1122 1622 et
1142 1583 1351 1621 institutus
1377 1583 1524 1630 fuerat,
1548 1582 1741 1632 vigebant
1759 1582 1802 1621 in

330 1648 531 1688 memoria
551 1647 639 1698 ejus
659 1647 799 1686 omnia
819 1646 1032 1685 Graiarum
1053 1646 1282 1685 litterarum
1304 1645 1508 1697 exempla,
1526 1649 1566 1684 et
1582 1645 1802 1697 praesentia

328 1725 491 1764 semper
516 1724 562 1751 ac
586 1711 722 1750 vivida
747 1710 856 1749 ultro
883 1709 1167 1756 exundabant;
1196 1710 1393 1748 Romanae
1410 1721 1508 1748 vero
1529 1709 1690 1757 litterae,
1714 1712 1798 1748 tar-

329 1775 443 1815 diore
469 1787 569 1814 cura
599 1778 639 1813 et
670 1773 827 1824 majore
861 1773 1001 1812 labore
1033 1772 1206 1818 haustae,
1232 1784 1314 1811 non
1346 1772 1423 1810 nisi
1455 1771 1670 1811 meditanti
1702 1771 1795 1810 ade—

330 1843 439 1887 rant,
457 1851 590 1890 neque
611 1838 710 1888 ipsae
731 1849 813 1876 non
835 1836 1114 1875 attendentem
1136 1835 1426 1875 sollicitabant.

383 1902 651 1942 Levissimum
680 1914 777 1940 sane
804 1900 905 1939 illud
934 1899 1146 1949 indicium,
1170 1911 1243 1938 nec
1263 1899 1372 1950 quod
1394 1910 1531 1950 operae
1552 1897 1729 1950 pretium
1749 1898 1802 1937 sit

328 1966 522 2014 indicare,
557 1965 637 2004 nisi
662 1965 828 2015 gravius
851 1963 1020 2015 aliquod
1046 1962 1261 2001 subveniat
1290 1975 1298 2001 :
1330 1962 1440 2014 quod
1461 1962 1502 2000 in
1526 1966 1674 2013 quarto
1695 1961 1801 2002 libro

329 2029 674 2082 deprehendetur,
693 2029 735 2067 in
754 2029 802 2066 iis
829 2027 998 2077 scilicet,
1021 2039 1112 2077 quae
1145 2026 1195 2064 de
1224 2026 1334 2065 orbis
1366 2026 1540 2064 universi
1566 2025 1800 2076 regionibus

327 2094 489 2145 scripsit
509 2094 537 2132 ⁷.
559 2094 646 2139 Qua
670 2092 713 2131 in
743 2095 946 2130 terrarum
970 2090 1245 2142 descriptione
1273 2101 1396 2140 quam
1420 2102 1502 2128 non
1524 2101 1640 2140 aeque
1660 2089 1800 2128 omnia

296 2183 298 2188 =
327 2157 489 2197 novisse
509 2160 674 2209 poetam
696 2156 888 2207 appareti
911 2156 1012 2193 Nam
1039 2154 1272 2200 Britannos,
1295 2156 1335 2191 et
1355 2152 1541 2191 ultimam
1563 2151 1736 2200 Thulen,
1759 2156 1802 2191 et

329 2221 497 2262 omnino
515 2221 656 2260 littora
675 2224 714 2259 et
733 2219 890 2258 insulas
907 2218 1057 2261 Oceani
1078 2217 1238 2256 videtur
1253 2217 1460 2266 ignorare.
1482 2216 1620 2254 Pauca
1639 2215 1687 2254 de
1709 2215 1796 2254 His*

328 2285 454 2337 pania
483 2288 525 2323 et
562 2284 706 2331 Gallia,
738 2294 914 2335 quarum
943 2281 1118 2321 alteram
1151 2280 1404 2326 bellicosam,
1426 2279 1592 2318 divitem
1623 2278 1798 2318 alteram

329 2348 451 2389 laude
471 2347 643 2397 vulgata
661 2346 758 2386 dicit
781 2359 790 2385 ε
810 2345 1071 2385 Germaniam
1092 2357 1174 2383 non
1195 2343 1279 2382 sine
1301 2343 1441 2394 aliquo
1463 2343 1631 2381 horrore
1653 2342 1795 2392 ingen-

371 2471 399 2502 1.
420 2469 575 2510 Bentley,
595 2469 713 2509 Proes„
737 2477 771 2509 p.
797 2477 827 2500 x.

367 2517 399 2548 2.
418 2516 538 2554 Jacob,
555 2515 646 2547 Man.
663 2515 811 2551 Astron„
834 2513 950 2553 Praef.,
973 2523 1005 2554 p.
1025 2522 1094 2545 xv1.

367 2564 396 2595 3.
415 2562 556 2599 Merkel,
579 2562 703 2593 Tristia
723 2563 755 2592 et
774 2560 850 2597 Ibis,
875 2561 964 2597 1837,
987 2570 1022 2601 p.
1042 2561 1099 2590 400
1119 2568 1195 2599 sqq.

366 2610 397 2640 4.
411 2609 476 2641 Ad.
497 2608 650 2647 Cramer,
667 2608 713 2639 De
729 2606 867 2638 Manilii
886 2607 944 2648 qui
963 2606 1092 2637 dicitur
1110 2604 1307 2641 elocutione,
1327 2603 1559 2644 Argentorati,
1582 2603 1674 2642 1882,
1689 2611 1723 2643 p.
1744 2603 1797 2634 42.

366 2655 397 2686 5.
414 2654 546 2694 Manil.,
565 2654 714 2691 Astron„
738 2653 776 2692 II,
800 2654 815 2684 1
836 2662 934 2694 sqq.;
955 2653 1012 2691 III,
1031 2653 1048 2683 5
1069 2660 1144 2692 sqq.

367 2702 397 2733 6.
418 2701 602 2733 Poetarum
623 2700 813 2732 latinorum
835 2708 918 2731 sane
941 2699 1075 2739 peritus
1098 2700 1173 2729 crat
1195 2697 1368 2735 Manilius,
1388 2698 1421 2727 et
1446 2695 1647 2736 Virgilium,
1671 2695 1796 2727 Lucre-

324 2747 413 2780 tium
434 2747 666 2788 Ovidiumque
688 2755 780 2786 saepe
802 2746 959 2778 imitatus
978 2748 1042 2778 est.
1066 2745 1114 2778 Cf.
1134 2744 1285 2782 Cramer,
1306 2752 1358 2783 op.
1380 2742 1418 2780 I.,
1441 2751 1475 2783 p.
1495 2743 1532 2773 55
1553 2751 1629 2782 sqq.

367 2796 397 2827 7.
415 2793 476 2832 1d.‚
498 2793 595 2831 ibid„
618 2793 672 2833 IV,
695 2794 753 2826 595
773 2802 850 2833 sqq.
