1936 3392
1035 294 1244 334 -18-

401 385 446 423 in
466 381 740 423 astronomico
762 384 968 431 poemate,
988 384 1110 431 poeta
1136 381 1255 420 astris
1275 381 1454 422 tribuere
1474 382 1617 423 soleat.
1639 384 1748 423 Nihil
1768 398 1866 438 ergo

401 447 528 495 aliud,
552 458 602 485 ex
621 456 712 483 mea
734 443 950 491 sententia,
972 443 1050 483 hoc
1070 456 1190 484 versu
1213 457 1221 484 :

590 564 712 599 Caesar
730 573 830 598 nunc
845 562 969 607 terris,
986 564 1071 608 post
1088 563 1176 598 eaelo
1196 564 1382 598 maximus
1399 565 1540 606 auctor,

399 691 632 741 significare
657 690 846 729 Manilius
871 690 1014 739 voluit,
1038 691 1127 737 nisi,
1152 691 1220 742 qui
1247 705 1354 731 nunc
1375 692 1511 732 Caesar
1530 693 1648 732 terris
1673 693 1865 745 imperat,

399 767 495 793 eum
516 767 598 793 non
618 766 740 792 omne
758 758 960 792 terrarum
986 754 1166 804 regimen
1186 759 1316 794 morte
1337 756 1596 805 amissurum,
1614 757 1685 795 sed
1704 757 1746 795 in
1765 758 1865 796 caelo

402 817 570 869 propria
605 821 644 856 et
676 817 792 868 quasi
825 817 1072 867 astrologica
1097 817 1237 856 sideris
1263 819 1425 865 virtute,
1448 819 1558 870 quod
1587 820 1673 870 ejus
1701 820 1866 859 nomine

400 881 599 931 signatur,
630 880 856 919 maximum
888 880 1140 919 terrestrium
1168 894 1305 919 rerum
1326 886 1536 920 auctorem
1564 894 1863 922 remansurum.

400 945 481 983 Nec
503 944 545 982 in
569 956 618 982 ea
637 943 769 982 obiter
788 944 926 982 delata
953 944 1101 983 Caesari
1130 944 1363 983 adulatione
1384 945 1572 984 subtilior
1591 958 1638 984 ac
1657 946 1869 986 recondita

399 1007 591 1058 quaedam
612 1007 798 1046 doctrina
818 1007 902 1045 ullo
925 1009 1048 1046 modo
1073 1007 1296 1058 quaerenda
1317 1012 1391 1047 est.

451 1071 543 1110 Jam
572 1083 668 1109 vero
689 1083 773 1109 non
798 1070 999 1109 minorem
1027 1071 1312 1110 difficultatem
1339 1071 1705 1123 interpretantibus
1729 1085 1870 1112 versus

399 1132 444 1172 hi
464 1133 692 1173 attulerunt
712 1147 719 1171 :

725 1246 953 1293 Venerisque
971 1247 1016 1282 ab
1038 1247 1181 1294 origine
1202 1248 1327 1293 proles

584 1298 679 1333 Julia
697 1298 888 1333 descendit
907 1299 997 1333 caelo
1019 1299 1227 1344 caelumque
1247 1299 1422 1345 replevit3

586 1349 695 1391 Quod
713 1350 809 1394 regit
822 1351 1010 1395 Augustus
1029 1350 1128 1385 socio
1149 1362 1216 1396 per
1237 1350 1345 1396 signa
1363 1353 1542 1394 Tonante,

586 1400 713 1436 Cernit
734 1404 772 1436 et
791 1401 828 1435 in
850 1403 945 1436 coetu
967 1402 1101 1437 Divum
1121 1412 1382 1448 magnumque
1399 1402 1608 1447 Quirinum,

582 1452 701 1487 Altius
720 1453 873 1488 aetherei
895 1463 1010 1499 quam
1030 1453 1165 1488 candet
1185 1454 1342 1489 circulus
1362 1453 1473 1489 orbis.

585 1505 652 1539 Illa
669 1507 787 1540 Deum
808 1505 927 1550 sedes,
947 1505 1039 1548 haec,
1058 1505 1131 1540 illis
1153 1505 1337 1552 proxima,
1359 1506 1487 1542 divom

585 1556 655 1598 Qui
675 1557 810 1592 virtuta
830 1568 898 1592 sua
918 1557 1058 1592 similes
1078 1557 1238 1603 vestigia
1257 1560 1420 1604 tangunt
1435 1560 1461 1594 ¹.

451 1681 536 1718 Hoc
557 1680 598 1718 in
624 1680 714 1719 1000
736 1693 863 1720 ovans
882 1683 1020 1721 Freier
1039 1682 1244 1721 exclamat
1259 1682 1422 1733 jacente
1443 1683 1650 1733 Scaligero
1671 1694 1680 1720 ε
1707 1696 1726 1719 <1
1753 1681 1866 1728 Inde,

397 1742 475 1781 nisi
496 1743 599 1782 forte
620 1756 761 1783 omnes
782 1745 988 1796 cogitandi
1009 1745 1118 1796 leges
1138 1746 1215 1784 hoc
1235 1746 1326 1785 1000
1347 1758 1431 1785 non
1450 1746 1602 1795 vigent,
1623 1757 1786 1784 necesse
1809 1748 1869 1784 est

394 1805 641 1856 colligamus
663 1808 892 1858 Augustum
916 1808 1003 1859 jam
1031 1809 1073 1847 in
1096 1808 1322 1848 caelestium
1345 1808 1538 1848 domibus
1557 1808 1695 1847 sedem
1716 1807 1867 1847 consti-

345 1905 347 1907 .
398 1870 522 1908 tuisse
549 1871 578 1910 ².
609 1887 627 1907 >›
652 1872 826 1923 Jamque
859 1876 980 1911 antea
1006 1872 1114 1911 idem
1142 1885 1192 1911 ex
1223 1873 1367 1911 iisdem
1396 1872 1582 1911 versibus
1607 1871 1867 1910 manifestum

395 1945 484 1972 csse
531 1934 766 1973 Lachmann
806 1936 1092 1986 profitebatur.
1133 1936 1232 1975 Mihi
1278 1948 1375 1974 vero
1423 1948 1471 1974 ea
1509 1947 1601 1986 quae
1637 1934 1869 1974 declaratur

352 2017 357 2036 -.
398 1997 618 2036 necessitas
636 2010 720 2036 non
741 2003 926 2050 apparet.
947 2001 1065 2049 Nam,
1083 2003 1128 2038 ut
1145 1998 1309 2048 singula
1329 2002 1574 2049 argumenta
1590 2009 1866 2050 percenseam,

398 2059 546 2099 nolunt
567 2062 704 2100 Freier
726 2066 766 2100 et
791 2062 1030 2101 Lachmann
1051 2075 1075 2101 a
1099 2061 1257 2101 Caesare
1275 2062 1364 2101 solo
1391 2061 1538 2101 caelum
1558 2060 1708 2112 repleri
1730 2073 1865 2112 posse.

396 2123 561 2162 Scilicet
585 2124 787 2175 repletum
812 2129 872 2164 est
899 2141 918 2162 «
948 2138 1030 2164 non
1056 2138 1103 2164 eo
1132 2126 1243 2176 quod
1267 2125 1354 2176 ipse
1380 2125 1492 2164 solus
1512 2125 1612 2164 deus
1631 2125 1762 2164 factus
1790 2127 1864 2172 est,

394 2187 467 2225 sed
501 2188 673 2238 posteris
705 2188 787 2227 5015
819 2189 1014 2228 ducendis
1043 2189 1086 2228 in
1117 2189 1275 2228 caelum.
1307 2191 1396 2227 Non
1427 2188 1552 2238 igitur
1590 2191 1753 2239 pote-rat
1787 2187 1867 2226 dici

398 2264 420 2285 «
450 2250 622 2301 replevit
653 2251 799 2290 caelum
834 2268 870 2300 »‚
892 2252 971 2290 nisi
1002 2265 1107 2291 unus
1138 2251 1283 2291 saltem
1310 2264 1330 2289 e
1359 2251 1552 2302 progenie
1585 2251 1787 2290 Caesarem
1815 2251 1866 2289 ad
1902 2261 1905 2265 ’

340 2303 341 2306 “
394 2324 567 2363 superos
599 2315 839 2354 subsecutus
871 2316 1014 2354 fuisset
1044 2316 1074 2353 ³.
1102 2314 1316 2366 Equidem,
1348 2314 1422 2352 etsi
1459 2329 1478 2350 «
1515 2313 1726 2365 aliquanto
1758 2314 1868 2364 inep-

397 2375 478 2413 tius
499 2390 519 2411 »
541 2377 690 2416 sentire
709 2378 892 2428 videbor,
912 2391 996 2417 non
1016 2391 1066 2417 ex
1092 2390 1173 2417 uno
1196 2378 1275 2417 hoc
1300 2377 1425 2416 verbo
1446 2392 1464 2413 «
1487 2377 1660 2428 replevit
1678 2392 1696 2413 »
1715 2378 1868 2427 Augus-

335 2472 340 2476 .
397 2442 486 2477 tum
524 2439 840 2491 approbaverim
876 2453 968 2480 cum
1007 2442 1166 2480 Caesare
1201 2441 1242 2479 in
1275 2440 1375 2480 caelo
1403 2441 1492 2492 jam
1527 2440 1730 2480 habitare.
1763 2441 1866 2479 Nam

395 2514 491 2552 quae
526 2506 587 2541 est
615 2503 694 2542 ista
721 2503 968 2555 hyperboles
998 2504 1308 2555 interpretatio?
1337 2506 1443 2543 Num
1469 2504 1580 2556 quod
1608 2503 1754 2543 caelum
1784 2516 1868 2542 una

394 2565 539 2604 anima
558 2578 642 2605 non
662 2567 847 2618 replevit,
870 2568 1017 2606 animae
1038 2568 1128 2606 duae
1146 2567 1387 2619 replebunt?

441 2693 470 2723 1.
490 2693 622 2734 Manil.,
642 2695 793 2732 Astron„
814 2696 841 2735 1,
861 2697 1010 2728 798-804.

438 2739 468 2769 2.
490 2739 617 2779 Freier,
639 2749 692 2781 op.
711 2741 746 2777 l„
766 2751 801 2782 p.
821 2743 871 2774 20.

435 2784 468 2815 3.
490 2784 552 2822 Id.‚
573 2785 669 2822 ibid„
692 2796 725 2826 p.
747 2788 797 2819 21.
