1936 3392
976 294 1185 334 ...36-

395 385 475 422 Nec
495 381 626 432 magis
645 380 709 419 his
734 379 919 419 versibus
941 380 1201 420 innitendum
1223 385 1281 420 est
1307 381 1456 433 quibus
1477 381 1686 420 Manilium
1704 382 1810 420 anti-

336 446 460 498 podes
480 457 564 484 esse
588 443 811 482 affirmavit
831 443 858 482 ¹.
883 445 1033 483 Fateor
1058 448 1098 483 et
1120 445 1328 496 Epicureis
1347 445 1455 484 idem
1475 457 1559 484 non
1580 444 1780 496 placuisse
1795 446 1809 468 ¹

344 514 383 547 et
403 522 427 547 a
446 508 581 547 stoicis
608 506 837 547 obtentum.
860 508 950 546 Non
974 511 1114 547 tamen
1140 508 1324 560 sequitur
1351 512 1395 547 ut
1420 521 1539 547 nemo
1566 508 1674 547 idem
1697 508 1812 560 loqui

342 571 536 623 potuerit,
564 570 641 609 nisi
670 571 834 610 stoicus.
863 572 965 609 Nam
991 571 1167 610 Plinium
1195 572 1394 610 habemus
1418 575 1578 622 testem,
1603 572 1811 612 neminem

343 648 428 677 esse
454 635 586 686 primo
613 638 706 686 post
738 634 942 673 Christum
972 635 1122 674 saeeulo
1158 636 1228 687 qui
1260 636 1476 686 antipodes
1507 648 1592 675 esse
1623 641 1808 686 negaret,

341 699 463 750 idque
484 698 586 737 adeo
614 702 769 736 certum
790 699 922 736 visum
950 710 1034 737 esse
1062 703 1106 737 ut
1134 699 1291 737 nullum
1307 700 1396 750 jam
1418 699 1653 749 ambigendi
1671 699 1808 738 lecum

342 763 529 802 relietum
559 774 644 800 esse
671 762 904 800 crederetur
923 762 951 800 ³.
977 762 1255 813 Pythagoram
1275 775 1374 802 vero
1401 762 1540 801 multis
1567 767 1662 802 ante
1684 775 1809 802 saecu-

342 826 391 865 lis
416 838 508 865 eum
538 825 667 864 multa
699 838 745 864 ae
777 838 873 864 vera
903 826 951 864 de
981 826 1100 864 astris
1127 830 1414 877 astrorumque
1440 830 1480 864 et.
1509 829 1627 865 terrae
1658 825 1806 877 figura,

343 894 428 928 tum
449 890 489 928 id
513 890 561 928 de
590 889 851 941 antipodibus
879 889 1063 928 docuisse
1090 893 1250 928 constat
1271 890 1298 928 ὦ.
1323 891 1460 940 Neque
1480 889 1572 928 ideo
1597 889 1705 928 hane
1725 890 1810 941 opi-

341 952 503 992 nionem
527 952 749 991 tuebantur
772 952 902 1003 stoici,
927 953 1039 1004 quod
1059 953 1174 992 stoici
1199 956 1330 999 erant,
1354 952 1424 991 sed
1450 952 1559 1003 quod
1587 952 1807 991 rotundam

342 1029 426 1055 esse
445 1020 598 1055 terram
616 1016 859 1067 judicabant
882 1031 889 1054 :
914 1016 1009 1055 hinc
1030 1017 1136 1055 enim
1160 1020 1247 1054 tota
1267 1029 1329 1054 res
1350 1015 1514 1066 pendet.

392 1080 574 1132 Denique
597 1080 755 1118 nullum
777 1080 870 1118 inde
892 1080 1085 1119 indicium
1114 1080 1358 1131 capiendum
1380 1084 1454 1127 est,
1483 1079 1592 1129 quod
1625 1079 1810 1130 egregio-

341 1155 431 1181 rum
457 1143 638 1182 virorum
664 1142 824 1181 animos
847 1146 939 1193 post
966 1146 1142 1180 mortem
1171 1143 1213 1180 in
1238 1142 1357 1180 astris
1384 1141 1572 1180 Manilius
1596 1141 1806 1182 locaverit.

341 1206 414 1251 Qui
436 1206 601 1256 quidem
622 1205 735 1244 loeus
756 1206 1055 1257 pulcherrimus
1078 1217 1086 1244 :

525 1332 581 1365 An
600 1329 712 1364 fortes
734 1329 869 1365 animae
895 1330 1120 1376 dignataque
1141 1331 1296 1366 numina
1315 1332 1421 1373 caelo,

527 1381 750 1426 Corporibus
769 1383 932 1416 resoluta
951 1382 1040 1423 suis,
1062 1385 1248 1428 terroeque
1268 1383 1437 1426 remissa,

525 1434 602 1468 Huc
622 1433 790 1479 migrant
809 1445 851 1468 ex
872 1434 975 1478 orbe,
994 1445 1178 1480 suumque
1199 1434 1406 1470 habitantia
1426 1435 1559 1470 caelum

525 1485 715 1521 AEthereos
733 1485 860 1521 vivunt
878 1496 1008 1528 annos,
1033 1487 1253 1532 mundoque
1270 1486 1446 1522 fruuntur
1467 1486 1505 1522 ⁴⁰¹⁶?

392 1613 662 1664 Magnamque
690 1613 903 1653 effundens
929 1614 1207 1666 eloquentiam
1229 1614 1405 1666 optimos
1432 1615 1498 1654 hic
1531 1628 1646 1666 reges
1671 1620 1711 1655 et
1740 1629 1806 1656 sa-

339 1675 496 1726 pientes
525 1679 563 1714 et
594 1676 700 1716 cives
731 1677 852 1723 locat,
882 1677 1096 1725 Achillem,
1120 1678 1377 1729 Atridasque,
1400 1679 1681 1730 Ulyssemque,
1703 1680 1806 1719 Hec-

340 1742 470 1777 torem
501 1743 540 1778 et
567 1739 806 1791 Sarpedona
837 1745 877 1779 et
906 1741 1178 1789 Penthesilea,
1204 1741 1563 1793 Alexandrumque
1590 1755 1804 1794 magnum,

383 1893 409 1922 1.
429 1893 561 1932 Ferraz,
584 1903 617 1934 p.
641 1895 709 1925 120.
731 1913 769 1917 —
790 1895 921 1933 Manil.,
939 1896 1086 1931 Astron..
1107 1896 1130 1934 Ι,
1152 1897 1208 1927 235
1232 1907 1239 1926 :

619 1964 659 1989 Ex
681 1972 737 1998 quo
755 1965 899 1999 colligitur
916 1968 1057 1991 terrarum
1075 1966 1169 1992 forma
1183 1967 1318 1993 rotunda.

618 2005 699 2029 Hanc
716 2005 825 2031 circum
841 2005 926 2031 vai-ize
945 2008 1046 2039 gentes
1066 2006 1216 2032 hominum
1238 2008 1324 2040 atque
1344 2007 1469 2033 ferarum

617 2045 767 2078 Aeriaeque
784 2046 884 2071 colunt
900 2046 1041 2072 volucres.
1062 2047 1131 2072 Pars
1147 2047 1209 2080 ejus
1229 2047 1264 2072 nd
1281 2050 1378 2073 arctos

619 2085 744 2118 Eminet,
763 2086 899 2112 austrinis
916 2095 982 2120 pars
999 2090 1045 2113 est
1061 2087 1227 2113 habitabilis
1245 2087 1317 2116 oris:

617 2126 676 2151 Sub
696 2126 876 2160 pedibusque
891 2126 968 2160 jacet
987 2127 1103 2159 nostris,
1122 2135 1270 2161 supraque
1286 2127 1399 2154 videtur

619 2168 683 2199 Ipsa
703 2167 772 2198 sibi;
792 2167 908 2194 fallente
925 2168 986 2193 solo
1004 2168 1125 2194 declivia
1141 2168 1239 2202 longa,

618 2207 654 2232 Et
673 2207 780 2240 pariter
798 2210 936 2241 surgente
953 2208 1010 2240 via,
1029 2208 1192 2242 pariterque
1211 2208 1340 2234 cadente.

620 2248 701 2273 Hanc
714 2247 764 2273 ubi
781 2248 818 2274 ad
834 2256 953 2274 occasus
972 2252 1088 2274 nostros
1104 2248 1146 2274 sol
1164 2249 1267 2282 aspicit
1283 2250 1372 2279 ortus,

624 2287 686 2314 Illic
702 2291 766 2314 orta
783 2289 844 2315 dies
863 2289 971 2323 sopitas
990 2289 1098 2315 excitat
1114 2289 1210 2320 urbes,

617 2329 652 2354 Et
669 2336 735 2354 cum
752 2328 817 2355 luce
836 2330 923 2355 refert
940 2337 1060 2363 operum
1078 2329 1244 2355 vadimonia
1263 2329 1355 2360 terris,

618 2369 677 2394 Nos
695 2369 724 2394 in
741 2371 824 2395 nocte
842 2377 952 2400 sumus,
972 2377 1148 2403 somnosque
1165 2369 1194 2395 in
1211 2369 1340 2395 membra
1357 2369 1497 2395 locamus.

616 2409 726 2434 Pontus
743 2411 882 2442 utrosque
897 2410 956 2435 suis
976 2409 1117 2444 disjungit
1135 2411 1163 2435 et
1179 2409 1281 2442 alligat
1302 2409 1394 2435 undis.

379 2478 408 2506 2.
430 2476 578 2515 Lucret.⁷
599 2476 625 2515 Ι,
649 2478 725 2507 1045
746 2486 821 2518 sqq.

379 2522 407 2552 3.
431 2522 531 2560 run„
552 2522 593 2561 11,
613 2524 667 2553 65.

380 2569 408 2598 li.
430 2568 525 2607 Diog.
552 2569 675 2605 Laert.‚
697 2568 738 2599 de
762 2569 967 2610 Pythaqora.
988 2587 1028 2592 —
1046 2567 1234 2609 Montucla,
1262 2571 1407 2603 Histoire
1429 2570 1803 2612 desmathematiques,

340 2614 365 2652 1,
388 2614 444 2643 117
467 2624 474 2643 :
497 2627 511 2642 «
536 2614 581 2645 La
604 2614 834 2646 distribution
855 2615 898 2647 de
926 2616 958 2647 la
981 2617 1106 2656 sph‘erc
1134 2617 1272 2652 celeste,
1293 2617 1488 2658 l'ohliquite
1514 2617 1555 2649 de
1581 2617 1804 2658 l'ecliptique,

341 2659 372 2690 la
392 2660 546 2690 rondeur
566 2660 608 2691 de
633 2660 667 2691 la
692 2663 796 2699 terre,
817 2661 1005 2693 l’existence
1025 2662 1082 2693 des
1107 2662 1297 2702 antipodes,
1316 2663 1349 2694 la
1374 2663 1561 2703 spherieite
1587 2663 1634 2694 du
1655 2663 1752 2695 soleii
1772 2665 1807 2694 et

340 2705 452 2736 meme
474 2706 534 2736 des
548 2708 665 2738 autres
681 2709 805 2745 astms,
823 2707 855 2739 la
875 2716 978 2739 cause
996 2708 1085 2740 dela
1102 2709 1247 2740 lumiere
1267 2709 1308 2740 de
1322 2710 1354 2740 la
1368 2710 1450 2741 lune
1467 2712 1501 2742 et
1518 2709 1560 2741 de
1578 2718 1633 2741 ses
1646 2708 1805 2750 eclipses,

341 2752 382 2790 dc
398 2751 511 2783 meme
533 2761 599 2792 qne
621 2753 663 2784 de
681 2753 765 2784 celle
786 2753 832 2785 du
854 2753 965 2794 soleii,
986 2755 1104 2787 furent
1123 2755 1328 2796 enseignecs
1348 2765 1411 2797 par
1430 2757 1637 2797 Pythagore.
1660 2767 1676 2784 »

381 2799 409 2828 5.
431 2798 535 2837 Man„
553 2799 700 2834 Astron..
722 2799 746 2836 Ι,
768 2800 839 2830 Ἶ58.
