<?xml version="1.0" encoding="UTF-8"?>
<!DOCTYPE html PUBLIC "-//W3C//DTD XHTML 1.0 Transitional//EN"
    "http://www.w3.org/TR/xhtml1/DTD/xhtml1-transitional.dtd">
<html xmlns="http://www.w3.org/1999/xhtml" xml:lang="en" lang="en">
 <head>
  <title>
</title>
<meta http-equiv="Content-Type" content="text/html;charset=utf-8" />
  <meta name='ocr-system' content='tesseract 3.04.00' />
  <meta name='ocr-capabilities' content='ocr_page ocr_carea ocr_par ocr_line ocrx_word'/>
</head>
<body>
  <div class='ocr_page' id='page_1' title='image "./lucubrationesman00thomuoft_0106.png"; bbox 0 0 1936 3392; ppageno 0'>
   <div class='ocr_carea' id='block_1_1' title="bbox 1113 273 1211 338">
    <p class='ocr_par' dir='ltr' id='par_1_1' title="bbox 1113 273 1211 338">
     <span class='ocr_line' id='line_1_1' title="bbox 1113 273 1211 338; baseline -0.01 -5"><span class='ocrx_word' id='word_1_1' title='bbox 1113 273 1171 338; x_wconf 11' lang='lat'><strong>327</strong></span> <span class='ocrx_word' id='word_1_2' title='bbox 1207 319 1211 321; x_wconf 85' lang='lat'><em>-</em></span> 
     </span>
    </p>
   </div>
   <div class='ocr_carea' id='block_1_2' title="bbox 514 432 1823 489">
    <p class='ocr_par' dir='ltr' id='par_1_2' title="bbox 514 432 1823 489">
     <span class='ocr_line' id='line_1_2' title="bbox 514 432 1823 489; baseline 0.005 -16"><span class='ocrx_word' id='word_1_3' title='bbox 514 432 624 474; x_wconf 87' lang='lat' dir='ltr'><strong>Haec</strong></span> <span class='ocrx_word' id='word_1_4' title='bbox 656 433 793 474; x_wconf 89' lang='lat' dir='ltr'><strong>eadem</strong></span> <span class='ocrx_word' id='word_1_5' title='bbox 826 433 873 474; x_wconf 89' lang='lat' dir='ltr'><strong>de</strong></span> <span class='ocrx_word' id='word_1_6' title='bbox 907 433 1046 487; x_wconf 75' lang='lat' dir='ltr'><strong>quovis</strong></span> <span class='ocrx_word' id='word_1_7' title='bbox 1079 434 1159 474; x_wconf 83' lang='lat' dir='ltr'><strong>iere</strong></span> <span class='ocrx_word' id='word_1_8' title='bbox 1190 437 1310 489; x_wconf 89' lang='lat' dir='ltr'><strong>poeta</strong></span> <span class='ocrx_word' id='word_1_9' title='bbox 1341 435 1488 476; x_wconf 82' lang='lat' dir='ltr'>similes</span> <span class='ocrx_word' id='word_1_10' title='bbox 1519 441 1716 487; x_wconf 74' lang='lat' dir='ltr'><strong>tractante</strong></span> <span class='ocrx_word' id='word_1_11' title='bbox 1738 453 1823 488; x_wconf 90' lang='lat' dir='ltr'><strong>res,</strong></span> 
     </span>
    </p>
   </div>
   <div class='ocr_carea' id='block_1_3' title="bbox 448 509 1822 627">
    <p class='ocr_par' dir='ltr' id='par_1_3' title="bbox 448 509 1822 627">
     <span class='ocr_line' id='line_1_3' title="bbox 448 509 1822 569; baseline 0.003 -19"><span class='ocrx_word' id='word_1_12' title='bbox 448 514 551 550; x_wconf 77' lang='lat' dir='ltr'><strong>tunc&#39;</strong></span> <span class='ocrx_word' id='word_1_13' title='bbox 580 511 771 565; x_wconf 88' lang='lat' dir='ltr'><strong>temporis</strong></span> <span class='ocrx_word' id='word_1_14' title='bbox 805 511 964 551; x_wconf 85' lang='lat' dir='ltr'><strong>vivente</strong></span> <span class='ocrx_word' id='word_1_15' title='bbox 997 509 1179 550; x_wconf 88' lang='lat' dir='ltr'><strong>affirmari</strong></span> <span class='ocrx_word' id='word_1_16' title='bbox 1201 511 1339 565; x_wconf 85' lang='lat' dir='ltr'><strong>possit.</strong></span> <span class='ocrx_word' id='word_1_17' title='bbox 1387 512 1564 554; x_wconf 80' lang='lat' dir='ltr'>Eandem</span> <span class='ocrx_word' id='word_1_18' title='bbox 1586 514 1822 569; x_wconf 81' lang='lat' dir='ltr'>particulam</span> 
     </span>
     <span class='ocr_line' id='line_1_4' title="bbox 448 582 1744 627; baseline 0.003 -4"><span class='ocrx_word' id='word_1_19' title='bbox 448 597 531 623; x_wconf 77' lang='lat' dir='ltr'><strong>cum</strong></span> <span class='ocrx_word' id='word_1_20' title='bbox 563 598 733 624; x_wconf 89' lang='lat' dir='ltr'><strong>sumam.</strong></span> <span class='ocrx_word' id='word_1_21' title='bbox 797 582 938 623; x_wconf 82' lang='lat' dir='ltr'>Suavis</span> <span class='ocrx_word' id='word_1_22' title='bbox 971 597 1068 623; x_wconf 90' lang='lat' dir='ltr'><strong>num</strong></span> <span class='ocrx_word' id='word_1_23' title='bbox 1101 582 1226 623; x_wconf 88' lang='lat' dir='ltr'><strong>oratio</strong></span> <span class='ocrx_word' id='word_1_24' title='bbox 1260 587 1320 624; x_wconf 87' lang='lat' dir='ltr'><strong>est</strong></span> <span class='ocrx_word' id='word_1_25' title='bbox 1368 583 1594 626; x_wconf 83' lang='lat' dir='ltr'><strong>Germanici</strong></span> <span class='ocrx_word' id='word_1_26' title='bbox 1626 586 1744 627; x_wconf 85' lang='lat' dir='ltr'><strong>haec:</strong></span> 
     </span>
    </p>
   </div>
   <div class='ocr_carea' id='block_1_4' title="bbox 429 659 1843 2781">
    <p class='ocr_par' dir='ltr' id='par_1_4' title="bbox 488 659 1625 715">
     <span class='ocr_line' id='line_1_5' title="bbox 488 659 1625 715; baseline 0 -13"><span class='ocrx_word' id='word_1_27' title='bbox 488 665 491 667; x_wconf 81' lang='grc'><strong>’</strong></span> <span class='ocrx_word' id='word_1_28' title='bbox 571 660 760 715; x_wconf 68' lang='lat' dir='ltr'><strong>Myrtilos</strong></span> <span class='ocrx_word' id='word_1_29' title='bbox 791 659 968 701; x_wconf 82' lang='lat' dir='ltr'><strong>exoritur</strong></span> <span class='ocrx_word' id='word_1_30' title='bbox 999 674 1154 700; x_wconf 89' lang='lat' dir='ltr'><strong>summo</strong></span> <span class='ocrx_word' id='word_1_31' title='bbox 1187 671 1290 702; x_wconf 77' lang='lat' dir='ltr'><strong>eum</strong></span> <span class='ocrx_word' id='word_1_32' title='bbox 1321 661 1509 702; x_wconf 86' lang='lat' dir='ltr'><strong>fluctibus</strong></span> <span class='ocrx_word' id='word_1_33' title='bbox 1541 677 1625 712; x_wconf 82' lang='lat' dir='ltr'><strong>ore,</strong></span> 
     </span>
    </p>

    <p class='ocr_par' dir='ltr' id='par_1_5' title="bbox 567 735 1525 786">
     <span class='ocr_line' id='line_1_6' title="bbox 567 735 1525 786; baseline 0 -8"><span class='ocrx_word' id='word_1_34' title='bbox 567 740 680 778; x_wconf 88' lang='lat' dir='ltr'><strong>totus</strong></span> <span class='ocrx_word' id='word_1_35' title='bbox 713 747 817 779; x_wconf 77' lang='lat' dir='ltr'><strong>cum</strong></span> <span class='ocrx_word' id='word_1_36' title='bbox 848 740 965 777; x_wconf 90' lang='lat' dir='ltr'><strong>tauro</strong></span> <span class='ocrx_word' id='word_1_37' title='bbox 997 735 1107 776; x_wconf 90' lang='lat' dir='ltr'><strong>lucet</strong></span> <span class='ocrx_word' id='word_1_38' title='bbox 1118 753 1129 786; x_wconf 86' lang='lat'>;</span> <span class='ocrx_word' id='word_1_39' title='bbox 1163 736 1243 776; x_wconf 89' lang='lat' dir='ltr'><strong>ruit</strong></span> <span class='ocrx_word' id='word_1_40' title='bbox 1275 751 1422 778; x_wconf 85' lang='lat' dir='ltr'><strong>oceano</strong></span> <span class='ocrx_word' id='word_1_41' title='bbox 1455 737 1525 778; x_wconf 92' lang='lat' dir='ltr'><strong>bos</strong></span> 
     </span>
    </p>

    <p class='ocr_par' dir='ltr' id='par_1_6' title="bbox 570 811 1617 868">
     <span class='ocr_line' id='line_1_7' title="bbox 570 811 1617 868; baseline 0.001 -14"><span class='ocrx_word' id='word_1_42' title='bbox 570 814 699 863; x_wconf 85' lang='lat' dir='ltr'><strong>Ante,</strong></span> <span class='ocrx_word' id='word_1_43' title='bbox 734 827 852 868; x_wconf 89' lang='lat' dir='ltr'><strong>super</strong></span> <span class='ocrx_word' id='word_1_44' title='bbox 884 817 1007 853; x_wconf 86' lang='lat' dir='ltr'><strong>terras</strong></span> <span class='ocrx_word' id='word_1_45' title='bbox 1040 823 1143 854; x_wconf 83' lang='lat' dir='ltr'><strong>cum</strong></span> <span class='ocrx_word' id='word_1_46' title='bbox 1175 811 1305 866; x_wconf 78' lang='lat' dir='ltr'><strong>fulget</strong></span> <span class='ocrx_word' id='word_1_47' title='bbox 1339 814 1524 868; x_wconf 69' lang='lat' dir='ltr'><strong>Myrtilos</strong></span> <span class='ocrx_word' id='word_1_48' title='bbox 1555 828 1617 855; x_wconf 81' lang='lat' dir='ltr'><strong>ore</strong></span> 
     </span>
    </p>

    <p class='ocr_par' dir='ltr' id='par_1_7' title="bbox 502 890 1765 1027">
     <span class='ocr_line' id='line_1_8' title="bbox 566 890 1765 947; baseline -0.001 -15"><span class='ocrx_word' id='word_1_49' title='bbox 566 890 717 932; x_wconf 82' lang='lat' dir='ltr'><strong>Iasides</strong></span> <span class='ocrx_word' id='word_1_50' title='bbox 749 891 868 932; x_wconf 89' lang='lat' dir='ltr'><strong>etiam</strong></span> <span class='ocrx_word' id='word_1_51' title='bbox 902 890 1055 931; x_wconf 89' lang='lat' dir='ltr'><strong>caelum</strong></span> <span class='ocrx_word' id='word_1_52' title='bbox 1087 901 1190 932; x_wconf 81' lang='lat' dir='ltr'><strong>cum</strong></span> <span class='ocrx_word' id='word_1_53' title='bbox 1223 891 1393 945; x_wconf 88' lang='lat' dir='ltr'><strong>coniuge</strong></span> <span class='ocrx_word' id='word_1_54' title='bbox 1427 891 1607 947; x_wconf 79' lang='lat' dir='ltr'>Cepheus</span> <span class='ocrx_word' id='word_1_55' title='bbox 1641 891 1765 933; x_wconf 69' lang='lat' dir='ltr'><strong>cett?</strong></span> 
     </span>
     <span class='ocr_line' id='line_1_9' title="bbox 502 968 1566 1027; baseline -0.002 -17"><span class='ocrx_word' id='word_1_56' title='bbox 502 970 567 1010; x_wconf 88' lang='lat' dir='ltr'><strong>An</strong></span> <span class='ocrx_word' id='word_1_57' title='bbox 602 968 780 1010; x_wconf 88' lang='lat' dir='ltr'><strong>eiusdem</strong></span> <span class='ocrx_word' id='word_1_58' title='bbox 812 983 946 1010; x_wconf 86' lang='lat' dir='ltr'><strong>versus</strong></span> <span class='ocrx_word' id='word_1_59' title='bbox 979 968 1046 1009; x_wconf 81' lang='lat' dir='ltr'><strong>hi:</strong></span> <span class='ocrx_word' id='word_1_60' title='bbox 1564 1022 1566 1027; x_wconf 69' lang='lat'>,</span> 
     </span>
    </p>

    <p class='ocr_par' dir='ltr' id='par_1_8' title="bbox 565 1043 1559 1099">
     <span class='ocr_line' id='line_1_10' title="bbox 565 1043 1559 1099; baseline 0.003 -15"><span class='ocrx_word' id='word_1_61' title='bbox 565 1043 755 1099; x_wconf 84' lang='lat' dir='ltr'><strong>Ferrique</strong></span> <span class='ocrx_word' id='word_1_62' title='bbox 787 1045 957 1087; x_wconf 86' lang='lat' dir='ltr'><strong>invento</strong></span> <span class='ocrx_word' id='word_1_63' title='bbox 990 1058 1092 1084; x_wconf 73' lang='lat' dir='ltr'><strong>mens</strong></span> <span class='ocrx_word' id='word_1_64' title='bbox 1129 1048 1186 1086; x_wconf 69' lang='lat' dir='ltr'><strong>est</strong></span> <span class='ocrx_word' id='word_1_65' title='bbox 1215 1044 1362 1086; x_wconf 86' lang='lat' dir='ltr'><strong>laetata</strong></span> <span class='ocrx_word' id='word_1_66' title='bbox 1395 1044 1559 1089; x_wconf 87' lang='lat' dir='ltr'><strong>metallo</strong></span> 
     </span>
    </p>

    <p class='ocr_par' dir='ltr' id='par_1_9' title="bbox 565 1119 1529 1164">
     <span class='ocr_line' id='line_1_11' title="bbox 565 1119 1529 1164; baseline 0.001 -2"><span class='ocrx_word' id='word_1_67' title='bbox 565 1119 721 1162; x_wconf 90' lang='lat' dir='ltr'><strong>Polluit</strong></span> <span class='ocrx_word' id='word_1_68' title='bbox 753 1124 793 1162; x_wconf 89' lang='lat' dir='ltr'><strong>ct</strong></span> <span class='ocrx_word' id='word_1_69' title='bbox 823 1124 962 1161; x_wconf 86' lang='lat' dir='ltr'><strong>taurus</strong></span> <span class='ocrx_word' id='word_1_70' title='bbox 994 1134 1142 1161; x_wconf 68' lang='lat' dir='ltr'><strong>mensas</strong></span> <span class='ocrx_word' id='word_1_71' title='bbox 1173 1120 1363 1162; x_wconf 86' lang='lat' dir='ltr'><strong>adsuetus</strong></span> <span class='ocrx_word' id='word_1_72' title='bbox 1396 1125 1529 1164; x_wconf 86' lang='lat' dir='ltr'><strong>aratro</strong></span> 
     </span>
    </p>

    <p class='ocr_par' dir='ltr' id='par_1_10' title="bbox 563 1197 1708 1253">
     <span class='ocr_line' id='line_1_12' title="bbox 563 1197 1708 1253; baseline 0.001 -16"><span class='ocrx_word' id='word_1_73' title='bbox 563 1197 751 1238; x_wconf 79' lang='lat' dir='ltr'><strong>Deseruit</strong></span> <span class='ocrx_word' id='word_1_74' title='bbox 782 1211 948 1252; x_wconf 83' lang='lat' dir='ltr'><strong>propere</strong></span> <span class='ocrx_word' id='word_1_75' title='bbox 981 1202 1105 1238; x_wconf 70' lang='lat' dir='ltr'><strong>terrae</strong></span> <span class='ocrx_word' id='word_1_76' title='bbox 1135 1197 1353 1238; x_wconf 88' lang='lat' dir='ltr'><strong>iustissima</strong></span> <span class='ocrx_word' id='word_1_77' title='bbox 1385 1198 1499 1253; x_wconf 84' lang='lat' dir='ltr'><strong>virgo</strong></span> <span class='ocrx_word' id='word_1_78' title='bbox 1531 1197 1656 1239; x_wconf 84' lang='lat' dir='ltr'><strong>cett.?</strong></span> <span class='ocrx_word' id='word_1_79' title='bbox 1683 1197 1708 1253; x_wconf 91' lang='lat'><strong>¹)</strong></span> 
     </span>
    </p>

    <p class='ocr_par' dir='ltr' id='par_1_11' title="bbox 431 1273 1843 2244">
     <span class='ocr_line' id='line_1_13' title="bbox 501 1273 1813 1324; baseline 0.001 -9"><span class='ocrx_word' id='word_1_80' title='bbox 501 1273 603 1315; x_wconf 81' lang='lat' dir='ltr'><strong>Sane</strong></span> <span class='ocrx_word' id='word_1_81' title='bbox 650 1274 780 1315; x_wconf 85' lang='lat' dir='ltr'><strong>suavis</strong></span> <span class='ocrx_word' id='word_1_82' title='bbox 827 1288 907 1315; x_wconf 90' lang='lat' dir='ltr'><strong>non</strong></span> <span class='ocrx_word' id='word_1_83' title='bbox 941 1277 1000 1315; x_wconf 86' lang='lat' dir='ltr'><strong>est</strong></span> <span class='ocrx_word' id='word_1_84' title='bbox 1033 1274 1184 1324; x_wconf 86' lang='lat' dir='ltr'><strong>oratio,</strong></span> <span class='ocrx_word' id='word_1_85' title='bbox 1218 1275 1286 1316; x_wconf 85' lang='lat' dir='ltr'><strong>sed</strong></span> <span class='ocrx_word' id='word_1_86' title='bbox 1317 1275 1420 1316; x_wconf 85' lang='lat' dir='ltr'><strong>hanc</strong></span> <span class='ocrx_word' id='word_1_87' title='bbox 1451 1274 1501 1316; x_wconf 95' lang='lat' dir='ltr'><strong>ob</strong></span> <span class='ocrx_word' id='word_1_88' title='bbox 1535 1289 1618 1316; x_wconf 89' lang='lat' dir='ltr'><strong>rem</strong></span> <span class='ocrx_word' id='word_1_89' title='bbox 1651 1274 1813 1316; x_wconf 80' lang='lat' dir='ltr'><strong>Germa-</strong></span> 
     </span>
     <span class='ocr_line' id='line_1_14' title="bbox 439 1349 1811 1406; baseline 0 -15"><span class='ocrx_word' id='word_1_90' title='bbox 439 1349 553 1391; x_wconf 78' lang='lat' dir='ltr'><strong>nicus</strong></span> <span class='ocrx_word' id='word_1_91' title='bbox 602 1365 699 1391; x_wconf 92' lang='lat' dir='ltr'><strong>num</strong></span> <span class='ocrx_word' id='word_1_92' title='bbox 749 1354 806 1391; x_wconf 90' lang='lat' dir='ltr'><strong>est</strong></span> <span class='ocrx_word' id='word_1_93' title='bbox 839 1349 1092 1406; x_wconf 80' lang='lat' dir='ltr'><strong>peregrinus?</strong></span> <span class='ocrx_word' id='word_1_94' title='bbox 1157 1349 1377 1402; x_wconf 77' lang='lat' dir='ltr'><strong>Quotiesne</strong></span> <span class='ocrx_word' id='word_1_95' title='bbox 1410 1350 1622 1392; x_wconf 89' lang='lat' dir='ltr'><strong>Lucretius</strong></span> <span class='ocrx_word' id='word_1_96' title='bbox 1639 1383 1652 1401; x_wconf 95' lang='lat'><em>,</em></span> <span class='ocrx_word' id='word_1_97' title='bbox 1689 1350 1811 1392; x_wconf 86' lang='lat' dir='ltr'><strong>etiam</strong></span> 
     </span>
     <span class='ocr_line' id='line_1_15' title="bbox 438 1415 1843 1485; baseline 0.001 -17"><span class='ocrx_word' id='word_1_98' title='bbox 438 1427 505 1469; x_wconf 90' lang='lat' dir='ltr'><strong>ubi</strong></span> <span class='ocrx_word' id='word_1_99' title='bbox 554 1428 665 1469; x_wconf 93' lang='lat' dir='ltr'><strong>nullo</strong></span> <span class='ocrx_word' id='word_1_100' title='bbox 713 1429 916 1470; x_wconf 86' lang='lat' dir='ltr'><strong>doctrinae</strong></span> <span class='ocrx_word' id='word_1_101' title='bbox 948 1428 1109 1470; x_wconf 90' lang='lat' dir='ltr'><strong>vinculo</strong></span> <span class='ocrx_word' id='word_1_102' title='bbox 1142 1428 1340 1480; x_wconf 85' lang='lat' dir='ltr'><strong>vincitur,</strong></span> <span class='ocrx_word' id='word_1_103' title='bbox 1373 1429 1480 1470; x_wconf 87' lang='lat' dir='ltr'><strong>intra</strong></span> <span class='ocrx_word' id='word_1_104' title='bbox 1511 1429 1686 1485; x_wconf 85' lang='lat' dir='ltr'><strong>spatium</strong></span> <span class='ocrx_word' id='word_1_105' title='bbox 1718 1443 1814 1484; x_wconf 85' lang='lat' dir='ltr'><strong>pau·</strong></span> <span class='ocrx_word' id='word_1_106' title='bbox 1834 1415 1843 1427; x_wconf 54' lang='lat'>⁸</span> 
     </span>
     <span class='ocr_line' id='line_1_16' title="bbox 438 1506 1812 1563; baseline 0 -16"><span class='ocrx_word' id='word_1_107' title='bbox 438 1520 574 1548; x_wconf 89' lang='lat' dir='ltr'><strong>corum</strong></span> <span class='ocrx_word' id='word_1_108' title='bbox 622 1520 810 1548; x_wconf 88' lang='lat' dir='ltr'><strong>versuum</strong></span> <span class='ocrx_word' id='word_1_109' title='bbox 858 1506 996 1548; x_wconf 86' lang='lat' dir='ltr'><strong>eadem</strong></span> <span class='ocrx_word' id='word_1_110' title='bbox 1043 1506 1163 1548; x_wconf 85' lang='lat' dir='ltr'><strong>verba</strong></span> <span class='ocrx_word' id='word_1_111' title='bbox 1209 1507 1437 1563; x_wconf 83' lang='lat' dir='ltr'><strong>usurpavit!</strong></span> <span class='ocrx_word' id='word_1_112' title='bbox 1472 1506 1532 1549; x_wconf 82' lang='lat' dir='ltr'><strong>Cf.</strong></span> <span class='ocrx_word' id='word_1_113' title='bbox 1566 1507 1681 1548; x_wconf 83' lang='lat' dir='ltr'><strong>idem·</strong></span> <span class='ocrx_word' id='word_1_114' title='bbox 1703 1506 1812 1561; x_wconf 88' lang='lat' dir='ltr'><strong>quod</strong></span> 
     </span>
     <span class='ocr_line' id='line_1_17' title="bbox 439 1582 1812 1624; baseline 0.001 -1"><span class='ocrx_word' id='word_1_115' title='bbox 439 1597 459 1623; x_wconf 86' lang='lat' dir='ltr'><strong>e</strong></span> <span class='ocrx_word' id='word_1_116' title='bbox 507 1582 679 1624; x_wconf 88' lang='lat' dir='ltr'><strong>Manilio</strong></span> <span class='ocrx_word' id='word_1_117' title='bbox 725 1582 906 1624; x_wconf 88' lang='lat' dir='ltr'><strong>laudavit</strong></span> <span class='ocrx_word' id='word_1_118' title='bbox 953 1582 1127 1624; x_wconf 87' lang='lat' dir='ltr'><strong>Jacobus</strong></span> <span class='ocrx_word' id='word_1_119' title='bbox 1174 1598 1309 1624; x_wconf 72' lang='lat' dir='ltr'><strong>auras:</strong></span> <span class='ocrx_word' id='word_1_120' title='bbox 1348 1583 1384 1622; x_wconf 77' lang='lat' dir='ltr'><strong>V</strong></span> <span class='ocrx_word' id='word_1_121' title='bbox 1422 1585 1504 1624; x_wconf 89' lang='lat'><strong>501</strong></span> <span class='ocrx_word' id='word_1_122' title='bbox 1540 1583 1664 1624; x_wconf 87' lang='lat' dir='ltr'><strong>aerias</strong></span> <span class='ocrx_word' id='word_1_123' title='bbox 1696 1597 1812 1624; x_wconf 85' lang='lat' dir='ltr'><strong>auras</strong></span> 
     </span>
     <span class='ocr_line' id='line_1_18' title="bbox 436 1659 1811 1710; baseline 0.001 -11"><span class='ocrx_word' id='word_1_124' title='bbox 436 1663 475 1700; x_wconf 89' lang='lat' dir='ltr'><strong>et</strong></span> <span class='ocrx_word' id='word_1_125' title='bbox 522 1661 605 1701; x_wconf 80' lang='lat'><strong>502</strong></span> <span class='ocrx_word' id='word_1_126' title='bbox 640 1660 739 1701; x_wconf 89' lang='lat' dir='ltr'><strong>aeris</strong></span> <span class='ocrx_word' id='word_1_127' title='bbox 771 1659 879 1701; x_wconf 84' lang='lat' dir='ltr'><strong>auris</strong></span> <span class='ocrx_word' id='word_1_128' title='bbox 889 1676 901 1710; x_wconf 83' lang='lat'>3</span> <span class='ocrx_word' id='word_1_129' title='bbox 944 1659 1006 1700; x_wconf 86' lang='lat' dir='ltr'><strong>VI</strong></span> <span class='ocrx_word' id='word_1_130' title='bbox 1041 1662 1122 1702; x_wconf 87' lang='grc'><strong>891</strong></span> <span class='ocrx_word' id='word_1_131' title='bbox 1160 1660 1203 1701; x_wconf 86' lang='grc' dir='ltr'><strong>ἰ11</strong></span> <span class='ocrx_word' id='word_1_132' title='bbox 1234 1660 1312 1701; x_wconf 89' lang='lat' dir='ltr'><strong>fine</strong></span> <span class='ocrx_word' id='word_1_133' title='bbox 1341 1674 1476 1702; x_wconf 85' lang='lat' dir='ltr'><strong>versus</strong></span> <span class='ocrx_word' id='word_1_134' title='bbox 1509 1660 1657 1710; x_wconf 73' lang='lat' dir='ltr'><strong>undae,</strong></span> <span class='ocrx_word' id='word_1_135' title='bbox 1705 1659 1811 1702; x_wconf 86' lang='lat' dir='ltr'><strong>idem</strong></span> 
     </span>
     <span class='ocr_line' id='line_1_19' title="bbox 435 1734 1811 1789; baseline 0.001 -14"><span class='ocrx_word' id='word_1_136' title='bbox 435 1734 477 1775; x_wconf 92' lang='lat' dir='ltr'><strong>in</strong></span> <span class='ocrx_word' id='word_1_137' title='bbox 508 1735 587 1777; x_wconf 90' lang='lat' dir='ltr'><strong>fine</strong></span> <span class='ocrx_word' id='word_1_138' title='bbox 617 1750 677 1777; x_wconf 77' lang='lat' dir='ltr'><strong>vs·</strong></span> <span class='ocrx_word' id='word_1_139' title='bbox 714 1738 825 1786; x_wconf 77' lang='lat'><strong>8943</strong></span> <span class='ocrx_word' id='word_1_140' title='bbox 858 1735 959 1776; x_wconf 80' lang='lat' dir='ltr'><strong>caeli</strong></span> <span class='ocrx_word' id='word_1_141' title='bbox 991 1735 1033 1776; x_wconf 90' lang='lat' dir='ltr'><strong>in</strong></span> <span class='ocrx_word' id='word_1_142' title='bbox 1065 1735 1143 1777; x_wconf 89' lang='lat' dir='ltr'><strong>fine</strong></span> <span class='ocrx_word' id='word_1_143' title='bbox 1174 1750 1231 1777; x_wconf 86' lang='lat' dir='ltr'><strong>vs.</strong></span> <span class='ocrx_word' id='word_1_144' title='bbox 1265 1734 1287 1775; x_wconf 93' lang='lat' dir='ltr'>I</span> <span class='ocrx_word' id='word_1_145' title='bbox 1324 1736 1438 1776; x_wconf 79' lang='lat'><strong>1062</strong></span> <span class='ocrx_word' id='word_1_146' title='bbox 1461 1739 1501 1776; x_wconf 88' lang='lat' dir='ltr'><strong>et</strong></span> <span class='ocrx_word' id='word_1_147' title='bbox 1526 1735 1811 1789; x_wconf 71' lang='lat' dir='ltr'><strong>1066;prma</strong></span> 
     </span>
     <span class='ocr_line' id='line_1_20' title="bbox 435 1810 1810 1862; baseline 0.001 -12"><span class='ocrx_word' id='word_1_148' title='bbox 435 1810 478 1851; x_wconf 89' lang='lat' dir='ltr'><strong>in</strong></span> <span class='ocrx_word' id='word_1_149' title='bbox 510 1811 588 1852; x_wconf 90' lang='lat' dir='ltr'><strong>fine</strong></span> <span class='ocrx_word' id='word_1_150' title='bbox 620 1825 677 1852; x_wconf 88' lang='lat' dir='ltr'><strong>vs.</strong></span> <span class='ocrx_word' id='word_1_151' title='bbox 710 1810 747 1850; x_wconf 80' lang='lat' dir='ltr'><strong>V</strong></span> <span class='ocrx_word' id='word_1_152' title='bbox 782 1811 865 1853; x_wconf 89' lang='grc'><strong>677</strong></span> <span class='ocrx_word' id='word_1_153' title='bbox 901 1815 942 1853; x_wconf 91' lang='lat' dir='ltr'><strong>et</strong></span> <span class='ocrx_word' id='word_1_154' title='bbox 974 1811 1086 1862; x_wconf 71' lang='lat'>6785</span> <span class='ocrx_word' id='word_1_155' title='bbox 1135 1826 1216 1853; x_wconf 92' lang='lat' dir='ltr'><strong>uno</strong></span> <span class='ocrx_word' id='word_1_156' title='bbox 1247 1815 1407 1852; x_wconf 89' lang='lat' dir='ltr'><strong>tantum</strong></span> <span class='ocrx_word' id='word_1_157' title='bbox 1437 1825 1554 1852; x_wconf 83' lang='lat' dir='ltr'><strong>versu</strong></span> <span class='ocrx_word' id='word_1_158' title='bbox 1584 1810 1810 1852; x_wconf 85' lang='lat' dir='ltr'><strong>intermisso</strong></span> 
     </span>
     <span class='ocr_line' id='line_1_21' title="bbox 434 1887 1807 1938; baseline 0 -10"><span class='ocrx_word' id='word_1_159' title='bbox 434 1892 560 1928; x_wconf 75' lang='lat' dir='ltr'><strong>noctes</strong></span> <span class='ocrx_word' id='word_1_160' title='bbox 604 1887 694 1930; x_wconf 87' lang='lat' dir='ltr'><strong>finis</strong></span> <span class='ocrx_word' id='word_1_161' title='bbox 742 1892 801 1929; x_wconf 89' lang='lat' dir='ltr'><strong>est</strong></span> <span class='ocrx_word' id='word_1_162' title='bbox 847 1902 905 1930; x_wconf 85' lang='lat' dir='ltr'><strong>vs.</strong></span> <span class='ocrx_word' id='word_1_163' title='bbox 958 1890 1042 1929; x_wconf 88' lang='grc'><strong>680</strong></span> <span class='ocrx_word' id='word_1_164' title='bbox 1087 1893 1128 1930; x_wconf 91' lang='lat' dir='ltr'><strong>et</strong></span> <span class='ocrx_word' id='word_1_165' title='bbox 1162 1890 1277 1938; x_wconf 84' lang='lat'><strong>681,·</strong></span> <span class='ocrx_word' id='word_1_166' title='bbox 1309 1887 1370 1929; x_wconf 80' lang='lat' dir='ltr'><strong>IV</strong></span> <span class='ocrx_word' id='word_1_167' title='bbox 1405 1888 1489 1930; x_wconf 77' lang='lat'><strong>275</strong></span> <span class='ocrx_word' id='word_1_168' title='bbox 1525 1891 1565 1929; x_wconf 89' lang='lat' dir='ltr'><strong>et</strong></span> <span class='ocrx_word' id='word_1_169' title='bbox 1601 1887 1683 1931; x_wconf 86' lang='grc'><strong>277</strong></span> <span class='ocrx_word' id='word_1_170' title='bbox 1718 1890 1807 1936; x_wconf 65' lang='lat' dir='ltr'><strong>abb-3</strong></span> 
     </span>
     <span class='ocr_line' id='line_1_22' title="bbox 434 1954 1810 2019; baseline 0 -15"><span class='ocrx_word' id='word_1_171' title='bbox 434 1963 480 2005; x_wconf 89' lang='lat'><strong>11</strong></span> <span class='ocrx_word' id='word_1_172' title='bbox 530 1965 614 2005; x_wconf 81' lang='lat'><strong>682</strong></span> <span class='ocrx_word' id='word_1_173' title='bbox 664 1968 704 2005; x_wconf 70' lang='lat' dir='ltr'><strong>et</strong></span> <span class='ocrx_word' id='word_1_174' title='bbox 753 1965 837 2006; x_wconf 86' lang='lat'><strong>685</strong></span> <span class='ocrx_word' id='word_1_175' title='bbox 875 1965 1046 2019; x_wconf 52' lang='grc' dir='ltr'><strong>Μανία,</strong></span> <span class='ocrx_word' id='word_1_176' title='bbox 1096 1964 1119 2006; x_wconf 86' lang='grc' dir='ltr'>Ι</span> <span class='ocrx_word' id='word_1_177' title='bbox 1153 1967 1207 2006; x_wconf 88' lang='grc'><strong>66</strong></span> <span class='ocrx_word' id='word_1_178' title='bbox 1241 1954 1282 2006; x_wconf 69' lang='lat' dir='ltr'><strong>et</strong></span> <span class='ocrx_word' id='word_1_179' title='bbox 1316 1967 1367 2008; x_wconf 83' lang='lat'><strong>67</strong></span> <span class='ocrx_word' id='word_1_180' title='bbox 1404 1969 1560 2016; x_wconf 59' lang='grc' dir='ltr'><strong>οοηινας</strong></span> <span class='ocrx_word' id='word_1_181' title='bbox 1594 1963 1617 2005; x_wconf 93' lang='lat'>1</span> <span class='ocrx_word' id='word_1_182' title='bbox 1650 1965 1733 2006; x_wconf 87' lang='lat'><strong>156</strong></span> <span class='ocrx_word' id='word_1_183' title='bbox 1769 1968 1810 2004; x_wconf 74' lang='lat' dir='ltr'><strong>et</strong></span> 
     </span>
     <span class='ocr_line' id='line_1_23' title="bbox 436 2033 1807 2096; baseline -0.001 -15"><span class='ocrx_word' id='word_1_184' title='bbox 436 2042 520 2082; x_wconf 84' lang='lat'><strong>158</strong></span> <span class='ocrx_word' id='word_1_185' title='bbox 555 2040 682 2081; x_wconf 79' lang='lat' dir='ltr'><strong>creari</strong></span> <span class='ocrx_word' id='word_1_186' title='bbox 692 2057 704 2091; x_wconf 80' lang='lat'>3</span> <span class='ocrx_word' id='word_1_187' title='bbox 738 2039 760 2080; x_wconf 92' lang='lat' dir='ltr'>I</span> <span class='ocrx_word' id='word_1_188' title='bbox 796 2042 879 2082; x_wconf 79' lang='lat'><strong>283</strong></span> <span class='ocrx_word' id='word_1_189' title='bbox 913 2045 954 2082; x_wconf 90' lang='lat' dir='ltr'><strong>et</strong></span> <span class='ocrx_word' id='word_1_190' title='bbox 988 2042 1072 2082; x_wconf 79' lang='lat'><strong>285</strong></span> <span class='ocrx_word' id='word_1_191' title='bbox 1108 2042 1248 2096; x_wconf 77' lang='lat' dir='ltr'><strong>aquai,</strong></span> <span class='ocrx_word' id='word_1_192' title='bbox 1284 2055 1386 2096; x_wconf 87' lang='lat' dir='ltr'><strong>quae</strong></span> <span class='ocrx_word' id='word_1_193' title='bbox 1409 2039 1590 2096; x_wconf 82' lang='lat' dir='ltr'><strong>exempla</strong></span> <span class='ocrx_word' id='word_1_194' title='bbox 1610 2033 1807 2082; x_wconf 62' lang='lat' dir='ltr'><strong>sexcentis</strong></span> 
     </span>
     <span class='ocr_line' id='line_1_24' title="bbox 433 2115 1806 2171; baseline -0.001 -14"><span class='ocrx_word' id='word_1_195' title='bbox 433 2115 523 2157; x_wconf 87' lang='lat' dir='ltr'><strong>aliis</strong></span> <span class='ocrx_word' id='word_1_196' title='bbox 570 2116 709 2171; x_wconf 86' lang='lat' dir='ltr'><strong>augeri</strong></span> <span class='ocrx_word' id='word_1_197' title='bbox 758 2120 940 2171; x_wconf 80' lang='lat' dir='ltr'><strong>possunt.</strong></span> <span class='ocrx_word' id='word_1_198' title='bbox 1003 2117 1135 2168; x_wconf 89' lang='lat' dir='ltr'><strong>Haec,</strong></span> <span class='ocrx_word' id='word_1_199' title='bbox 1183 2118 1225 2158; x_wconf 89' lang='lat' dir='ltr'><strong>ni</strong></span> <span class='ocrx_word' id='word_1_200' title='bbox 1274 2117 1402 2168; x_wconf 86' lang='lat' dir='ltr'><strong>fallor,</strong></span> <span class='ocrx_word' id='word_1_201' title='bbox 1450 2117 1531 2158; x_wconf 87' lang='lat' dir='ltr'><strong>iam</strong></span> <span class='ocrx_word' id='word_1_202' title='bbox 1562 2120 1727 2158; x_wconf 89' lang='lat' dir='ltr'><strong>monent</strong></span> <span class='ocrx_word' id='word_1_203' title='bbox 1757 2131 1806 2157; x_wconf 88' lang='lat' dir='ltr'><strong>ne</strong></span> 
     </span>
     <span class='ocr_line' id='line_1_25' title="bbox 431 2187 888 2244; baseline 0.004 -16"><span class='ocrx_word' id='word_1_204' title='bbox 431 2187 583 2230; x_wconf 86' lang='lat' dir='ltr'><strong>Jacobo</strong></span> <span class='ocrx_word' id='word_1_205' title='bbox 615 2188 888 2244; x_wconf 82' lang='lat' dir='ltr'><strong>obsequamur.</strong></span> 
     </span>
    </p>

    <p class='ocr_par' dir='ltr' id='par_1_12' title="bbox 429 2263 1804 2781">
     <span class='ocr_line' id='line_1_26' title="bbox 493 2263 1804 2321; baseline 0.001 -16"><span class='ocrx_word' id='word_1_206' title='bbox 493 2263 607 2305; x_wconf 87' lang='lat' dir='ltr'><strong>Idem</strong></span> <span class='ocrx_word' id='word_1_207' title='bbox 641 2264 785 2306; x_wconf 86' lang='lat' dir='ltr'><strong>deinde</strong></span> <span class='ocrx_word' id='word_1_208' title='bbox 817 2279 986 2320; x_wconf 87' lang='lat' dir='ltr'><strong>pergens</strong></span> <span class='ocrx_word' id='word_1_209' title='bbox 1023 2265 1262 2321; x_wconf 87' lang='lat' dir='ltr'><strong>„Simulque</strong></span> <span class='ocrx_word' id='word_1_210' title='bbox 1295 2265 1458 2307; x_wconf 82' lang='lat' dir='ltr'><strong>attende</strong></span> <span class='ocrx_word' id='word_1_211' title='bbox 1489 2265 1612 2317; x_wconf 78' lang='lat' dir='ltr'><strong>mihi,</strong></span> <span class='ocrx_word' id='word_1_212' title='bbox 1646 2265 1804 2319; x_wconf 88' lang='lat' dir='ltr'><strong>inquit,</strong></span> 
     </span>
     <span class='ocr_line' id='line_1_27' title="bbox 431 2340 1803 2396; baseline 0 -15"><span class='ocrx_word' id='word_1_213' title='bbox 431 2340 482 2382; x_wconf 87' lang='lat' dir='ltr'><strong>ad</strong></span> <span class='ocrx_word' id='word_1_214' title='bbox 503 2341 726 2382; x_wconf 88' lang='lat' dir='ltr'><strong>orationem</strong></span> <span class='ocrx_word' id='word_1_215' title='bbox 747 2344 853 2382; x_wconf 85' lang='lat' dir='ltr'><strong>recte</strong></span> <span class='ocrx_word' id='word_1_216' title='bbox 876 2341 1038 2395; x_wconf 90' lang='lat' dir='ltr'><strong>quidem</strong></span> <span class='ocrx_word' id='word_1_217' title='bbox 1060 2341 1270 2382; x_wconf 83' lang='lat' dir='ltr'><strong>formatam</strong></span> <span class='ocrx_word' id='word_1_218' title='bbox 1293 2342 1342 2382; x_wconf 87' lang='lat' dir='ltr'><strong>ad</strong></span> <span class='ocrx_word' id='word_1_219' title='bbox 1366 2341 1614 2396; x_wconf 83' lang='lat' dir='ltr'><strong>analogiam,</strong></span> <span class='ocrx_word' id='word_1_220' title='bbox 1638 2341 1708 2382; x_wconf 84' lang='lat' dir='ltr'><strong>sed</strong></span> <span class='ocrx_word' id='word_1_221' title='bbox 1723 2355 1803 2382; x_wconf 91' lang='lat' dir='ltr'><strong>non</strong></span> 
     </span>
     <span class='ocr_line' id='line_1_28' title="bbox 430 2416 1802 2473; baseline 0 -16"><span class='ocrx_word' id='word_1_222' title='bbox 430 2421 539 2458; x_wconf 89' lang='lat' dir='ltr'><strong>recte</strong></span> <span class='ocrx_word' id='word_1_223' title='bbox 576 2416 682 2458; x_wconf 86' lang='lat' dir='ltr'><strong>ultra</strong></span> <span class='ocrx_word' id='word_1_224' title='bbox 717 2417 1046 2458; x_wconf 83' lang='lat' dir='ltr'><strong>consuetudinem</strong></span> <span class='ocrx_word' id='word_1_225' title='bbox 1080 2418 1241 2472; x_wconf 85' lang='lat' dir='ltr'><strong>linguae</strong></span> <span class='ocrx_word' id='word_1_226' title='bbox 1258 2417 1453 2473; x_wconf 83' lang='lat' dir='ltr'><strong>prolatam</strong></span> <span class='ocrx_word' id='word_1_227' title='bbox 1458 2447 1586 2459; x_wconf 90' lang='grc'><strong>.....</strong></span> <span class='ocrx_word' id='word_1_228' title='bbox 1610 2418 1745 2471; x_wconf 87' lang='lat' dir='ltr'><strong>Atque</strong></span> <span class='ocrx_word' id='word_1_229' title='bbox 1761 2417 1802 2457; x_wconf 90' lang='lat' dir='ltr'><strong>in</strong></span> 
     </span>
     <span class='ocr_line' id='line_1_29' title="bbox 429 2494 1803 2551; baseline 0 -16"><span class='ocrx_word' id='word_1_230' title='bbox 429 2494 492 2535; x_wconf 83' lang='lat' dir='ltr'><strong>his</strong></span> <span class='ocrx_word' id='word_1_231' title='bbox 515 2494 710 2549; x_wconf 85' lang='lat' dir='ltr'><strong>analogiis</strong></span> <span class='ocrx_word' id='word_1_232' title='bbox 732 2494 839 2536; x_wconf 88' lang='lat' dir='ltr'><strong>ultra</strong></span> <span class='ocrx_word' id='word_1_233' title='bbox 861 2509 977 2536; x_wconf 91' lang='lat' dir='ltr'><strong>usum</strong></span> <span class='ocrx_word' id='word_1_234' title='bbox 1001 2496 1110 2550; x_wconf 87' lang='lat' dir='ltr'><strong>vagis</strong></span> <span class='ocrx_word' id='word_1_235' title='bbox 1132 2497 1342 2551; x_wconf 85' lang='lat' dir='ltr'><strong>praecipue</strong></span> <span class='ocrx_word' id='word_1_236' title='bbox 1359 2495 1525 2537; x_wconf 86' lang='lat' dir='ltr'><strong>Manilii</strong></span> <span class='ocrx_word' id='word_1_237' title='bbox 1541 2495 1803 2551; x_wconf 84' lang='lat' dir='ltr'><strong>peregrinitas</strong></span> 
     </span>
     <span class='ocr_line' id='line_1_30' title="bbox 429 2571 1800 2628; baseline 0.001 -15"><span class='ocrx_word' id='word_1_238' title='bbox 429 2576 562 2628; x_wconf 89' lang='lat' dir='ltr'><strong>potest</strong></span> <span class='ocrx_word' id='word_1_239' title='bbox 609 2572 807 2627; x_wconf 85' lang='lat' dir='ltr'><strong>cognosci.</strong></span> <span class='ocrx_word' id='word_1_240' title='bbox 873 2571 974 2613; x_wconf 88' lang='lat' dir='ltr'><strong>Cum</strong></span> <span class='ocrx_word' id='word_1_241' title='bbox 1021 2573 1127 2618; x_wconf 87' lang='lat' dir='ltr'><strong>enim</strong></span> <span class='ocrx_word' id='word_1_242' title='bbox 1159 2574 1323 2614; x_wconf 87' lang='lat' dir='ltr'><strong>innatus</strong></span> <span class='ocrx_word' id='word_1_243' title='bbox 1354 2573 1423 2615; x_wconf 90' lang='lat' dir='ltr'><strong>ille</strong></span> <span class='ocrx_word' id='word_1_244' title='bbox 1454 2573 1617 2628; x_wconf 85' lang='lat' dir='ltr'><strong>linguae</strong></span> <span class='ocrx_word' id='word_1_245' title='bbox 1647 2572 1800 2628; x_wconf 83' lang='lat' dir='ltr'><strong>patriae</strong></span> 
     </span>
     <span class='ocr_line' id='line_1_31' title="bbox 429 2649 1801 2705; baseline 0 -14"><span class='ocrx_word' id='word_1_246' title='bbox 429 2663 566 2691; x_wconf 83' lang='lat' dir='ltr'><strong>sensus</strong></span> <span class='ocrx_word' id='word_1_247' title='bbox 612 2649 855 2705; x_wconf 86' lang='lat' dir='ltr'><strong>penitusque</strong></span> <span class='ocrx_word' id='word_1_248' title='bbox 891 2650 1101 2692; x_wconf 89' lang='lat' dir='ltr'><strong>inhaerens</strong></span> <span class='ocrx_word' id='word_1_249' title='bbox 1145 2651 1279 2692; x_wconf 88' lang='lat' dir='ltr'><strong>animo</strong></span> <span class='ocrx_word' id='word_1_250' title='bbox 1317 2652 1373 2692; x_wconf 90' lang='lat' dir='ltr'><strong>eis</strong></span> <span class='ocrx_word' id='word_1_251' title='bbox 1411 2651 1545 2693; x_wconf 88' lang='lat' dir='ltr'><strong>deesse</strong></span> <span class='ocrx_word' id='word_1_252' title='bbox 1581 2651 1801 2692; x_wconf 86' lang='lat' dir='ltr'><strong>necessario</strong></span> 
     </span>
     <span class='ocr_line' id='line_1_32' title="bbox 430 2725 1799 2781; baseline 0.001 -14"><span class='ocrx_word' id='word_1_253' title='bbox 430 2725 595 2777; x_wconf 85' lang='lat' dir='ltr'><strong>debeat,</strong></span> <span class='ocrx_word' id='word_1_254' title='bbox 639 2726 709 2779; x_wconf 88' lang='lat' dir='ltr'><strong>qui</strong></span> <span class='ocrx_word' id='word_1_255' title='bbox 749 2725 931 2781; x_wconf 88' lang='lat' dir='ltr'><strong>linguam</strong></span> <span class='ocrx_word' id='word_1_256' title='bbox 963 2725 1137 2780; x_wconf 84' lang='lat' dir='ltr'><strong>aliquam</strong></span> <span class='ocrx_word' id='word_1_257' title='bbox 1170 2727 1474 2777; x_wconf 89' lang='lat' dir='ltr'><strong>addidicerunt,</strong></span> <span class='ocrx_word' id='word_1_258' title='bbox 1509 2726 1692 2768; x_wconf 81' lang='lat' dir='ltr'><strong>destituti</strong></span> <span class='ocrx_word' id='word_1_259' title='bbox 1723 2727 1799 2768; x_wconf 88' lang='lat' dir='ltr'><strong>isto</strong></span> 
     </span>
    </p>
   </div>
   <div class='ocr_carea' id='block_1_5' title="bbox 431 2854 627 2864">
    <p class='ocr_par' dir='ltr' id='par_1_13' title="bbox 431 2854 627 2864">
     <span class='ocr_line' id='line_1_33' title="bbox 431 2854 627 2864; baseline 0 0"><span class='ocrx_word' id='word_1_260' title='bbox 431 2854 627 2864; x_wconf 95' lang='lat' dir='ltr'><strong> </strong></span> 
     </span>
    </p>
   </div>
   <div class='ocr_carea' id='block_1_6' title="bbox 474 2909 1566 2951">
    <p class='ocr_par' dir='ltr' id='par_1_14' title="bbox 474 2909 1566 2951">
     <span class='ocr_line' id='line_1_34' title="bbox 474 2909 1566 2951; baseline -0.001 -11"><span class='ocrx_word' id='word_1_261' title='bbox 474 2909 497 2951; x_wconf 87' lang='lat'><strong>¹)</strong></span> <span class='ocrx_word' id='word_1_262' title='bbox 544 2910 718 2940; x_wconf 80' lang='lat' dir='ltr'><strong>Germanici</strong></span> <span class='ocrx_word' id='word_1_263' title='bbox 743 2910 860 2940; x_wconf 78' lang='lat' dir='ltr'><strong>Aratea</strong></span> <span class='ocrx_word' id='word_1_264' title='bbox 886 2909 1071 2944; x_wconf 75' lang='lat'>181—184‚</span> <span class='ocrx_word' id='word_1_265' title='bbox 1102 2910 1266 2939; x_wconf 68' lang='lat'><strong>135—137</strong></span> <span class='ocrx_word' id='word_1_266' title='bbox 1294 2910 1372 2938; x_wconf 73' lang='lat' dir='ltr'><strong>edit.</strong></span> <span class='ocrx_word' id='word_1_267' title='bbox 1397 2910 1566 2939; x_wconf 76' lang='lat' dir='ltr'><strong>Baehrens.</strong></span> 
     </span>
    </p>
   </div>
  </div>
 </body>
</html>
