1936 3392
647 61 904 146 §zfffffiss
977 101 1044 143 11,
1118 109 1321 188 ²999-
1348 113 1508 174 ΞΜΒ·

1035 253 1090 292 14

419 395 608 450 Denique
636 395 832 437 habemus
861 399 1017 452 practer
1034 395 1297 449 antiquorum
1315 394 1499 436 codicum
1516 396 1637 437 etiam
1655 396 1768 438 aliud

359 471 408 514 de
430 473 739 514 Astronomicon
760 477 903 528 poetae
922 473 1083 514 nomine
1102 472 1398 514 testimonium.
1423 471 1643 515 Gerbertus
1661 474 1768 516 enim

358 549 505 591 decimi
538 550 687 592 saeculi
721 550 1018 592 eruditissimus
1050 554 1172 604 atque
1196 549 1454 591 doctissimus
1477 550 1565 602 vir,
1591 551 1769 606 antiqui-

356 627 454 668 tatis
470 627 699 679 studiosus,
719 627 1016 683 philosophiae,
1043 627 1365 678 mathematicas,
1384 628 1650 670 astronomiae
1667 629 1768 684 peri-

356 704 537 746 tissimus
569 720 641 760 per
673 705 885 761 epistolam
908 705 933 759 ¹)
957 703 1005 745 ab
1028 705 1156 745 amico
1178 704 1321 759 petiit,
1353 708 1399 745 ut
1422 704 1499 746 sibi
1522 705 1580 746 M.
1602 705 1766 747 Manilii

355 777 478 820 libros
526 779 574 820 de
612 779 830 834 astrologia
862 777 1142 820 describendos
1175 782 1344 819 curaret.
1409 778 1491 820 Hic
1524 777 1764 832 Gerbertus,

356 855 428 909 qui
461 870 565 897 anno
602 857 685 897 999
710 856 893 912 pontifex
915 856 1114 897 maximus
1137 854 1290 896 electus
1313 859 1395 906 est,
1419 857 1582 898 nomine
1603 862 1766 914 accepto

356 931 550 987 Sylvestri
572 932 618 973 II
628 965 640 984 ,
667 936 707 974 et
724 947 828 974 anno
850 934 964 974 1003
986 932 1110 983 obiit,
1131 936 1223 973 ante
1241 946 1391 974 annum
1412 935 1496 974 983
1516 932 1767 988 aliquamdiu

355 1007 478 1051 abbas
532 1010 611 1052 fuit
659 1011 894 1053 monasterii
939 1009 1175 1052 Bobbiensis
1219 1009 1476 1052 celeberrima
1518 1010 1764 1054 bibliotheca

359 1087 458 1129 clari
480 1087 536 1144 ²),
571 1088 715 1130 deinde
747 1087 1071 1144 archiepiscopus
1103 1087 1326 1130 Remensis.
1374 1088 1464 1130 Hoc
1497 1092 1634 1131 autem
1665 1093 1765 1132 tem·

354 1180 452 1221 pore
498 1166 658 1222 scripsit
705 1165 917 1207 Rainando
960 1165 1183 1216 Monacho3
1229 1165 1398 1216 „Unum
1431 1170 1566 1208 autem
1599 1167 1764 1210 interim

354 1242 576 1299 plurimum
625 1258 819 1299 exposco,
870 1243 978 1298 quod
1027 1247 1066 1284 et
1109 1243 1198 1284 sine
1230 1242 1410 1299 periculo
1443 1258 1488 1285 ac
1520 1244 1763 1286 detrimento

353 1321 417 1362 tui
462 1321 533 1362 fiat
569 1324 611 1362 et
642 1336 705 1362 me
737 1320 814 1362 tibi
847 1335 967 1375 quam
1001 1321 1175 1362 maxime
1208 1321 1251 1362 in
1283 1321 1463 1362 amicitia
1494 1323 1756 1379 constringat.

355 1397 477 1438 Nosti
526 1400 677 1451 quanto
711 1396 846 1438 studio
879 1396 1072 1439 librorum
1108 1396 1351 1453 exemplaria
1383 1396 1565 1452 undique
1597 1399 1765 1454 conqui-

353 1489 461 1526 ram,
501 1475 609 1516 nosti
641 1479 741 1529 quot
772 1475 986 1530 scriptores
1020 1475 1064 1516 in
1097 1474 1264 1517 urbibus
1297 1478 1368 1516 aut
1400 1475 1444 1517 in
1478 1475 1585 1530 agris
1616 1474 1762 1518 Italiae

356 1553 503 1610 passim
551 1552 789 1595 habeantur.
853 1554 942 1608 Age
975 1567 1095 1609 ergo,
1141 1557 1181 1594 et
1212 1556 1254 1594 te
1285 1551 1372 1594 solo
1405 1552 1564 1594 conscio
1596 1567 1645 1594 ex
1675 1553 1759 1595 tuis

357 1628 586 1686 sumptibus
635 1630 696 1671 fac
743 1634 792 1672 ut
827 1630 927 1672 mihi
960 1630 1189 1672 scribantur
1221 1630 1282 1671 M.
1317 1629 1518 1671 Manilius
1548 1630 1596 1671 de
1629 1631 1758 1672 Astro-

355 1707 484 1760 loqia,
534 1698 756 1750 victorinus
805 1708 854 1749 de
885 1707 1123 1760 Rhetorica,
1159 1707 1443 1750 Demosthenis
1475 1707 1759 1763 ophtalmicus

353 1785 480 1840 (sic!).
544 1785 731 1841 Spondeo
777 1784 856 1827 tibi
903 1786 1024 1827 frater
1071 1789 1111 1827 et
1161 1789 1316 1828 certum
1346 1788 1488 1835 teneo,
1522 1785 1620 1839 quia
1650 1784 1762 1827 obse-

354 1862 496 1917 quium
549 1862 625 1904 hoc
671 1862 809 1914 fidele,
860 1867 900 1905 et
946 1863 1052 1905 hanc
1098 1863 1344 1906 laudabilem
1382 1862 1653 1905 obedientiam
1684 1862 1760 1906 sub

353 1944 491 1982 sancto
539 1940 702 1983 silentio
748 1940 893 1992 habes,
943 1945 984 1982 et
1021 1941 1219 1996 quicquid
1251 1941 1475 1997 erogaveris
1507 1940 1759 1984 cumulatum

353 2017 587 2061 remittam”
621 2049 817 2061 .....
1671 2070 1675 2073 ,

413 2095 563 2138 Utrum
623 2096 700 2137 hoc
761 2096 1020 2152 apographon
1084 2097 1283 2152 acceperit
1334 2111 1460 2138 necne
1511 2097 1757 2152 ignoramus-

351 2171 545 2215 Eiusdem
590 2172 774 2215 Gerberti
808 2177 939 2215 exstat
962 2173 991 2229 ³)
1026 2173 1210 2230 Epistola
1241 2174 1292 2216 ad
1325 2173 1639 2216 Constantinum
1671 2173 1757 2215 Mo-

350 2251 525 2292 nachum
557 2249 849 2292 Floriacensem
883 2251 931 2292 de
965 2250 1276 2293 Constructione
1309 2251 1446 2306 globi,
1487 2266 1590 2306 quae
1620 2255 1754 2293 tamen

351 2328 484 2371 lucem
515 2329 631 2371 affert
661 2328 832 2371 nullam.

399 2510 421 2551 ¹)
466 2512 572 2551 Epist.
595 2510 708 2541 CXXX
732 2510 764 2541 in
789 2519 898 2550 opere,
923 2511 1004 2548 quod
1028 2512 1233 2543 inscribitur:
1266 2514 1306 2543 du
1331 2512 1453 2543 Chesne
1476 2512 1641 2544 Historiae
1661 2511 1755 2544 Fran·

352 2581 457 2603 corum
480 2571 594 2610 script.
618 2571 678 2602 vol.
703 2571 734 2601 ΙΙ
757 2580 830 2609 pag.
855 2571 928 2602 819.
952 2570 1152 2603 Amicissime
1175 2574 1366 2611 praeceptor
1388 2582 1475 2603 meus
1492 2572 1524 2603 C.
1537 2573 1577 2603 M.
1590 2573 1753 2604 Francken

350 2634 433 2672 prof.
467 2633 584 2663 Ultrai.
608 2632 687 2662 mihi
715 2632 816 2662 locum
846 2632 1034 2670 exscripsit,
1061 2642 1127 2663 cum
1153 2634 1185 2663 in
1210 2634 1364 2663 Biblioth.
1389 2633 1484 2664 Acad.
1509 2633 1659 2670 Groning.
1674 2633 1751 2663 illud

351 2702 429 2731 opus
452 2701 515 2722 non
538 2691 732 2722 inveniatur.

393 2749 419 2791 ⁵³)
465 2751 511 2782 De
536 2749 680 2788 Catalog.
704 2751 798 2781 huius
821 2749 972 2781 biblioth.
998 2762 1014 2782 6
1034 2753 1155 2783 decimo
1180 2751 1322 2790 saeculo,
1347 2753 1380 2783 in
1405 2762 1464 2790 quo
1482 2752 1581 2784 etiam
1597 2753 1679 2783 liber
1695 2752 1750 2782 Ln-

351 2811 444 2843 cretii
469 2812 730 2843 commemoratur
753 2812 792 2841 cf.
816 2812 969 2842 Muratori
994 2813 1097 2851 antiq.
1121 2813 1179 2844 111.
1202 2823 1235 2852 p.
1259 2814 1332 2845 820.

394 2871 418 2911 ³)
466 2873 500 2901 111
526 2873 615 2902 301111.
641 2871 819 2902 Mabillonii
849 2872 951 2902 Vctcr.
976 2873 1065 2903 Anal.
1093 2874 1224 2904 Parisiis
1252 2875 1332 2904 1723
1357 2883 1428 2911 pag.
1457 2874 1527 2904 102.

1186 2951 1204 2964 a

1206 3027 1223 3045 1
1254 2982 1298 3057 ,ρζ
1341 2996 1403 3054 <ff
1453 2960 1571 3032 flat,
1599 3000 1615 3008 ‘
