<?xml version="1.0" encoding="UTF-8"?>
<!DOCTYPE html PUBLIC "-//W3C//DTD XHTML 1.0 Transitional//EN"
    "http://www.w3.org/TR/xhtml1/DTD/xhtml1-transitional.dtd">
<html xmlns="http://www.w3.org/1999/xhtml" xml:lang="en" lang="en">
 <head>
  <title>
</title>
<meta http-equiv="Content-Type" content="text/html;charset=utf-8" />
  <meta name='ocr-system' content='tesseract 3.04.00' />
  <meta name='ocr-capabilities' content='ocr_page ocr_carea ocr_par ocr_line ocrx_word'/>
</head>
<body>
  <div class='ocr_page' id='page_1' title='image "./lucubrationesman00thomuoft_0378.png"; bbox 0 0 1930 3320; ppageno 0'>
   <div class='ocr_carea' id='block_1_1' title="bbox 345 379 1800 2181">
    <p class='ocr_par' dir='ltr' id='par_1_1' title="bbox 352 379 1799 698">
     <span class='ocr_line' id='line_1_1' title="bbox 354 379 1796 431; baseline 0.001 -13"><span class='ocrx_word' id='word_1_1' title='bbox 354 381 619 430; x_wconf 85' lang='lat' dir='ltr'>Byzantinum</span> <span class='ocrx_word' id='word_1_2' title='bbox 647 380 879 430; x_wconf 85' lang='lat' dir='ltr'>praesertim</span> <span class='ocrx_word' id='word_1_3' title='bbox 905 379 1107 418; x_wconf 87' lang='lat' dir='ltr'>literatum</span> <span class='ocrx_word' id='word_1_4' title='bbox 1131 380 1295 419; x_wconf 90' lang='lat' dir='ltr'>dedecet</span> <span class='ocrx_word' id='word_1_5' title='bbox 1313 391 1358 418; x_wconf 91' lang='lat' dir='ltr'>ea</span> <span class='ocrx_word' id='word_1_6' title='bbox 1377 381 1626 431; x_wconf 85' lang='lat' dir='ltr'>cognomina,</span> <span class='ocrx_word' id='word_1_7' title='bbox 1654 383 1796 431; x_wconf 89' lang='lat' dir='ltr'>quibus</span> 
     </span>
     <span class='ocr_line' id='line_1_2' title="bbox 353 447 1797 500; baseline 0.003 -15"><span class='ocrx_word' id='word_1_8' title='bbox 353 449 394 485; x_wconf 91' lang='lat' dir='ltr'>in</span> <span class='ocrx_word' id='word_1_9' title='bbox 430 447 601 486; x_wconf 78' lang='lat' dir='ltr'>carmine</span> <span class='ocrx_word' id='word_1_10' title='bbox 638 448 727 496; x_wconf 89' lang='lat' dir='ltr'>ipso</span> <span class='ocrx_word' id='word_1_11' title='bbox 765 447 815 485; x_wconf 87' lang='lat' dir='ltr'>ad</span> <span class='ocrx_word' id='word_1_12' title='bbox 850 448 1125 486; x_wconf 87' lang='lat' dir='ltr'>celebrandum</span> <span class='ocrx_word' id='word_1_13' title='bbox 1158 449 1379 498; x_wconf 88' lang='lat' dir='ltr'>principem</span> <span class='ocrx_word' id='word_1_14' title='bbox 1411 449 1470 486; x_wconf 88' lang='lat' dir='ltr'>uti</span> <span class='ocrx_word' id='word_1_15' title='bbox 1497 453 1639 498; x_wconf 86' lang='lat' dir='ltr'>poetae</span> <span class='ocrx_word' id='word_1_16' title='bbox 1666 450 1797 500; x_wconf 86' lang='lat' dir='ltr'>liceat,</span> 
     </span>
     <span class='ocr_line' id='line_1_3' title="bbox 353 515 1798 564; baseline 0.002 -12"><span class='ocrx_word' id='word_1_17' title='bbox 353 515 471 553; x_wconf 88' lang='lat' dir='ltr'>etiam</span> <span class='ocrx_word' id='word_1_18' title='bbox 506 515 762 564; x_wconf 89' lang='lat' dir='ltr'>inscriptioni</span> <span class='ocrx_word' id='word_1_19' title='bbox 798 515 907 552; x_wconf 88' lang='lat' dir='ltr'>illius</span> <span class='ocrx_word' id='word_1_20' title='bbox 942 515 1176 562; x_wconf 84' lang='lat' dir='ltr'>inseruisse,</span> <span class='ocrx_word' id='word_1_21' title='bbox 1219 519 1406 564; x_wconf 89' lang='lat' dir='ltr'>tanquam</span> <span class='ocrx_word' id='word_1_22' title='bbox 1441 517 1473 553; x_wconf 84' lang='lat' dir='ltr'>si</span> <span class='ocrx_word' id='word_1_23' title='bbox 1509 517 1586 555; x_wconf 90' lang='lat' dir='ltr'>iam</span> <span class='ocrx_word' id='word_1_24' title='bbox 1619 521 1798 555; x_wconf 88' lang='lat' dir='ltr'>mortuus</span> 
     </span>
     <span class='ocr_line' id='line_1_4' title="bbox 352 582 1799 631; baseline 0.003 -12"><span class='ocrx_word' id='word_1_25' title='bbox 352 587 471 630; x_wconf 88' lang='lat' dir='ltr'>atque</span> <span class='ocrx_word' id='word_1_26' title='bbox 500 582 604 619; x_wconf 90' lang='lat' dir='ltr'>inter</span> <span class='ocrx_word' id='word_1_27' title='bbox 636 594 801 631; x_wconf 88' lang='lat' dir='ltr'>superos</span> <span class='ocrx_word' id='word_1_28' title='bbox 829 585 1012 631; x_wconf 86' lang='lat' dir='ltr'>receptus</span> <span class='ocrx_word' id='word_1_29' title='bbox 1040 582 1248 631; x_wconf 85' lang='lat' dir='ltr'>Augustus</span> <span class='ocrx_word' id='word_1_30' title='bbox 1278 585 1543 622; x_wconf 88' lang='lat' dir='ltr'>astronomico</span> <span class='ocrx_word' id='word_1_31' title='bbox 1573 584 1743 623; x_wconf 80' lang='lat' dir='ltr'>carmine</span> <span class='ocrx_word' id='word_1_32' title='bbox 1776 597 1799 622; x_wconf 88' lang='lat' dir='ltr'>a</span> 
     </span>
     <span class='ocr_line' id='line_1_5' title="bbox 352 647 902 698; baseline 0 -12"><span class='ocrx_word' id='word_1_33' title='bbox 352 648 523 686; x_wconf 90' lang='lat' dir='ltr'>Manilio</span> <span class='ocrx_word' id='word_1_34' title='bbox 552 648 724 687; x_wconf 86' lang='lat' dir='ltr'>donatus</span> <span class='ocrx_word' id='word_1_35' title='bbox 753 647 902 698; x_wconf 79' lang='lat' dir='ltr'>esset5).</span> 
     </span>
    </p>

    <p class='ocr_par' dir='ltr' id='par_1_2' title="bbox 346 715 1800 2048">
     <span class='ocr_line' id='line_1_6' title="bbox 458 715 1797 767; baseline 0.004 -15"><span class='ocrx_word' id='word_1_36' title='bbox 458 715 575 763; x_wconf 78' lang='lat' dir='ltr'>Quod</span> <span class='ocrx_word' id='word_1_37' title='bbox 613 716 646 753; x_wconf 91' lang='lat' dir='ltr'>si</span> <span class='ocrx_word' id='word_1_38' title='bbox 681 720 787 753; x_wconf 85' lang='lat' dir='ltr'>recte</span> <span class='ocrx_word' id='word_1_39' title='bbox 816 716 1022 765; x_wconf 84' lang='lat' dir='ltr'>posuimus</span> <span class='ocrx_word' id='word_1_40' title='bbox 1054 715 1315 754; x_wconf 87' lang='lat' dir='ltr'>Octavianum</span> <span class='ocrx_word' id='word_1_41' title='bbox 1342 721 1484 766; x_wconf 84' lang='lat' dir='ltr'>poetae</span> <span class='ocrx_word' id='word_1_42' title='bbox 1510 722 1723 767; x_wconf 85' lang='lat' dir='ltr'>patronum</span> <span class='ocrx_word' id='word_1_43' title='bbox 1749 731 1797 757; x_wconf 83' lang='lat' dir='ltr'>ex</span> 
     </span>
     <span class='ocr_line' id='line_1_7' title="bbox 351 782 1798 834; baseline 0.003 -15"><span class='ocrx_word' id='word_1_44' title='bbox 351 782 485 820; x_wconf 86' lang='lat' dir='ltr'>nescio</span> <span class='ocrx_word' id='word_1_45' title='bbox 502 783 612 820; x_wconf 88' lang='lat' dir='ltr'>cuius</span> <span class='ocrx_word' id='word_1_46' title='bbox 629 783 791 821; x_wconf 89' lang='lat' dir='ltr'>lectoris</span> <span class='ocrx_word' id='word_1_47' title='bbox 808 783 938 832; x_wconf 88' lang='lat' dir='ltr'>capite</span> <span class='ocrx_word' id='word_1_48' title='bbox 956 787 1085 822; x_wconf 86' lang='lat' dir='ltr'>ortum</span> <span class='ocrx_word' id='word_1_49' title='bbox 1100 795 1184 822; x_wconf 88' lang='lat' dir='ltr'>esse</span> <span class='ocrx_word' id='word_1_50' title='bbox 1200 785 1336 822; x_wconf 89' lang='lat' dir='ltr'>eodem</span> <span class='ocrx_word' id='word_1_51' title='bbox 1350 785 1480 834; x_wconf 84' lang='lat' dir='ltr'>modo,</span> <span class='ocrx_word' id='word_1_52' title='bbox 1501 797 1579 834; x_wconf 91' lang='lat' dir='ltr'>quo</span> <span class='ocrx_word' id='word_1_53' title='bbox 1598 786 1685 834; x_wconf 86' lang='lat' dir='ltr'>quis</span> <span class='ocrx_word' id='word_1_54' title='bbox 1702 785 1798 824; x_wconf 85' lang='lat' dir='ltr'>Ger-</span> 
     </span>
     <span class='ocr_line' id='line_1_8' title="bbox 349 849 1797 902; baseline 0.003 -15"><span class='ocrx_word' id='word_1_55' title='bbox 349 850 542 888; x_wconf 90' lang='lat' dir='ltr'>manicum</span> <span class='ocrx_word' id='word_1_56' title='bbox 559 850 710 888; x_wconf 78' lang='lat' dir='ltr'>Aratea</span> <span class='ocrx_word' id='word_1_57' title='bbox 728 850 779 888; x_wconf 88' lang='lat' dir='ltr'>ad</span> <span class='ocrx_word' id='word_1_58' title='bbox 794 850 1023 899; x_wconf 86' lang='lat' dir='ltr'>Augustum</span> <span class='ocrx_word' id='word_1_59' title='bbox 1038 852 1261 890; x_wconf 89' lang='lat' dir='ltr'>mittentcm</span> <span class='ocrx_word' id='word_1_60' title='bbox 1278 849 1418 901; x_wconf 64' lang='lat' dir='ltr'>fecitss),</span> <span class='ocrx_word' id='word_1_61' title='bbox 1439 853 1562 901; x_wconf 91' lang='lat' dir='ltr'>nullo,</span> <span class='ocrx_word' id='word_1_62' title='bbox 1581 855 1626 891; x_wconf 87' lang='lat' dir='ltr'>ut</span> <span class='ocrx_word' id='word_1_63' title='bbox 1639 853 1797 902; x_wconf 84' lang='lat' dir='ltr'>opinor,</span> 
     </span>
     <span class='ocr_line' id='line_1_9' title="bbox 348 917 1800 970; baseline 0.003 -16"><span class='ocrx_word' id='word_1_64' title='bbox 348 929 467 966; x_wconf 86' lang='lat' dir='ltr'>passu</span> <span class='ocrx_word' id='word_1_65' title='bbox 489 930 512 954; x_wconf 86' lang='lat' dir='ltr'>a</span> <span class='ocrx_word' id='word_1_66' title='bbox 526 917 695 955; x_wconf 85' lang='lat' dir='ltr'>veritate</span> <span class='ocrx_word' id='word_1_67' title='bbox 710 917 895 956; x_wconf 89' lang='lat' dir='ltr'>Bentleio</span> <span class='ocrx_word' id='word_1_68' title='bbox 916 918 1013 956; x_wconf 86' lang='lat' dir='ltr'>duce</span> <span class='ocrx_word' id='word_1_69' title='bbox 1033 919 1270 968; x_wconf 69' lang='lat' dir='ltr'>aberramus,</span> <span class='ocrx_word' id='word_1_70' title='bbox 1290 931 1377 957; x_wconf 90' lang='lat' dir='ltr'>cum</span> <span class='ocrx_word' id='word_1_71' title='bbox 1391 919 1602 958; x_wconf 83' lang='lat' dir='ltr'>Manilium</span> <span class='ocrx_word' id='word_1_72' title='bbox 1617 924 1657 958; x_wconf 90' lang='lat' dir='ltr'>ct</span> <span class='ocrx_word' id='word_1_73' title='bbox 1670 921 1800 970; x_wconf 84' lang='lat' dir='ltr'>ipsum</span> 
     </span>
     <span class='ocr_line' id='line_1_10' title="bbox 350 985 1799 1034; baseline 0.003 -13"><span class='ocrx_word' id='word_1_74' title='bbox 350 985 440 1023; x_wconf 88' lang='lat' dir='ltr'>inde</span> <span class='ocrx_word' id='word_1_75' title='bbox 465 985 659 1034; x_wconf 85' lang='lat' dir='ltr'>originem</span> <span class='ocrx_word' id='word_1_76' title='bbox 680 985 822 1023; x_wconf 85' lang='lat' dir='ltr'>ducere</span> <span class='ocrx_word' id='word_1_77' title='bbox 843 986 1044 1023; x_wconf 88' lang='lat' dir='ltr'>sentimus.</span> <span class='ocrx_word' id='word_1_78' title='bbox 1083 985 1300 1034; x_wconf 80' lang='lat' dir='ltr'>Fingamus</span> <span class='ocrx_word' id='word_1_79' title='bbox 1320 986 1423 1024; x_wconf 90' lang='lat' dir='ltr'>enim</span> <span class='ocrx_word' id='word_1_80' title='bbox 1442 987 1571 1024; x_wconf 86' lang='lat' dir='ltr'>animo</span> <span class='ocrx_word' id='word_1_81' title='bbox 1591 987 1642 1024; x_wconf 90' lang='lat' dir='ltr'>ab</span> <span class='ocrx_word' id='word_1_82' title='bbox 1662 987 1799 1025; x_wconf 87' lang='lat' dir='ltr'>eodem</span> 
     </span>
     <span class='ocr_line' id='line_1_11' title="bbox 348 1051 1799 1103; baseline 0.001 -13"><span class='ocrx_word' id='word_1_83' title='bbox 348 1052 519 1100; x_wconf 84' lang='lat' dir='ltr'>homine,</span> <span class='ocrx_word' id='word_1_84' title='bbox 537 1052 603 1100; x_wconf 93' lang='lat' dir='ltr'>qui</span> <span class='ocrx_word' id='word_1_85' title='bbox 626 1053 780 1100; x_wconf 89' lang='lat' dir='ltr'>quidem</span> <span class='ocrx_word' id='word_1_86' title='bbox 799 1051 1010 1090; x_wconf 86' lang='lat' dir='ltr'>Octaviani</span> <span class='ocrx_word' id='word_1_87' title='bbox 1030 1065 1171 1090; x_wconf 90' lang='lat' dir='ltr'>nomen</span> <span class='ocrx_word' id='word_1_88' title='bbox 1187 1053 1448 1091; x_wconf 85' lang='lat' dir='ltr'>coniectando</span> <span class='ocrx_word' id='word_1_89' title='bbox 1465 1058 1667 1092; x_wconf 88' lang='lat' dir='ltr'>assecutus</span> <span class='ocrx_word' id='word_1_90' title='bbox 1683 1058 1799 1103; x_wconf 87' lang='lat' dir='ltr'>esset,</span> 
     </span>
     <span class='ocr_line' id='line_1_12' title="bbox 349 1120 1798 1169; baseline 0.001 -12"><span class='ocrx_word' id='word_1_91' title='bbox 349 1120 597 1168; x_wconf 70' lang='lat' dir='ltr'>astrologum</span> <span class='ocrx_word' id='word_1_92' title='bbox 622 1120 738 1158; x_wconf 90' lang='lat' dir='ltr'>huius</span> <span class='ocrx_word' id='word_1_93' title='bbox 766 1120 961 1168; x_wconf 82' lang='lat' dir='ltr'>principis</span> <span class='ocrx_word' id='word_1_94' title='bbox 990 1121 1193 1168; x_wconf 88' lang='lat' dir='ltr'>aequalem</span> <span class='ocrx_word' id='word_1_95' title='bbox 1221 1132 1304 1158; x_wconf 83' lang='lat' dir='ltr'>esse</span> <span class='ocrx_word' id='word_1_96' title='bbox 1334 1121 1553 1168; x_wconf 84' lang='lat' dir='ltr'>quaesitum</span> <span class='ocrx_word' id='word_1_97' title='bbox 1580 1124 1699 1169; x_wconf 89' lang='lat' dir='ltr'>atque</span> <span class='ocrx_word' id='word_1_98' title='bbox 1727 1122 1798 1159; x_wconf 89' lang='lat' dir='ltr'>ali-</span> 
     </span>
     <span class='ocr_line' id='line_1_13' title="bbox 351 1187 1799 1237; baseline 0.002 -13"><span class='ocrx_word' id='word_1_99' title='bbox 351 1187 508 1235; x_wconf 90' lang='lat' dir='ltr'>quando</span> <span class='ocrx_word' id='word_1_100' title='bbox 525 1187 630 1236; x_wconf 88' lang='lat' dir='ltr'>apud</span> <span class='ocrx_word' id='word_1_101' title='bbox 646 1187 822 1225; x_wconf 87' lang='lat' dir='ltr'>Plinium</span> <span class='ocrx_word' id='word_1_102' title='bbox 838 1188 878 1224; x_wconf 90' lang='lat' dir='ltr'>in</span> <span class='ocrx_word' id='word_1_103' title='bbox 892 1187 1079 1226; x_wconf 79' lang='lat' dir='ltr'>Naturali</span> <span class='ocrx_word' id='word_1_104' title='bbox 1093 1187 1309 1237; x_wconf 63' lang='lat' dir='ltr'>Historias‘)</span> <span class='ocrx_word' id='word_1_105' title='bbox 1328 1189 1363 1226; x_wconf 89' lang='lat' dir='ltr'>ei</span> <span class='ocrx_word' id='word_1_106' title='bbox 1380 1192 1606 1237; x_wconf 80' lang='lat' dir='ltr'>opportune</span> <span class='ocrx_word' id='word_1_107' title='bbox 1622 1189 1799 1228; x_wconf 87' lang='lat' dir='ltr'>oblatum</span> 
     </span>
     <span class='ocr_line' id='line_1_14' title="bbox 348 1254 1799 1305; baseline 0.003 -14"><span class='ocrx_word' id='word_1_108' title='bbox 348 1254 546 1292; x_wconf 89' lang='lat' dir='ltr'>Manlium</span> <span class='ocrx_word' id='word_1_109' title='bbox 573 1254 655 1292; x_wconf 90' lang='lat' dir='ltr'>sive</span> <span class='ocrx_word' id='word_1_110' title='bbox 674 1254 899 1303; x_wconf 78' lang='lat' dir='ltr'>Manilium,</span> <span class='ocrx_word' id='word_1_111' title='bbox 931 1255 997 1302; x_wconf 92' lang='lat' dir='ltr'>qui</span> <span class='ocrx_word' id='word_1_112' title='bbox 1024 1255 1146 1304; x_wconf 88' lang='lat' dir='ltr'>pilam</span> <span class='ocrx_word' id='word_1_113' title='bbox 1165 1255 1341 1303; x_wconf 82' lang='lat' dir='ltr'>Augusti</span> <span class='ocrx_word' id='word_1_114' title='bbox 1369 1255 1542 1294; x_wconf 85' lang='lat' dir='ltr'>obelisco</span> <span class='ocrx_word' id='word_1_115' title='bbox 1563 1256 1799 1305; x_wconf 85' lang='lat' dir='ltr'>imposuisse</span> 
     </span>
     <span class='ocr_line' id='line_1_15' title="bbox 349 1322 1798 1371; baseline 0.003 -13"><span class='ocrx_word' id='word_1_116' title='bbox 349 1324 546 1370; x_wconf 83' lang='lat' dir='ltr'>narratur,</span> <span class='ocrx_word' id='word_1_117' title='bbox 574 1322 764 1370; x_wconf 91' lang='lat' dir='ltr'>numquid</span> <span class='ocrx_word' id='word_1_118' title='bbox 784 1334 870 1360; x_wconf 90' lang='lat' dir='ltr'>eum</span> <span class='ocrx_word' id='word_1_119' title='bbox 890 1322 1110 1371; x_wconf 85' lang='lat' dir='ltr'>impedivit,</span> <span class='ocrx_word' id='word_1_120' title='bbox 1131 1322 1340 1370; x_wconf 88' lang='lat' dir='ltr'>quominus</span> <span class='ocrx_word' id='word_1_121' title='bbox 1358 1322 1463 1360; x_wconf 89' lang='lat' dir='ltr'>hunc</span> <span class='ocrx_word' id='word_1_122' title='bbox 1483 1323 1798 1362; x_wconf 84' lang='lat' dir='ltr'>mathematicum</span> 
     </span>
     <span class='ocr_line' id='line_1_16' title="bbox 349 1389 1798 1437; baseline 0.002 -12"><span class='ocrx_word' id='word_1_123' title='bbox 349 1389 453 1426; x_wconf 88' lang='lat' dir='ltr'>inter</span> <span class='ocrx_word' id='word_1_124' title='bbox 480 1391 622 1437; x_wconf 85' lang='lat' dir='ltr'>poetas</span> <span class='ocrx_word' id='word_1_125' title='bbox 650 1389 817 1427; x_wconf 86' lang='lat' dir='ltr'>referret</span> <span class='ocrx_word' id='word_1_126' title='bbox 836 1390 1080 1437; x_wconf 84' lang='lat' dir='ltr'>relatumque</span> <span class='ocrx_word' id='word_1_127' title='bbox 1100 1389 1414 1428; x_wconf 89' lang='lat' dir='ltr'>Astronomicon</span> <span class='ocrx_word' id='word_1_128' title='bbox 1434 1394 1635 1428; x_wconf 88' lang='lat' dir='ltr'>auctorem</span> <span class='ocrx_word' id='word_1_129' title='bbox 1653 1402 1736 1429; x_wconf 90' lang='lat' dir='ltr'>esse</span> <span class='ocrx_word' id='word_1_130' title='bbox 1757 1391 1798 1428; x_wconf 91' lang='lat' dir='ltr'>in</span> 
     </span>
     <span class='ocr_line' id='line_1_17' title="bbox 347 1456 1799 1508; baseline 0.002 -15"><span class='ocrx_word' id='word_1_131' title='bbox 347 1456 549 1494; x_wconf 87' lang='lat' dir='ltr'>volumine</span> <span class='ocrx_word' id='word_1_132' title='bbox 579 1468 650 1494; x_wconf 90' lang='lat' dir='ltr'>suo</span> <span class='ocrx_word' id='word_1_133' title='bbox 680 1456 870 1495; x_wconf 83' lang='lat' dir='ltr'>adderet?</span> <span class='ocrx_word' id='word_1_134' title='bbox 914 1456 1037 1495; x_wconf 85' lang='lat' dir='ltr'>Cuius</span> <span class='ocrx_word' id='word_1_135' title='bbox 1057 1458 1163 1495; x_wconf 87' lang='lat' dir='ltr'>modi</span> <span class='ocrx_word' id='word_1_136' title='bbox 1184 1458 1285 1495; x_wconf 89' lang='lat' dir='ltr'>nihil</span> <span class='ocrx_word' id='word_1_137' title='bbox 1304 1469 1470 1507; x_wconf 86' lang='lat' dir='ltr'>prorsus</span> <span class='ocrx_word' id='word_1_138' title='bbox 1488 1457 1610 1496; x_wconf 85' lang='lat' dir='ltr'>fuisse</span> <span class='ocrx_word' id='word_1_139' title='bbox 1629 1459 1697 1497; x_wconf 90' lang='lat' dir='ltr'>ubi</span> <span class='ocrx_word' id='word_1_140' title='bbox 1718 1459 1799 1508; x_wconf 87' lang='lat' dir='ltr'>pri-</span> 
     </span>
     <span class='ocr_line' id='line_1_18' title="bbox 347 1524 1800 1575; baseline 0.001 -14"><span class='ocrx_word' id='word_1_141' title='bbox 347 1536 450 1562; x_wconf 90' lang='lat' dir='ltr'>mum</span> <span class='ocrx_word' id='word_1_142' title='bbox 486 1524 671 1573; x_wconf 85' lang='lat' dir='ltr'>cognovi,</span> <span class='ocrx_word' id='word_1_143' title='bbox 708 1525 802 1572; x_wconf 90' lang='lat' dir='ltr'>quin</span> <span class='ocrx_word' id='word_1_144' title='bbox 839 1524 956 1562; x_wconf 88' lang='lat' dir='ltr'>huius</span> <span class='ocrx_word' id='word_1_145' title='bbox 992 1537 1133 1563; x_wconf 87' lang='lat' dir='ltr'>nomen</span> <span class='ocrx_word' id='word_1_146' title='bbox 1169 1526 1333 1563; x_wconf 88' lang='lat' dir='ltr'>carmini</span> <span class='ocrx_word' id='word_1_147' title='bbox 1370 1525 1480 1574; x_wconf 80' lang='lat' dir='ltr'>prius</span> <span class='ocrx_word' id='word_1_148' title='bbox 1511 1526 1800 1575; x_wconf 84' lang='lat' dir='ltr'>praescriptum</span> 
     </span>
     <span class='ocr_line' id='line_1_19' title="bbox 351 1591 1797 1642; baseline 0.001 -14"><span class='ocrx_word' id='word_1_149' title='bbox 351 1593 468 1640; x_wconf 87' lang='lat' dir='ltr'>esset,</span> <span class='ocrx_word' id='word_1_150' title='bbox 497 1594 610 1629; x_wconf 87' lang='lat' dir='ltr'>tanta</span> <span class='ocrx_word' id='word_1_151' title='bbox 639 1591 947 1641; x_wconf 86' lang='lat' dir='ltr'>inscriptionum</span> <span class='ocrx_word' id='word_1_152' title='bbox 974 1593 1091 1630; x_wconf 88' lang='lat' dir='ltr'>unius</span> <span class='ocrx_word' id='word_1_153' title='bbox 1120 1593 1254 1642; x_wconf 87' lang='lat' dir='ltr'>operis</span> <span class='ocrx_word' id='word_1_154' title='bbox 1282 1593 1513 1631; x_wconf 85' lang='lat' dir='ltr'>diversitate</span> <span class='ocrx_word' id='word_1_155' title='bbox 1531 1593 1713 1641; x_wconf 86' lang='lat' dir='ltr'>equidem</span> <span class='ocrx_word' id='word_1_156' title='bbox 1730 1593 1797 1631; x_wconf 84' lang='lat' dir='ltr'>vix</span> 
     </span>
     <span class='ocr_line' id='line_1_20' title="bbox 347 1659 1797 1710; baseline 0.001 -14"><span class='ocrx_word' id='word_1_157' title='bbox 347 1659 582 1696; x_wconf 77' lang='lat' dir='ltr'>dubitabam</span> <span class='ocrx_word' id='word_1_158' title='bbox 617 1671 660 1696; x_wconf 88' lang='lat' dir='ltr'>ac</span> <span class='ocrx_word' id='word_1_159' title='bbox 695 1662 849 1697; x_wconf 85' lang='lat' dir='ltr'>ceteros</span> <span class='ocrx_word' id='word_1_160' title='bbox 886 1671 1043 1708; x_wconf 87' lang='lat' dir='ltr'>quoque</span> <span class='ocrx_word' id='word_1_161' title='bbox 1079 1661 1285 1710; x_wconf 84' lang='lat' dir='ltr'>sperabam</span> <span class='ocrx_word' id='word_1_162' title='bbox 1321 1660 1361 1698; x_wconf 90' lang='lat' dir='ltr'>in</span> <span class='ocrx_word' id='word_1_163' title='bbox 1397 1672 1519 1698; x_wconf 86' lang='lat' dir='ltr'>meam</span> <span class='ocrx_word' id='word_1_164' title='bbox 1561 1661 1797 1699; x_wconf 85' lang='lat' dir='ltr'>seutentiam</span> 
     </span>
     <span class='ocr_line' id='line_1_21' title="bbox 348 1726 1798 1777; baseline 0.001 -13"><span class='ocrx_word' id='word_1_165' title='bbox 348 1739 418 1764; x_wconf 91' lang='lat' dir='ltr'>sua</span> <span class='ocrx_word' id='word_1_166' title='bbox 448 1731 591 1776; x_wconf 86' lang='lat' dir='ltr'>sponte</span> <span class='ocrx_word' id='word_1_167' title='bbox 619 1726 878 1775; x_wconf 77' lang='lat' dir='ltr'>discessuros,</span> <span class='ocrx_word' id='word_1_168' title='bbox 907 1729 938 1764; x_wconf 90' lang='lat' dir='ltr'>si</span> <span class='ocrx_word' id='word_1_169' title='bbox 970 1728 1126 1776; x_wconf 83' lang='lat' dir='ltr'>quidem</span> <span class='ocrx_word' id='word_1_170' title='bbox 1153 1731 1311 1766; x_wconf 83' lang='lat' dir='ltr'>constat</span> <span class='ocrx_word' id='word_1_171' title='bbox 1336 1727 1546 1765; x_wconf 88' lang='lat' dir='ltr'>Manilium</span> <span class='ocrx_word' id='word_1_172' title='bbox 1573 1731 1731 1777; x_wconf 88' lang='lat' dir='ltr'>poetam</span> <span class='ocrx_word' id='word_1_173' title='bbox 1758 1731 1798 1766; x_wconf 89' lang='lat' dir='ltr'>et</span> 
     </span>
     <span class='ocr_line' id='line_1_22' title="bbox 348 1794 1798 1843; baseline 0.001 -12"><span class='ocrx_word' id='word_1_174' title='bbox 348 1795 414 1843; x_wconf 88' lang='lat' dir='ltr'>qui</span> <span class='ocrx_word' id='word_1_175' title='bbox 457 1807 480 1832; x_wconf 87' lang='lat' dir='ltr'>a</span> <span class='ocrx_word' id='word_1_176' title='bbox 511 1794 648 1832; x_wconf 90' lang='lat' dir='ltr'>Plinio</span> <span class='ocrx_word' id='word_1_177' title='bbox 690 1799 929 1833; x_wconf 87' lang='lat' dir='ltr'>memoratur</span> <span class='ocrx_word' id='word_1_178' title='bbox 965 1795 1179 1833; x_wconf 86' lang='lat' dir='ltr'>Manilium</span> <span class='ocrx_word' id='word_1_179' title='bbox 1218 1795 1535 1833; x_wconf 86' lang='lat' dir='ltr'>mathematicum</span> <span class='ocrx_word' id='word_1_180' title='bbox 1577 1795 1672 1832; x_wconf 90' lang='lat' dir='ltr'>olim</span> <span class='ocrx_word' id='word_1_181' title='bbox 1713 1806 1798 1832; x_wconf 88' lang='lat' dir='ltr'>esse</span> 
     </span>
     <span class='ocr_line' id='line_1_23' title="bbox 347 1861 1800 1916; baseline -0.001 -16"><span class='ocrx_word' id='word_1_182' title='bbox 347 1865 622 1916; x_wconf 77' lang='lat' dir='ltr'>commutatos.</span> <span class='ocrx_word' id='word_1_183' title='bbox 676 1861 879 1900; x_wconf 83' lang='lat' dir='ltr'>Habemus</span> <span class='ocrx_word' id='word_1_184' title='bbox 916 1862 1099 1911; x_wconf 84' lang='lat' dir='ltr'>profecto</span> <span class='ocrx_word' id='word_1_185' title='bbox 1135 1863 1176 1899; x_wconf 90' lang='lat' dir='ltr'>in</span> <span class='ocrx_word' id='word_1_186' title='bbox 1211 1863 1346 1900; x_wconf 87' lang='lat' dir='ltr'>codice</span> <span class='ocrx_word' id='word_1_187' title='bbox 1379 1861 1657 1900; x_wconf 85' lang='lat' dir='ltr'>Laurentiano</span> <span class='ocrx_word' id='word_1_188' title='bbox 1694 1861 1800 1899; x_wconf 86' lang='lat' dir='ltr'>infra</span> 
     </span>
     <span class='ocr_line' id='line_1_24' title="bbox 347 1928 1800 1979; baseline -0.001 -12"><span class='ocrx_word' id='word_1_189' title='bbox 347 1942 503 1968; x_wconf 87' lang='lat' dir='ltr'>carmen</span> <span class='ocrx_word' id='word_1_190' title='bbox 542 1929 810 1968; x_wconf 84' lang='lat' dir='ltr'>mathematici</span> <span class='ocrx_word' id='word_1_191' title='bbox 851 1930 960 1967; x_wconf 90' lang='lat' dir='ltr'>illius</span> <span class='ocrx_word' id='word_1_192' title='bbox 1001 1930 1135 1978; x_wconf 87' lang='lat' dir='ltr'>vitam,</span> <span class='ocrx_word' id='word_1_193' title='bbox 1178 1942 1276 1978; x_wconf 89' lang='lat' dir='ltr'>quac</span> <span class='ocrx_word' id='word_1_194' title='bbox 1320 1933 1500 1979; x_wconf 86' lang='lat' dir='ltr'>superest</span> <span class='ocrx_word' id='word_1_195' title='bbox 1540 1929 1582 1966; x_wconf 88' lang='lat' dir='ltr'>in</span> <span class='ocrx_word' id='word_1_196' title='bbox 1623 1928 1800 1967; x_wconf 89' lang='lat' dir='ltr'>naturali</span> 
     </span>
     <span class='ocr_line' id='line_1_25' title="bbox 346 1996 1134 2048; baseline 0 -13"><span class='ocrx_word' id='word_1_197' title='bbox 346 1997 528 2046; x_wconf 86' lang='lat' dir='ltr'>historia,</span> <span class='ocrx_word' id='word_1_198' title='bbox 556 1998 732 2036; x_wconf 85' lang='lat' dir='ltr'>breviter</span> <span class='ocrx_word' id='word_1_199' title='bbox 760 1996 1056 2048; x_wconf 64' lang='lat' dir='ltr'>explanatamss).</span> <span class='ocrx_word' id='word_1_200' title='bbox 1088 2020 1134 2025; x_wconf 84' lang='lat'>-—</span> 
     </span>
    </p>

    <p class='ocr_par' dir='ltr' id='par_1_3' title="bbox 345 2063 1800 2181">
     <span class='ocr_line' id='line_1_26' title="bbox 443 2063 1800 2114; baseline -0.001 -12"><span class='ocrx_word' id='word_1_201' title='bbox 443 2065 628 2114; x_wconf 87' lang='lat' dir='ltr'>Denique</span> <span class='ocrx_word' id='word_1_202' title='bbox 672 2066 778 2114; x_wconf 88' lang='lat' dir='ltr'>quod</span> <span class='ocrx_word' id='word_1_203' title='bbox 820 2066 860 2102; x_wconf 89' lang='lat' dir='ltr'>in</span> <span class='ocrx_word' id='word_1_204' title='bbox 905 2065 1084 2103; x_wconf 86' lang='lat' dir='ltr'>codicum</span> <span class='ocrx_word' id='word_1_205' title='bbox 1124 2065 1240 2102; x_wconf 84' lang='lat' dir='ltr'>huius</span> <span class='ocrx_word' id='word_1_206' title='bbox 1275 2065 1432 2113; x_wconf 86' lang='lat' dir='ltr'>generis</span> <span class='ocrx_word' id='word_1_207' title='bbox 1467 2063 1598 2102; x_wconf 87' lang='lat' dir='ltr'>titulis</span> <span class='ocrx_word' id='word_1_208' title='bbox 1633 2063 1800 2112; x_wconf 85' lang='lat' dir='ltr'>legimus</span> 
     </span>
     <span class='ocr_line' id='line_1_27' title="bbox 345 2130 1800 2181; baseline -0.002 -11"><span class='ocrx_word' id='word_1_209' title='bbox 345 2133 816 2181; x_wconf 83' lang='lat' dir='ltr'>‚,Astronomicon“,</span> <span class='ocrx_word' id='word_1_210' title='bbox 851 2134 928 2172; x_wconf 89' lang='lat' dir='ltr'>hoc</span> <span class='ocrx_word' id='word_1_211' title='bbox 955 2132 1190 2170; x_wconf 86' lang='lat' dir='ltr'>vocabulum</span> <span class='ocrx_word' id='word_1_212' title='bbox 1216 2135 1356 2180; x_wconf 84' lang='lat' dir='ltr'>poetae</span> <span class='ocrx_word' id='word_1_213' title='bbox 1385 2131 1520 2169; x_wconf 88' lang='lat' dir='ltr'>deberi</span> <span class='ocrx_word' id='word_1_214' title='bbox 1548 2133 1640 2168; x_wconf 89' lang='lat' dir='ltr'>ante</span> <span class='ocrx_word' id='word_1_215' title='bbox 1669 2130 1800 2168; x_wconf 90' lang='lat' dir='ltr'>omnia</span> 
     </span>
    </p>
   </div>
   <div class='ocr_carea' id='block_1_2' title="bbox 347 2292 1800 2735">
    <p class='ocr_par' dir='ltr' id='par_1_4' title="bbox 347 2292 1800 2735">
     <span class='ocr_line' id='line_1_28' title="bbox 448 2292 1799 2340; baseline -0.004 -9"><span class='ocrx_word' id='word_1_216' title='bbox 448 2296 475 2340; x_wconf 84' lang='lat'>5)</span> <span class='ocrx_word' id='word_1_217' title='bbox 510 2296 595 2331; x_wconf 86' lang='lat' dir='ltr'>Hoc</span> <span class='ocrx_word' id='word_1_218' title='bbox 628 2296 751 2330; x_wconf 85' lang='lat' dir='ltr'>vitium</span> <span class='ocrx_word' id='word_1_219' title='bbox 784 2294 871 2329; x_wconf 91' lang='lat' dir='ltr'>nihil</span> <span class='ocrx_word' id='word_1_220' title='bbox 900 2295 1011 2329; x_wconf 86' lang='lat' dir='ltr'>habet</span> <span class='ocrx_word' id='word_1_221' title='bbox 1043 2294 1299 2335; x_wconf 83' lang='lat' dir='ltr'>excusationis,</span> <span class='ocrx_word' id='word_1_222' title='bbox 1329 2293 1414 2327; x_wconf 86' lang='lat' dir='ltr'>licet</span> <span class='ocrx_word' id='word_1_223' title='bbox 1442 2292 1561 2334; x_wconf 85' lang='lat' dir='ltr'>verba,</span> <span class='ocrx_word' id='word_1_224' title='bbox 1594 2302 1685 2336; x_wconf 86' lang='lat' dir='ltr'>quae</span> <span class='ocrx_word' id='word_1_225' title='bbox 1717 2293 1799 2326; x_wconf 84' lang='lat' dir='ltr'>sunt</span> 
     </span>
     <span class='ocr_line' id='line_1_29' title="bbox 351 2347 1799 2397; baseline -0.005 -9"><span class='ocrx_word' id='word_1_226' title='bbox 351 2355 421 2388; x_wconf 81' lang='lat' dir='ltr'>oct.</span> <span class='ocrx_word' id='word_1_227' title='bbox 439 2352 623 2396; x_wconf 72' lang='lat' dir='ltr'>quirino,</span> <span class='ocrx_word' id='word_1_228' title='bbox 638 2362 828 2397; x_wconf 86' lang='lat' dir='ltr'>perperam</span> <span class='ocrx_word' id='word_1_229' title='bbox 847 2351 983 2396; x_wconf 84' lang='lat' dir='ltr'>scripta</span> <span class='ocrx_word' id='word_1_230' title='bbox 1001 2361 1079 2385; x_wconf 87' lang='lat' dir='ltr'>esse</span> <span class='ocrx_word' id='word_1_231' title='bbox 1098 2361 1162 2395; x_wconf 88' lang='lat' dir='ltr'>pro</span> <span class='ocrx_word' id='word_1_232' title='bbox 1177 2349 1391 2386; x_wconf 75' lang='lat' dir='ltr'>Octaviano</span> <span class='ocrx_word' id='word_1_233' title='bbox 1411 2349 1528 2382; x_wconf 85' lang='lat' dir='ltr'>facere</span> <span class='ocrx_word' id='word_1_234' title='bbox 1546 2347 1660 2382; x_wconf 84' lang='lat' dir='ltr'>malis.</span> <span class='ocrx_word' id='word_1_235' title='bbox 1689 2347 1718 2392; x_wconf 77' lang='lat'>⁶)</span> <span class='ocrx_word' id='word_1_236' title='bbox 1737 2347 1799 2382; x_wconf 82' lang='lat' dir='ltr'>cfr.</span> 
     </span>
     <span class='ocr_line' id='line_1_30' title="bbox 351 2403 1800 2454; baseline -0.003 -11"><span class='ocrx_word' id='word_1_237' title='bbox 351 2409 480 2454; x_wconf 84' lang='lat' dir='ltr'>Breys.</span> <span class='ocrx_word' id='word_1_238' title='bbox 507 2407 626 2442; x_wconf 86' lang='lat' dir='ltr'>Germ.</span> <span class='ocrx_word' id='word_1_239' title='bbox 651 2409 759 2442; x_wconf 87' lang='lat' dir='ltr'>Arat.</span> <span class='ocrx_word' id='word_1_240' title='bbox 789 2408 902 2452; x_wconf 79' lang='lat' dir='ltr'>praef.</span> <span class='ocrx_word' id='word_1_241' title='bbox 932 2418 966 2452; x_wconf 87' lang='lat' dir='ltr'>p.</span> <span class='ocrx_word' id='word_1_242' title='bbox 992 2407 1113 2442; x_wconf 91' lang='lat' dir='ltr'>XXV.</span> <span class='ocrx_word' id='word_1_243' title='bbox 1160 2405 1187 2450; x_wconf 87' lang='lat'>⁷)</span> <span class='ocrx_word' id='word_1_244' title='bbox 1221 2405 1313 2440; x_wconf 91' lang='lat' dir='ltr'>Plin.</span> <span class='ocrx_word' id='word_1_245' title='bbox 1337 2404 1383 2439; x_wconf 92' lang='lat' dir='ltr'>N.</span> <span class='ocrx_word' id='word_1_246' title='bbox 1408 2404 1456 2438; x_wconf 89' lang='lat' dir='ltr'>H.</span> <span class='ocrx_word' id='word_1_247' title='bbox 1481 2405 1533 2446; x_wconf 82' lang='lat'>36,</span> <span class='ocrx_word' id='word_1_248' title='bbox 1567 2406 1618 2439; x_wconf 88' lang='lat'>10.</span> <span class='ocrx_word' id='word_1_249' title='bbox 1665 2403 1692 2444; x_wconf 75' lang='grc' dir='ltr'>Θ)</span> <span class='ocrx_word' id='word_1_250' title='bbox 1715 2403 1800 2439; x_wconf 87' lang='lat' dir='ltr'>Noli</span> 
     </span>
     <span class='ocr_line' id='line_1_31' title="bbox 357 2460 1799 2508; baseline -0.003 -10"><span class='ocrx_word' id='word_1_251' title='bbox 357 2464 503 2499; x_wconf 87' lang='lat' dir='ltr'>credere</span> <span class='ocrx_word' id='word_1_252' title='bbox 526 2463 599 2498; x_wconf 88' lang='lat' dir='ltr'>ullo</span> <span class='ocrx_word' id='word_1_253' title='bbox 623 2464 730 2499; x_wconf 86' lang='lat' dir='ltr'>modo</span> <span class='ocrx_word' id='word_1_254' title='bbox 756 2464 877 2508; x_wconf 82' lang='lat' dir='ltr'>fugere</span> <span class='ocrx_word' id='word_1_255' title='bbox 903 2475 960 2498; x_wconf 88' lang='lat' dir='ltr'>me</span> <span class='ocrx_word' id='word_1_256' title='bbox 985 2463 1159 2508; x_wconf 83' lang='lat' dir='ltr'>potuisse,</span> <span class='ocrx_word' id='word_1_257' title='bbox 1191 2462 1223 2495; x_wconf 91' lang='lat' dir='ltr'>in</span> <span class='ocrx_word' id='word_1_258' title='bbox 1249 2461 1360 2506; x_wconf 82' lang='lat' dir='ltr'>ipsius</span> <span class='ocrx_word' id='word_1_259' title='bbox 1386 2471 1526 2505; x_wconf 85' lang='lat' dir='ltr'>quoquo</span> <span class='ocrx_word' id='word_1_260' title='bbox 1551 2460 1799 2495; x_wconf 84' lang='lat' dir='ltr'>mathematici</span> 
     </span>
     <span class='ocr_line' id='line_1_32' title="bbox 356 2515 1798 2564; baseline -0.003 -9"><span class='ocrx_word' id='word_1_261' title='bbox 356 2521 499 2555; x_wconf 91' lang='lat' dir='ltr'>nomine</span> <span class='ocrx_word' id='word_1_262' title='bbox 531 2520 676 2554; x_wconf 83' lang='lat' dir='ltr'>codices</span> <span class='ocrx_word' id='word_1_263' title='bbox 706 2520 842 2564; x_wconf 85' lang='lat' dir='ltr'>pariter</span> <span class='ocrx_word' id='word_1_264' title='bbox 873 2522 980 2563; x_wconf 82' lang='lat' dir='ltr'>atque</span> <span class='ocrx_word' id='word_1_265' title='bbox 1004 2518 1284 2552; x_wconf 83' lang='lat' dir='ltr'>Astronomicon</span> <span class='ocrx_word' id='word_1_266' title='bbox 1315 2516 1471 2551; x_wconf 84' lang='lat' dir='ltr'>auctoris</span> <span class='ocrx_word' id='word_1_267' title='bbox 1495 2516 1677 2557; x_wconf 61' lang='lat' dir='ltr'>vacillare,</span> <span class='ocrx_word' id='word_1_268' title='bbox 1725 2515 1798 2550; x_wconf 83' lang='lat' dir='ltr'>Sed</span> 
     </span>
     <span class='ocr_line' id='line_1_33' title="bbox 352 2571 1800 2620; baseline -0.004 -8"><span class='ocrx_word' id='word_1_269' title='bbox 352 2578 444 2612; x_wconf 83' lang='lat' dir='ltr'>haec</span> <span class='ocrx_word' id='word_1_270' title='bbox 468 2586 528 2611; x_wconf 79' lang='lat' dir='ltr'>res</span> <span class='ocrx_word' id='word_1_271' title='bbox 552 2586 623 2610; x_wconf 90' lang='lat' dir='ltr'>non</span> <span class='ocrx_word' id='word_1_272' title='bbox 650 2578 705 2611; x_wconf 87' lang='lat' dir='ltr'>est</span> <span class='ocrx_word' id='word_1_273' title='bbox 729 2587 784 2618; x_wconf 79' lang='lat' dir='ltr'>ea,</span> <span class='ocrx_word' id='word_1_274' title='bbox 814 2586 884 2619; x_wconf 86' lang='lat' dir='ltr'>qua</span> <span class='ocrx_word' id='word_1_275' title='bbox 913 2575 1033 2620; x_wconf 91' lang='lat' dir='ltr'>opinio</span> <span class='ocrx_word' id='word_1_276' title='bbox 1059 2585 1139 2608; x_wconf 87' lang='lat' dir='ltr'>mea</span> <span class='ocrx_word' id='word_1_277' title='bbox 1162 2575 1196 2608; x_wconf 87' lang='grc'>111</span> <span class='ocrx_word' id='word_1_278' title='bbox 1224 2584 1365 2608; x_wconf 82' lang='lat' dir='ltr'>cassum</span> <span class='ocrx_word' id='word_1_279' title='bbox 1390 2573 1581 2617; x_wconf 86' lang='lat' dir='ltr'>redigatur.</span> <span class='ocrx_word' id='word_1_280' title='bbox 1623 2571 1800 2617; x_wconf 82' lang='lat' dir='ltr'>Byzanti-</span> 
     </span>
     <span class='ocr_line' id='line_1_34' title="bbox 347 2627 1798 2676; baseline -0.005 -9"><span class='ocrx_word' id='word_1_281' title='bbox 347 2644 432 2668; x_wconf 90' lang='lat' dir='ltr'>num</span> <span class='ocrx_word' id='word_1_282' title='bbox 464 2632 558 2666; x_wconf 83' lang='lat' dir='ltr'>enim</span> <span class='ocrx_word' id='word_1_283' title='bbox 583 2631 693 2675; x_wconf 90' lang='lat' dir='ltr'>illum,</span> <span class='ocrx_word' id='word_1_284' title='bbox 725 2642 829 2676; x_wconf 88' lang='lat' dir='ltr'>quem</span> <span class='ocrx_word' id='word_1_285' title='bbox 853 2631 969 2676; x_wconf 85' lang='lat' dir='ltr'>posui,</span> <span class='ocrx_word' id='word_1_286' title='bbox 1001 2630 1124 2665; x_wconf 85' lang='lat' dir='ltr'>nescio</span> <span class='ocrx_word' id='word_1_287' title='bbox 1153 2641 1198 2664; x_wconf 87' lang='lat' dir='ltr'>an</span> <span class='ocrx_word' id='word_1_288' title='bbox 1223 2631 1282 2663; x_wconf 87' lang='lat' dir='ltr'>sat</span> <span class='ocrx_word' id='word_1_289' title='bbox 1308 2628 1476 2663; x_wconf 85' lang='lat' dir='ltr'>credibile</span> <span class='ocrx_word' id='word_1_290' title='bbox 1500 2628 1547 2663; x_wconf 89' lang='lat' dir='ltr'>sit</span> <span class='ocrx_word' id='word_1_291' title='bbox 1571 2627 1707 2662; x_wconf 82' lang='lat' dir='ltr'>Manilii</span> <span class='ocrx_word' id='word_1_292' title='bbox 1730 2637 1798 2661; x_wconf 86' lang='lat' dir='ltr'>nec</span> 
     </span>
     <span class='ocr_line' id='line_1_35' title="bbox 350 2683 1798 2735; baseline -0.004 -12"><span class='ocrx_word' id='word_1_293' title='bbox 350 2687 511 2724; x_wconf 87' lang='lat' dir='ltr'>Facundi</span> <span class='ocrx_word' id='word_1_294' title='bbox 538 2687 656 2731; x_wconf 87' lang='lat' dir='ltr'>Novii,</span> <span class='ocrx_word' id='word_1_295' title='bbox 680 2687 775 2735; x_wconf 88' lang='lat' dir='ltr'>quod</span> <span class='ocrx_word' id='word_1_296' title='bbox 801 2690 856 2722; x_wconf 89' lang='lat' dir='ltr'>est</span> <span class='ocrx_word' id='word_1_297' title='bbox 880 2687 913 2722; x_wconf 90' lang='lat' dir='ltr'>in</span> <span class='ocrx_word' id='word_1_298' title='bbox 940 2685 1112 2733; x_wconf 89' lang='lat' dir='ltr'>optimo</span> <span class='ocrx_word' id='word_1_299' title='bbox 1139 2684 1272 2727; x_wconf 89' lang='lat' dir='ltr'>codice,</span> <span class='ocrx_word' id='word_1_300' title='bbox 1298 2695 1428 2721; x_wconf 88' lang='lat' dir='ltr'>nomen</span> <span class='ocrx_word' id='word_1_301' title='bbox 1454 2684 1550 2730; x_wconf 86' lang='lat' dir='ltr'>apud</span> <span class='ocrx_word' id='word_1_302' title='bbox 1566 2683 1723 2719; x_wconf 90' lang='lat' dir='ltr'>Plinium</span> <span class='ocrx_word' id='word_1_303' title='bbox 1747 2683 1798 2718; x_wconf 88' lang='lat' dir='ltr'>in-</span> 
     </span>
    </p>
   </div>
   <div class='ocr_carea' id='block_1_3' title="bbox 347 2745 498 2782">
    <p class='ocr_par' dir='ltr' id='par_1_5' title="bbox 347 2745 498 2782">
     <span class='ocr_line' id='line_1_36' title="bbox 347 2745 498 2782; baseline 0.007 -1"><span class='ocrx_word' id='word_1_304' title='bbox 347 2745 498 2782; x_wconf 80' lang='lat' dir='ltr'>venisse.</span> 
     </span>
    </p>
   </div>
   <div class='ocr_carea' id='block_1_4' title="bbox 1809 0 1930 75">
    <p class='ocr_par' dir='ltr' id='par_1_6' title="bbox 1809 0 1930 75">
     <span class='ocr_line' id='line_1_37' title="bbox 1809 0 1930 75; baseline 0 3245"><span class='ocrx_word' id='word_1_305' title='bbox 1809 0 1930 75; x_wconf 95' lang='lat' dir='ltr'> </span> 
     </span>
    </p>
   </div>
  </div>
 </body>
</html>
