1936 3392
796 309 851 347 65

107 458 217 515 quod
267 460 403 498 narrat
452 454 643 497 tellurem
694 468 787 496 cum
828 453 871 495 in
913 453 1049 495 medio
1089 452 1300 494 mundosit
1340 452 1552 494 collocata

107 537 242 592 nbinis
275 551 298 576 a
330 549 489 576 summo
523 534 653 589 signis
687 533 893 575 discedere
928 537 969 574 et
1002 533 1084 574 imo
1098 531 1142 583 ,”
1168 532 1193 587 ¹)
1229 546 1323 574 cum
1357 532 1547 574 diametri

106 614 325 671 longitudo
374 613 499 670 paulo
548 612 682 654 minor
730 613 785 654 sit
825 627 949 668 quam
993 612 1116 653 tertia
1160 626 1252 667 pars
1296 611 1441 653 circuli
1476 613 1550 653 cir-

105 693 396 736 oumferentiae
445 697 487 734 et
530 695 644 734 totus
677 691 856 734 circulus
890 692 1100 733 contineat
1146 691 1365 732 duodecim
1405 691 1547 746 signa,

103 774 148 816 id
198 771 333 815 hercle
380 786 515 827 neque
558 786 712 813 novum
761 776 848 813 tum
891 777 977 813 erat
1026 786 1163 826 neque
1210 775 1295 813 tam
1335 772 1548 827 ingeniose

103 857 336 910 repertum,
372 855 419 892 ut
451 855 668 907 propterea
701 850 879 892 hominis
917 850 1020 892 ratio
1058 854 1176 892 tanto
1197 833 1317 892 hietu
1341 850 1550 892 laudanda

106 935 236 984 esset,
269 945 405 987 neque
439 945 556 982 vero,
594 929 707 986 quod
741 935 803 972 est
836 931 978 986 peius,
1014 930 1244 986 quidquam
1278 929 1383 972 lucis
1406 930 1547 980 affert,

107 991 364 1068 utquisque
398 1009 623 1066 intellegit.
675 1008 846 1062 Quanto
879 1010 989 1051 enim
1024 1009 1242 1051 intervallo
1271 1009 1430 1051 distant
1452 1009 1550 1051 bina

106 1089 254 1147 signa?
316 1089 533 1132 Praeterea
581 1093 643 1131 est
691 1089 919 1131 notandum
969 1089 1158 1131 tellurem
1210 1089 1254 1131 in
1303 1089 1380 1132 hoc
1429 1105 1550 1146 argu·

106 1174 246 1213 mento
290 1185 376 1212 esse
409 1173 613 1226 punctum
646 1173 811 1211 tantum
846 1168 1250 1225 mathematicum,²)
1297 1174 1343 1211 ut
1376 1169 1548 1222 dicunt,

106 1265 203 1293 nam
258 1265 281 1292 a
328 1263 490 1291 summa
537 1248 687 1291 tellure
737 1249 788 1310 ad
839 1263 1043 1291 summum
1079 1249 1239 1291 eaelum
1273 1254 1335 1291 est
1367 1250 1548 1306 spatium

108 1329 283 1372 duorum
316 1329 529 1385 signorum
562 1332 604 1371 et
637 1329 885 1371 tantundem
909 1334 971 1370 est
993 1328 1043 1370 ab
1066 1329 1150 1370 ima
1172 1329 1322 1371 tellure
1345 1329 1396 1371 ad
1420 1330 1550 1372 imum

108 1408 296 1460 eaelum,
347 1407 397 1450 ab
446 1409 529 1450 imo
579 1408 691 1450 caelo
741 1409 791 1450 ad
841 1423 1047 1450 summum
1097 1413 1235 1451 autem
1274 1415 1336 1451 est
1368 1411 1549 1467 spatium

110 1490 310 1544 quattuor
341 1486 579 1543 signorum3
620 1492 662 1529 at
694 1488 770 1530 hoc
803 1493 926 1545 poeta
957 1503 1040 1530 non
1073 1488 1326 1532 intellexisse
1358 1489 1549 1542 videtur;

109 1565 144 1609 si
177 1566 289 1609 enim
322 1566 594 1609 intellexisset
628 1567 762 1609 dicere
796 1567 994 1610 debuerat
1026 1568 1070 1610 in
1102 1568 1180 1611 hoc
1213 1575 1469 1625 argumento.

171 1646 308 1689 Simili
355 1646 472 1704 lapsu
523 1646 685 1689 fallitur
716 1647 760 1689 in
793 1651 1027 1704 temporum
1061 1648 1221 1690 ratione
1254 1649 1549 1706 intellegenda.

107 1723 180 1767 Vs.
227 1727 312 1768 221
361 1726 470 1768 enim
504 1730 548 1767 et
579 1725 846 1782 sequentibus
881 1726 1003 1769 lunae
1037 1727 1245 1770 defectum
1286 1743 1368 1770 non
1408 1729 1552 1772 eodem

106 1807 290 1861 tempore
323 1803 373 1846 ab
406 1803 597 1846 omnibus
630 1805 825 1861 gentibus
859 1807 1017 1863 percipi
1051 1807 1134 1858 ait,
1170 1807 1268 1858 „sed
1302 1808 1418 1864 prius
1442 1808 1551 1851 ane

109 1887 312 1939 quaerunt
341 1887 416 1926 tua
450 1883 600 1940 (Luna)
634 1884 794 1928 lumina
825 1891 994 1942 gentes,
1045 1892 1160 1943 post,
1198 1888 1333 1930 medio
1366 1887 1553 1931 subiecta

107 1963 204 2022 polo
254 1979 538 2021 quaecumque
587 1963 810 2017 coluntur,
864 1965 1013 2031 ultima
1053 1966 1104 2008 ad
1147 1966 1356 2024 hesperios
1388 1969 1551 2010 insectis

109 2042 284 2085 volveris
319 2042 440 2086 alis,”
489 2043 545 2085 Et
578 2044 759 2100 primum
792 2045 870 2087 hoc
893 2050 956 2088 est
977 2045 1126 2088 falsum
1143 2079 1156 2098 ,
1182 2047 1294 2104 quod
1317 2048 1375 2090 ait
1398 2050 1550 2105 primas

108 2126 249 2178 gentes
297 2122 518 2165 orientales
567 2122 692 2166 lunae
742 2124 949 2167 defectum
981 2125 1119 2168 videre
1130 2159 1142 2178 ,
1188 2131 1279 2169 tum
1311 2128 1550 2171 mediterra-

106 2216 223 2252 neas,
278 2207 484 2258 postremo
539 2203 835 2255 occidentales,
892 2219 986 2247 cum
1040 2220 1180 2248 omnes
1229 2212 1374 2263 gentes
1406 2208 1548 2252 lunam

104 2279 359 2324 deficientem
393 2281 537 2324 eodem
571 2287 756 2339 tempore
790 2284 1046 2340 percipiant,
1090 2286 1202 2341 quod
1224 2290 1388 2344 tempus
1411 2293 1549 2331 tamen

107 2359 158 2403 ab
198 2360 398 2403 orientem
430 2361 709 2405 incolentibus
740 2362 841 2405 hora
873 2365 1097 2420 posteriore
1131 2380 1255 2421 quam
1290 2382 1372 2424 qua
1405 2373 1549 2424 gentes

109 2438 382 2482 occidentales
431 2440 475 2482 id
522 2445 686 2498 tempus
719 2441 928 2495 indicant,
963 2448 1146 2487 notatur.
1212 2446 1374 2489 Deinde
1408 2453 1547 2491 autem

110 2522 279 2574 apparet
327 2524 486 2575 poetam
530 2520 608 2562 hoc
639 2522 837 2578 temporis
871 2522 1090 2566 discrimen
1123 2524 1166 2567 in
1199 2524 1299 2567 luna
1332 2526 1548 2570 deficiente

111 2598 375 2654 percipienda
423 2613 504 2642 non
555 2600 653 2643 inde
688 2601 980 2658 explicavisse,
1015 2604 1125 2659 quod
1158 2604 1202 2646 in
1235 2606 1393 2650 oriente
1430 2613 1548 2662 Horta

112 2675 198 2719 dies
229 2677 383 2734 sopitas
417 2679 570 2722 excitat
601 2679 751 2723 urbes”
787 2681 886 2725 dum
920 2698 1026 2735 „nos
1060 2684 1103 2726 in
1138 2691 1259 2727 nocte
1292 2687 1465 2729 sumus”
1500 2694 1547 2730 ut

111 2754 235 2812 paulo
277 2762 370 2812 post
409 2759 589 2801 ostendit
633 2761 782 2817 (245),
826 2762 897 2804 sed
931 2779 952 2804 e
987 2762 1110 2806 lunae
1142 2770 1258 2807 motu
1292 2767 1546 2810 occidentem

158 2927 183 2967 ι)
230 2931 266 2966 Ι,
289 2932 353 2962 243
369 2955 375 2963 .
401 2933 474 2963 245.

157 2988 182 3024 ’ἱ
231 2993 319 3030 Quod
345 2995 483 3024 Avienus
509 3005 571 3026 non
597 2998 759 3034 neglexit:
786 3001 918 3037 „puncti
945 3001 1015 3031 vice
1039 3003 1134 3032 Terra
1161 3003 1296 3035 locanda
1322 3007 1404 3038 est.''
