<?xml version="1.0" encoding="UTF-8"?>
<!DOCTYPE html PUBLIC "-//W3C//DTD XHTML 1.0 Transitional//EN"
    "http://www.w3.org/TR/xhtml1/DTD/xhtml1-transitional.dtd">
<html xmlns="http://www.w3.org/1999/xhtml" xml:lang="en" lang="en">
 <head>
  <title>
</title>
<meta http-equiv="Content-Type" content="text/html;charset=utf-8" />
  <meta name='ocr-system' content='tesseract 3.04.00' />
  <meta name='ocr-capabilities' content='ocr_page ocr_carea ocr_par ocr_line ocrx_word'/>
</head>
<body>
  <div class='ocr_page' id='page_1' title='image "./lucubrationesman00thomuoft_0245.png"; bbox 0 0 1930 3320; ppageno 0'>
   <div class='ocr_carea' id='block_1_1' title="bbox 0 0 262 92">
    <p class='ocr_par' dir='ltr' id='par_1_1' title="bbox 0 0 262 92">
     <span class='ocr_line' id='line_1_1' title="bbox 0 0 262 92; baseline 0 3228"><span class='ocrx_word' id='word_1_1' title='bbox 0 0 262 92; x_wconf 95' lang='lat' dir='ltr'> </span> 
     </span>
    </p>
   </div>
   <div class='ocr_carea' id='block_1_2' title="bbox 783 341 996 383">
    <p class='ocr_par' dir='ltr' id='par_1_2' title="bbox 783 341 996 383">
     <span class='ocr_line' id='line_1_2' title="bbox 783 341 996 383; baseline -0.005 -12"><span class='ocrx_word' id='word_1_2' title='bbox 783 341 996 383; x_wconf 76' lang='lat'>..67-</span> 
     </span>
    </p>
   </div>
   <div class='ocr_carea' id='block_1_3' title="bbox 322 429 1355 956">
    <p class='ocr_par' dir='ltr' id='par_1_3' title="bbox 324 429 1307 531">
     <span class='ocr_line' id='line_1_3' title="bbox 324 429 1307 478; baseline 0.001 -13"><span class='ocrx_word' id='word_1_3' title='bbox 324 431 533 474; x_wconf 86' lang='lat' dir='ltr'>Musarum,</span> <span class='ocrx_word' id='word_1_4' title='bbox 556 441 631 477; x_wconf 89' lang='lat' dir='ltr'>quo</span> <span class='ocrx_word' id='word_1_5' title='bbox 656 441 757 466; x_wconf 88' lang='lat' dir='ltr'>nunc</span> <span class='ocrx_word' id='word_1_6' title='bbox 773 430 990 476; x_wconf 87' lang='lat' dir='ltr'>instinctus,</span> <span class='ocrx_word' id='word_1_7' title='bbox 1011 432 1142 466; x_wconf 90' lang='lat' dir='ltr'>mente</span> <span class='ocrx_word' id='word_1_8' title='bbox 1163 429 1307 478; x_wconf 82' lang='lat' dir='ltr'>vigenti</span> 
     </span>
     <span class='ocr_line' id='line_1_4' title="bbox 324 483 1194 531; baseline 0.001 -13"><span class='ocrx_word' id='word_1_9' title='bbox 324 483 418 519; x_wconf 90' lang='lat' dir='ltr'>Avia</span> <span class='ocrx_word' id='word_1_10' title='bbox 436 483 624 519; x_wconf 86' lang='lat' dir='ltr'>Pieridum</span> <span class='ocrx_word' id='word_1_11' title='bbox 646 494 809 531; x_wconf 83' lang='lat' dir='ltr'>peragro</span> <span class='ocrx_word' id='word_1_12' title='bbox 830 484 927 529; x_wconf 84' lang='lat' dir='ltr'>loca,</span> <span class='ocrx_word' id='word_1_13' title='bbox 947 483 1085 519; x_wconf 89' lang='lat' dir='ltr'>nullius</span> <span class='ocrx_word' id='word_1_14' title='bbox 1105 486 1194 519; x_wconf 90' lang='lat' dir='ltr'>ante</span> 
     </span>
    </p>

    <p class='ocr_par' dir='ltr' id='par_1_4' title="bbox 322 536 1355 956">
     <span class='ocr_line' id='line_1_5' title="bbox 324 536 1235 583; baseline 0.001 -12"><span class='ocrx_word' id='word_1_15' title='bbox 324 536 428 572; x_wconf 90' lang='lat' dir='ltr'>Trita</span> <span class='ocrx_word' id='word_1_16' title='bbox 446 536 527 572; x_wconf 86' lang='lat' dir='ltr'>solo</span> <span class='ocrx_word' id='word_1_17' title='bbox 545 547 555 572; x_wconf 79' lang='lat' dir='ltr'>t</span> <span class='ocrx_word' id='word_1_18' title='bbox 577 537 686 582; x_wconf 85' lang='lat' dir='ltr'>juvat</span> <span class='ocrx_word' id='word_1_19' title='bbox 705 536 877 583; x_wconf 86' lang='lat' dir='ltr'>integros</span> <span class='ocrx_word' id='word_1_20' title='bbox 895 536 1076 572; x_wconf 83' lang='lat' dir='ltr'>accedere</span> <span class='ocrx_word' id='word_1_21' title='bbox 1097 536 1235 581; x_wconf 82' lang='lat' dir='ltr'>fontes,</span> 
     </span>
     <span class='ocr_line' id='line_1_6' title="bbox 324 589 1355 637; baseline 0 -12"><span class='ocrx_word' id='word_1_22' title='bbox 324 591 448 636; x_wconf 84' lang='lat' dir='ltr'>Atque</span> <span class='ocrx_word' id='word_1_23' title='bbox 467 589 635 635; x_wconf 88' lang='lat' dir='ltr'>haurire,</span> <span class='ocrx_word' id='word_1_24' title='bbox 656 590 840 637; x_wconf 91' lang='lat' dir='ltr'>juvatque</span> <span class='ocrx_word' id='word_1_25' title='bbox 860 601 979 626; x_wconf 89' lang='lat' dir='ltr'>novos</span> <span class='ocrx_word' id='word_1_26' title='bbox 1002 590 1208 637; x_wconf 83' lang='lat' dir='ltr'><strong>decerpere</strong></span> <span class='ocrx_word' id='word_1_27' title='bbox 1227 589 1355 636; x_wconf 84' lang='lat' dir='ltr'>flores,</span> 
     </span>
     <span class='ocr_line' id='line_1_7' title="bbox 324 642 1316 690; baseline 0.002 -13"><span class='ocrx_word' id='word_1_28' title='bbox 324 642 594 690; x_wconf 73' lang='lat' dir='ltr'>Insignemque</span> <span class='ocrx_word' id='word_1_29' title='bbox 614 653 704 680; x_wconf 91' lang='lat' dir='ltr'>meo</span> <span class='ocrx_word' id='word_1_30' title='bbox 728 643 844 690; x_wconf 86' lang='lat' dir='ltr'>capiti</span> <span class='ocrx_word' id='word_1_31' title='bbox 862 645 990 690; x_wconf 85' lang='lat' dir='ltr'>petere</span> <span class='ocrx_word' id='word_1_32' title='bbox 1010 643 1099 679; x_wconf 91' lang='lat' dir='ltr'>inde</span> <span class='ocrx_word' id='word_1_33' title='bbox 1120 654 1316 689; x_wconf 89' lang='lat' dir='ltr'>coronam,</span> 
     </span>
     <span class='ocr_line' id='line_1_8' title="bbox 324 695 1212 743; baseline 0.001 -12"><span class='ocrx_word' id='word_1_34' title='bbox 324 695 430 731; x_wconf 86' lang='lat' dir='ltr'><strong>Unde</strong></span> <span class='ocrx_word' id='word_1_35' title='bbox 448 695 550 742; x_wconf 88' lang='lat' dir='ltr'>prius</span> <span class='ocrx_word' id='word_1_36' title='bbox 570 696 664 732; x_wconf 89' lang='lat' dir='ltr'>nulli</span> <span class='ocrx_word' id='word_1_37' title='bbox 684 697 848 732; x_wconf 78' lang='lat' dir='ltr'>velarint</span> <span class='ocrx_word' id='word_1_38' title='bbox 870 701 1049 743; x_wconf 89' lang='lat' dir='ltr'>tempora</span> <span class='ocrx_word' id='word_1_39' title='bbox 1067 697 1179 733; x_wconf 84' lang='lat' dir='ltr'>Musae</span> <span class='ocrx_word' id='word_1_40' title='bbox 1203 707 1212 732; x_wconf 75' lang='grc' dir='ltr'><strong><em>ε</em></strong></span> 
     </span>
     <span class='ocr_line' id='line_1_9' title="bbox 322 748 1308 797; baseline 0 -13"><span class='ocrx_word' id='word_1_41' title='bbox 322 748 493 784; x_wconf 90' lang='lat' dir='ltr'>Primum</span> <span class='ocrx_word' id='word_1_42' title='bbox 514 749 619 797; x_wconf 88' lang='lat' dir='ltr'>quod</span> <span class='ocrx_word' id='word_1_43' title='bbox 640 750 789 797; x_wconf 83' lang='lat' dir='ltr'>magnis</span> <span class='ocrx_word' id='word_1_44' title='bbox 807 749 926 786; x_wconf 92' lang='lat' dir='ltr'>doceo</span> <span class='ocrx_word' id='word_1_45' title='bbox 949 750 996 786; x_wconf 91' lang='lat' dir='ltr'>de</span> <span class='ocrx_word' id='word_1_46' title='bbox 1013 750 1140 795; x_wconf 88' lang='lat' dir='ltr'>rebus,</span> <span class='ocrx_word' id='word_1_47' title='bbox 1157 751 1196 785; x_wconf 91' lang='lat' dir='ltr'>et</span> <span class='ocrx_word' id='word_1_48' title='bbox 1216 748 1308 785; x_wconf 88' lang='lat' dir='ltr'>artis</span> 
     </span>
     <span class='ocr_line' id='line_1_10' title="bbox 323 801 1324 849; baseline 0.002 -13"><span class='ocrx_word' id='word_1_49' title='bbox 323 801 570 848; x_wconf 86' lang='lat' dir='ltr'>Religionum</span> <span class='ocrx_word' id='word_1_50' title='bbox 602 803 753 838; x_wconf 87' lang='lat' dir='ltr'>animos</span> <span class='ocrx_word' id='word_1_51' title='bbox 775 802 887 838; x_wconf 90' lang='lat' dir='ltr'>nodis</span> <span class='ocrx_word' id='word_1_52' title='bbox 909 803 1105 838; x_wconf 83' lang='lat' dir='ltr'>exsolvere</span> <span class='ocrx_word' id='word_1_53' title='bbox 1127 812 1268 849; x_wconf 87' lang='lat' dir='ltr'>pergo;</span> <span class='ocrx_word' id='word_1_54' title='bbox 1320 823 1324 826; x_wconf 88' lang='lat'><strong>·</strong></span> 
     </span>
     <span class='ocr_line' id='line_1_11' title="bbox 323 854 1301 902; baseline 0 -13"><span class='ocrx_word' id='word_1_55' title='bbox 323 854 468 890; x_wconf 89' lang='lat' dir='ltr'><strong>Deinde</strong></span> <span class='ocrx_word' id='word_1_56' title='bbox 490 855 594 902; x_wconf 89' lang='lat' dir='ltr'>quod</span> <span class='ocrx_word' id='word_1_57' title='bbox 615 856 777 891; x_wconf 90' lang='lat' dir='ltr'>obscura</span> <span class='ocrx_word' id='word_1_58' title='bbox 799 856 844 892; x_wconf 92' lang='lat' dir='ltr'>de</span> <span class='ocrx_word' id='word_1_59' title='bbox 866 867 906 891; x_wconf 91' lang='lat' dir='ltr'>re</span> <span class='ocrx_word' id='word_1_60' title='bbox 926 858 1008 891; x_wconf 87' lang='lat' dir='ltr'>tam</span> <span class='ocrx_word' id='word_1_61' title='bbox 1027 855 1156 891; x_wconf 91' lang='lat' dir='ltr'>lucida</span> <span class='ocrx_word' id='word_1_62' title='bbox 1175 864 1301 901; x_wconf 84' lang='lat' dir='ltr'>pango</span> 
     </span>
     <span class='ocr_line' id='line_1_12' title="bbox 322 907 1281 956; baseline -0.001 -13"><span class='ocrx_word' id='word_1_63' title='bbox 322 907 521 952; x_wconf 80' lang='lat' dir='ltr'>Carmina,</span> <span class='ocrx_word' id='word_1_64' title='bbox 543 909 683 944; x_wconf 83' lang='lat' dir='ltr'>Musaeo</span> <span class='ocrx_word' id='word_1_65' title='bbox 704 908 928 956; x_wconf 90' lang='lat' dir='ltr'>contingens</span> <span class='ocrx_word' id='word_1_66' title='bbox 950 911 1089 944; x_wconf 89' lang='lat' dir='ltr'>cuncta</span> <span class='ocrx_word' id='word_1_67' title='bbox 1107 907 1238 954; x_wconf 89' lang='lat' dir='ltr'>lepore</span> <span class='ocrx_word' id='word_1_68' title='bbox 1253 909 1281 942; x_wconf 88' lang='lat'>¹.</span> 
     </span>
    </p>
   </div>
   <div class='ocr_carea' id='block_1_4' title="bbox 128 1007 1673 2296">
    <p class='ocr_par' dir='ltr' id='par_1_5' title="bbox 132 1007 1643 1699">
     <span class='ocr_line' id='line_1_13' title="bbox 186 1007 1642 1064; baseline -0.002 -14"><span class='ocrx_word' id='word_1_69' title='bbox 186 1010 287 1058; x_wconf 85' lang='lat' dir='ltr'>&#39;Quis</span> <span class='ocrx_word' id='word_1_70' title='bbox 312 1024 412 1051; x_wconf 90' lang='lat' dir='ltr'>vero</span> <span class='ocrx_word' id='word_1_71' title='bbox 440 1024 524 1051; x_wconf 92' lang='lat' dir='ltr'>non</span> <span class='ocrx_word' id='word_1_72' title='bbox 550 1012 754 1064; x_wconf 82' lang='lat' dir='ltr'>percipiet</span> <span class='ocrx_word' id='word_1_73' title='bbox 774 1015 978 1064; x_wconf 89' lang='lat' dir='ltr'>quantum</span> <span class='ocrx_word' id='word_1_74' title='bbox 1001 1011 1092 1050; x_wconf 81' lang='lat' dir='ltr'>haec</span> <span class='ocrx_word' id='word_1_75' title='bbox 1122 1010 1232 1049; x_wconf 88' lang='lat' dir='ltr'>inter</span> <span class='ocrx_word' id='word_1_76' title='bbox 1263 1013 1304 1049; x_wconf 93' lang='lat' dir='ltr'>et</span> <span class='ocrx_word' id='word_1_77' title='bbox 1331 1007 1489 1048; x_wconf 82' lang='lat' dir='ltr'>Manilii</span> <span class='ocrx_word' id='word_1_78' title='bbox 1513 1007 1642 1049; x_wconf 83' lang='lat' dir='ltr'>verba</span> 
     </span>
     <span class='ocr_line' id='line_1_14' title="bbox 132 1073 1642 1128; baseline -0.001 -14"><span class='ocrx_word' id='word_1_79' title='bbox 132 1075 322 1115; x_wconf 78' lang='lat' dir='ltr'>intersit?</span> <span class='ocrx_word' id='word_1_80' title='bbox 341 1077 459 1115; x_wconf 90' lang='lat' dir='ltr'>Nova</span> <span class='ocrx_word' id='word_1_81' title='bbox 478 1089 578 1116; x_wconf 89' lang='lat' dir='ltr'>sane</span> <span class='ocrx_word' id='word_1_82' title='bbox 599 1089 641 1116; x_wconf 86' lang='lat' dir='ltr'>se</span> <span class='ocrx_word' id='word_1_83' title='bbox 663 1077 847 1128; x_wconf 89' lang='lat' dir='ltr'>pandere</span> <span class='ocrx_word' id='word_1_84' title='bbox 869 1076 1084 1116; x_wconf 90' lang='lat' dir='ltr'>Lucretius</span> <span class='ocrx_word' id='word_1_85' title='bbox 1103 1075 1253 1127; x_wconf 88' lang='lat' dir='ltr'>jactat,</span> <span class='ocrx_word' id='word_1_86' title='bbox 1276 1074 1349 1114; x_wconf 88' lang='lat' dir='ltr'>sed</span> <span class='ocrx_word' id='word_1_87' title='bbox 1377 1085 1463 1114; x_wconf 92' lang='lat' dir='ltr'>non</span> <span class='ocrx_word' id='word_1_88' title='bbox 1487 1086 1537 1114; x_wconf 92' lang='lat' dir='ltr'>ea</span> <span class='ocrx_word' id='word_1_89' title='bbox 1563 1073 1642 1113; x_wconf 90' lang='lat' dir='ltr'>sibi</span> 
     </span>
     <span class='ocr_line' id='line_1_15' title="bbox 134 1139 1640 1193; baseline -0.001 -14"><span class='ocrx_word' id='word_1_90' title='bbox 134 1141 353 1193; x_wconf 84' lang='lat' dir='ltr'>proposuit</span> <span class='ocrx_word' id='word_1_91' title='bbox 378 1141 620 1192; x_wconf 91' lang='lat' dir='ltr'>pandenda,</span> <span class='ocrx_word' id='word_1_92' title='bbox 643 1153 728 1181; x_wconf 91' lang='lat' dir='ltr'>non</span> <span class='ocrx_word' id='word_1_93' title='bbox 749 1154 801 1180; x_wconf 83' lang='lat' dir='ltr'>ex</span> <span class='ocrx_word' id='word_1_94' title='bbox 821 1141 886 1180; x_wconf 86' lang='lat' dir='ltr'>his</span> <span class='ocrx_word' id='word_1_95' title='bbox 912 1140 991 1180; x_wconf 92' lang='lat' dir='ltr'>sibi</span> <span class='ocrx_word' id='word_1_96' title='bbox 1018 1140 1189 1180; x_wconf 91' lang='lat' dir='ltr'>laudem</span> <span class='ocrx_word' id='word_1_97' title='bbox 1218 1142 1404 1191; x_wconf 81' lang='lat' dir='ltr'>arrogat,</span> <span class='ocrx_word' id='word_1_98' title='bbox 1424 1139 1523 1191; x_wconf 91' lang='lat' dir='ltr'>quia</span> <span class='ocrx_word' id='word_1_99' title='bbox 1546 1143 1640 1178; x_wconf 91' lang='lat' dir='ltr'>tan-</span> 
     </span>
     <span class='ocr_line' id='line_1_16' title="bbox 134 1203 1643 1259; baseline -0.001 -15"><span class='ocrx_word' id='word_1_100' title='bbox 134 1207 223 1244; x_wconf 91' lang='lat' dir='ltr'>tum</span> <span class='ocrx_word' id='word_1_101' title='bbox 252 1217 377 1254; x_wconf 90' lang='lat' dir='ltr'>nova,</span> <span class='ocrx_word' id='word_1_102' title='bbox 402 1206 475 1245; x_wconf 91' lang='lat' dir='ltr'>sed</span> <span class='ocrx_word' id='word_1_103' title='bbox 502 1206 602 1259; x_wconf 89' lang='lat' dir='ltr'>quia</span> <span class='ocrx_word' id='word_1_104' title='bbox 630 1219 785 1258; x_wconf 86' lang='lat' dir='ltr'>magna</span> <span class='ocrx_word' id='word_1_105' title='bbox 814 1206 910 1255; x_wconf 90' lang='lat' dir='ltr'>sint,</span> <span class='ocrx_word' id='word_1_106' title='bbox 935 1209 976 1246; x_wconf 91' lang='lat' dir='ltr'>et</span> <span class='ocrx_word' id='word_1_107' title='bbox 1005 1205 1106 1258; x_wconf 88' lang='lat' dir='ltr'>quia</span> <span class='ocrx_word' id='word_1_108' title='bbox 1132 1218 1183 1245; x_wconf 86' lang='lat' dir='ltr'>ex</span> <span class='ocrx_word' id='word_1_109' title='bbox 1210 1204 1398 1244; x_wconf 86' lang='lat' dir='ltr'>obscuris</span> <span class='ocrx_word' id='word_1_110' title='bbox 1421 1204 1534 1243; x_wconf 88' lang='lat' dir='ltr'>facta</span> <span class='ocrx_word' id='word_1_111' title='bbox 1558 1203 1643 1243; x_wconf 88' lang='lat' dir='ltr'>sint</span> 
     </span>
     <span class='ocr_line' id='line_1_17' title="bbox 133 1268 1637 1323; baseline -0.001 -14"><span class='ocrx_word' id='word_1_112' title='bbox 133 1269 319 1310; x_wconf 79' lang='lat' dir='ltr'>carmine</span> <span class='ocrx_word' id='word_1_113' title='bbox 334 1270 487 1311; x_wconf 85' lang='lat' dir='ltr'>lucida.</span> <span class='ocrx_word' id='word_1_114' title='bbox 503 1272 556 1311; x_wconf 91' lang='lat' dir='ltr'>At</span> <span class='ocrx_word' id='word_1_115' title='bbox 571 1271 765 1311; x_wconf 87' lang='lat' dir='ltr'>Manilius</span> <span class='ocrx_word' id='word_1_116' title='bbox 780 1271 884 1310; x_wconf 88' lang='lat' dir='ltr'>nihil</span> <span class='ocrx_word' id='word_1_117' title='bbox 907 1271 1013 1311; x_wconf 88' lang='lat' dir='ltr'>tanti</span> <span class='ocrx_word' id='word_1_118' title='bbox 1032 1270 1180 1323; x_wconf 87' lang='lat' dir='ltr'>quanti</span> <span class='ocrx_word' id='word_1_119' title='bbox 1194 1270 1425 1309; x_wconf 87' lang='lat' dir='ltr'>novitatem</span> <span class='ocrx_word' id='word_1_120' title='bbox 1443 1268 1637 1316; x_wconf 83' lang='lat' dir='ltr'>aestimat,</span> 
     </span>
     <span class='ocr_line' id='line_1_18' title="bbox 134 1333 1641 1388; baseline -0.001 -14"><span class='ocrx_word' id='word_1_121' title='bbox 134 1347 211 1375; x_wconf 86' lang='lat' dir='ltr'>nec</span> <span class='ocrx_word' id='word_1_122' title='bbox 236 1335 338 1388; x_wconf 87' lang='lat' dir='ltr'>quid</span> <span class='ocrx_word' id='word_1_123' title='bbox 365 1336 460 1376; x_wconf 84' lang='lat' dir='ltr'>vitae</span> <span class='ocrx_word' id='word_1_124' title='bbox 490 1336 689 1376; x_wconf 80' lang='lat' dir='ltr'>humanae</span> <span class='ocrx_word' id='word_1_125' title='bbox 716 1349 828 1376; x_wconf 90' lang='lat' dir='ltr'>nova</span> <span class='ocrx_word' id='word_1_126' title='bbox 852 1336 925 1376; x_wconf 91' lang='lat' dir='ltr'>illa</span> <span class='ocrx_word' id='word_1_127' title='bbox 952 1336 1052 1375; x_wconf 86' lang='lat' dir='ltr'>utile</span> <span class='ocrx_word' id='word_1_128' title='bbox 1082 1347 1129 1374; x_wconf 87' lang='lat' dir='ltr'>ac</span> <span class='ocrx_word' id='word_1_129' title='bbox 1158 1333 1326 1374; x_wconf 89' lang='lat' dir='ltr'>salubre</span> <span class='ocrx_word' id='word_1_130' title='bbox 1351 1333 1543 1382; x_wconf 84' lang='lat' dir='ltr'>afferant,</span> <span class='ocrx_word' id='word_1_131' title='bbox 1568 1333 1641 1373; x_wconf 89' lang='lat' dir='ltr'>sed</span> 
     </span>
     <span class='ocr_line' id='line_1_19' title="bbox 135 1399 1639 1452; baseline -0.001 -13"><span class='ocrx_word' id='word_1_132' title='bbox 135 1399 236 1452; x_wconf 89' lang='lat' dir='ltr'>quid</span> <span class='ocrx_word' id='word_1_133' title='bbox 249 1400 487 1440; x_wconf 89' lang='lat' dir='ltr'>litterarum</span> <span class='ocrx_word' id='word_1_134' title='bbox 504 1401 678 1441; x_wconf 91' lang='lat' dir='ltr'>curiosis</span> <span class='ocrx_word' id='word_1_135' title='bbox 699 1401 909 1440; x_wconf 89' lang='lat' dir='ltr'>diversum</span> <span class='ocrx_word' id='word_1_136' title='bbox 931 1413 956 1440; x_wconf 90' lang='lat' dir='ltr'>a</span> <span class='ocrx_word' id='word_1_137' title='bbox 973 1404 1209 1440; x_wconf 87' lang='lat' dir='ltr'>ceterorum</span> <span class='ocrx_word' id='word_1_138' title='bbox 1224 1402 1447 1452; x_wconf 88' lang='lat' dir='ltr'>poetarum</span> <span class='ocrx_word' id='word_1_139' title='bbox 1468 1411 1639 1439; x_wconf 86' lang='lat' dir='ltr'>consue-</span> 
     </span>
     <span class='ocr_line' id='line_1_20' title="bbox 134 1463 1640 1517; baseline -0.001 -14"><span class='ocrx_word' id='word_1_140' title='bbox 134 1464 292 1512; x_wconf 85' lang='lat' dir='ltr'>tudine,</span> <span class='ocrx_word' id='word_1_141' title='bbox 311 1465 411 1516; x_wconf 89' lang='lat' dir='ltr'>quid</span> <span class='ocrx_word' id='word_1_142' title='bbox 432 1478 574 1505; x_wconf 86' lang='lat' dir='ltr'>rarum</span> <span class='ocrx_word' id='word_1_143' title='bbox 602 1478 650 1505; x_wconf 91' lang='lat' dir='ltr'>ac</span> <span class='ocrx_word' id='word_1_144' title='bbox 671 1465 882 1517; x_wconf 85' lang='lat' dir='ltr'>singulare</span> <span class='ocrx_word' id='word_1_145' title='bbox 909 1464 1150 1505; x_wconf 81' lang='lat' dir='ltr'>exhibeant.</span> <span class='ocrx_word' id='word_1_146' title='bbox 1169 1463 1268 1503; x_wconf 90' lang='lat' dir='ltr'>Inde</span> <span class='ocrx_word' id='word_1_147' title='bbox 1288 1463 1457 1503; x_wconf 89' lang='lat' dir='ltr'>laudem</span> <span class='ocrx_word' id='word_1_148' title='bbox 1484 1466 1525 1503; x_wconf 91' lang='lat' dir='ltr'>et</span> <span class='ocrx_word' id='word_1_149' title='bbox 1550 1463 1640 1515; x_wconf 86' lang='lat' dir='ltr'>glo-</span> 
     </span>
     <span class='ocr_line' id='line_1_21' title="bbox 133 1527 1641 1583; baseline -0.001 -15"><span class='ocrx_word' id='word_1_150' title='bbox 133 1528 240 1569; x_wconf 87' lang='lat' dir='ltr'>riam</span> <span class='ocrx_word' id='word_1_151' title='bbox 254 1542 382 1582; x_wconf 88' lang='lat' dir='ltr'>supra</span> <span class='ocrx_word' id='word_1_152' title='bbox 394 1530 563 1570; x_wconf 89' lang='lat' dir='ltr'>Homeri</span> <span class='ocrx_word' id='word_1_153' title='bbox 581 1530 831 1583; x_wconf 87' lang='lat' dir='ltr'>Hesiodique</span> <span class='ocrx_word' id='word_1_154' title='bbox 846 1530 1006 1569; x_wconf 87' lang='lat' dir='ltr'>famam</span> <span class='ocrx_word' id='word_1_155' title='bbox 1021 1529 1099 1568; x_wconf 86' lang='lat' dir='ltr'>sibi</span> <span class='ocrx_word' id='word_1_156' title='bbox 1115 1528 1282 1581; x_wconf 81' lang='lat' dir='ltr'>quaerit,</span> <span class='ocrx_word' id='word_1_157' title='bbox 1299 1528 1496 1581; x_wconf 91' lang='lat' dir='ltr'>quodque</span> <span class='ocrx_word' id='word_1_158' title='bbox 1512 1527 1641 1568; x_wconf 89' lang='lat' dir='ltr'>semel</span> 
     </span>
     <span class='ocr_line' id='line_1_22' title="bbox 132 1591 1639 1648; baseline 0.001 -15"><span class='ocrx_word' id='word_1_159' title='bbox 132 1594 350 1634; x_wconf 86' lang='lat' dir='ltr'>Lucretius</span> <span class='ocrx_word' id='word_1_160' title='bbox 370 1594 550 1635; x_wconf 88' lang='lat' dir='ltr'>honesta</span> <span class='ocrx_word' id='word_1_161' title='bbox 569 1595 753 1647; x_wconf 87' lang='lat' dir='ltr'>quadam</span> <span class='ocrx_word' id='word_1_162' title='bbox 775 1595 928 1635; x_wconf 83' lang='lat' dir='ltr'>fiducia</span> <span class='ocrx_word' id='word_1_163' title='bbox 954 1594 1191 1648; x_wconf 82' lang='lat' dir='ltr'>profitetur,</span> <span class='ocrx_word' id='word_1_164' title='bbox 1213 1593 1256 1633; x_wconf 90' lang='lat' dir='ltr'>id</span> <span class='ocrx_word' id='word_1_165' title='bbox 1274 1593 1346 1633; x_wconf 85' lang='lat' dir='ltr'>ille</span> <span class='ocrx_word' id='word_1_166' title='bbox 1365 1591 1517 1646; x_wconf 90' lang='lat' dir='ltr'>puerili</span> <span class='ocrx_word' id='word_1_167' title='bbox 1537 1604 1639 1646; x_wconf 81' lang='lat' dir='ltr'>qua-</span> 
     </span>
     <span class='ocr_line' id='line_1_23' title="bbox 133 1658 922 1699; baseline 0 0"><span class='ocrx_word' id='word_1_168' title='bbox 133 1658 237 1699; x_wconf 86' lang='lat' dir='ltr'>dam</span> <span class='ocrx_word' id='word_1_169' title='bbox 256 1659 441 1699; x_wconf 84' lang='lat' dir='ltr'>vanitate</span> <span class='ocrx_word' id='word_1_170' title='bbox 464 1659 692 1699; x_wconf 88' lang='lat' dir='ltr'>identidem</span> <span class='ocrx_word' id='word_1_171' title='bbox 711 1660 922 1699; x_wconf 82' lang='lat' dir='ltr'>decantat.</span> 
     </span>
    </p>

    <p class='ocr_par' dir='ltr' id='par_1_6' title="bbox 128 1722 1673 2296">
     <span class='ocr_line' id='line_1_24' title="bbox 185 1722 1641 1775; baseline -0.002 -11"><span class='ocrx_word' id='word_1_172' title='bbox 185 1725 277 1764; x_wconf 92' lang='lat' dir='ltr'>Non</span> <span class='ocrx_word' id='word_1_173' title='bbox 303 1728 446 1764; x_wconf 89' lang='lat' dir='ltr'>tamen</span> <span class='ocrx_word' id='word_1_174' title='bbox 473 1725 705 1765; x_wconf 87' lang='lat' dir='ltr'>novitatem</span> <span class='ocrx_word' id='word_1_175' title='bbox 732 1725 868 1765; x_wconf 90' lang='lat' dir='ltr'>solum</span> <span class='ocrx_word' id='word_1_176' title='bbox 897 1727 1144 1773; x_wconf 84' lang='lat' dir='ltr'>assectatur,</span> <span class='ocrx_word' id='word_1_177' title='bbox 1168 1723 1254 1773; x_wconf 87' lang='lat' dir='ltr'>sed,</span> <span class='ocrx_word' id='word_1_178' title='bbox 1278 1722 1394 1775; x_wconf 87' lang='lat' dir='ltr'>quod</span> <span class='ocrx_word' id='word_1_179' title='bbox 1414 1735 1533 1775; x_wconf 85' lang='lat' dir='ltr'>aeque</span> <span class='ocrx_word' id='word_1_180' title='bbox 1554 1722 1641 1762; x_wconf 84' lang='lat' dir='ltr'>vul-</span> 
     </span>
     <span class='ocr_line' id='line_1_25' title="bbox 129 1787 1640 1842; baseline -0.001 -14"><span class='ocrx_word' id='word_1_181' title='bbox 129 1789 251 1842; x_wconf 81' lang='lat' dir='ltr'>garia</span> <span class='ocrx_word' id='word_1_182' title='bbox 274 1793 316 1829; x_wconf 87' lang='lat' dir='ltr'>et</span> <span class='ocrx_word' id='word_1_183' title='bbox 339 1789 567 1829; x_wconf 88' lang='lat' dir='ltr'>mediocria</span> <span class='ocrx_word' id='word_1_184' title='bbox 592 1789 799 1830; x_wconf 87' lang='lat' dir='ltr'>delectare</span> <span class='ocrx_word' id='word_1_185' title='bbox 821 1789 927 1829; x_wconf 89' lang='lat' dir='ltr'>solet</span> <span class='ocrx_word' id='word_1_186' title='bbox 957 1788 1141 1841; x_wconf 89' lang='lat' dir='ltr'>ingenia,</span> <span class='ocrx_word' id='word_1_187' title='bbox 1170 1787 1474 1827; x_wconf 84' lang='lat' dir='ltr'>difficultatem.</span> <span class='ocrx_word' id='word_1_188' title='bbox 1498 1788 1640 1840; x_wconf 88' lang='lat' dir='ltr'>Neque</span> 
     </span>
     <span class='ocr_line' id='line_1_26' title="bbox 131 1852 1639 1908; baseline -0.001 -15"><span class='ocrx_word' id='word_1_189' title='bbox 131 1853 206 1893; x_wconf 88' lang='lat' dir='ltr'>illa</span> <span class='ocrx_word' id='word_1_190' title='bbox 225 1854 360 1907; x_wconf 89' lang='lat' dir='ltr'>magis</span> <span class='ocrx_word' id='word_1_191' title='bbox 379 1854 585 1906; x_wconf 89' lang='lat' dir='ltr'>gloriatur</span> <span class='ocrx_word' id='word_1_192' title='bbox 604 1867 732 1908; x_wconf 88' lang='lat' dir='ltr'>quam</span> <span class='ocrx_word' id='word_1_193' title='bbox 751 1854 984 1907; x_wconf 77' lang='lat' dir='ltr'>haczquasi</span> <span class='ocrx_word' id='word_1_194' title='bbox 998 1853 1262 1893; x_wconf 90' lang='lat' dir='ltr'>laudandum</span> <span class='ocrx_word' id='word_1_195' title='bbox 1282 1852 1324 1891; x_wconf 90' lang='lat' dir='ltr'>id</span> <span class='ocrx_word' id='word_1_196' title='bbox 1346 1865 1422 1905; x_wconf 90' lang='lat' dir='ltr'>per</span> <span class='ocrx_word' id='word_1_197' title='bbox 1439 1864 1481 1892; x_wconf 87' lang='lat' dir='ltr'>se</span> <span class='ocrx_word' id='word_1_198' title='bbox 1501 1852 1639 1904; x_wconf 90' lang='lat' dir='ltr'>ipsum</span> 
     </span>
     <span class='ocr_line' id='line_1_27' title="bbox 128 1916 1640 1972; baseline -0.001 -14"><span class='ocrx_word' id='word_1_199' title='bbox 128 1918 199 1967; x_wconf 82' lang='lat' dir='ltr'>sit,</span> <span class='ocrx_word' id='word_1_200' title='bbox 213 1931 302 1958; x_wconf 91' lang='lat' dir='ltr'>rem</span> <span class='ocrx_word' id='word_1_201' title='bbox 320 1931 448 1972; x_wconf 89' lang='lat' dir='ltr'>quam</span> <span class='ocrx_word' id='word_1_202' title='bbox 469 1920 640 1959; x_wconf 87' lang='lat' dir='ltr'>minime</span> <span class='ocrx_word' id='word_1_203' title='bbox 661 1920 846 1959; x_wconf 88' lang='lat' dir='ltr'>numeris</span> <span class='ocrx_word' id='word_1_204' title='bbox 867 1919 1231 1959; x_wconf 86' lang='lat' dir='ltr'>accommodatam</span> <span class='ocrx_word' id='word_1_205' title='bbox 1252 1917 1296 1957; x_wconf 92' lang='lat' dir='ltr'>in</span> <span class='ocrx_word' id='word_1_206' title='bbox 1316 1929 1513 1957; x_wconf 89' lang='lat' dir='ltr'>numeros</span> <span class='ocrx_word' id='word_1_207' title='bbox 1533 1916 1640 1956; x_wconf 90' lang='lat' dir='ltr'>redi-</span> 
     </span>
     <span class='ocr_line' id='line_1_28' title="bbox 129 1981 1631 2037; baseline -0.001 -14"><span class='ocrx_word' id='word_1_208' title='bbox 129 1995 244 2036; x_wconf 81' lang='lat' dir='ltr'>gere,</span> <span class='ocrx_word' id='word_1_209' title='bbox 267 1984 464 2037; x_wconf 90' lang='lat' dir='ltr'>quodque</span> <span class='ocrx_word' id='word_1_210' title='bbox 491 1984 628 2037; x_wconf 89' lang='lat' dir='ltr'>poesis</span> <span class='ocrx_word' id='word_1_211' title='bbox 649 1997 844 2037; x_wconf 86' lang='lat' dir='ltr'>respuere</span> <span class='ocrx_word' id='word_1_212' title='bbox 870 1984 1052 2032; x_wconf 91' lang='lat' dir='ltr'>videtur,</span> <span class='ocrx_word' id='word_1_213' title='bbox 1075 1983 1120 2023; x_wconf 91' lang='lat' dir='ltr'>in</span> <span class='ocrx_word' id='word_1_214' title='bbox 1142 1983 1302 2035; x_wconf 86' lang='lat' dir='ltr'>poesim</span> <span class='ocrx_word' id='word_1_215' title='bbox 1330 1982 1373 2022; x_wconf 92' lang='lat' dir='ltr'>id</span> <span class='ocrx_word' id='word_1_216' title='bbox 1398 1981 1631 2022; x_wconf 87' lang='lat' dir='ltr'>intrudere.</span> 
     </span>
     <span class='ocr_line' id='line_1_29' title="bbox 129 2047 1673 2102; baseline -0.001 -14"><span class='ocrx_word' id='word_1_217' title='bbox 129 2048 184 2088; x_wconf 88' lang='lat' dir='ltr'>At</span> <span class='ocrx_word' id='word_1_218' title='bbox 202 2051 350 2088; x_wconf 85' lang='lat' dir='ltr'>contra</span> <span class='ocrx_word' id='word_1_219' title='bbox 369 2048 471 2088; x_wconf 91' lang='lat' dir='ltr'>mihi</span> <span class='ocrx_word' id='word_1_220' title='bbox 492 2049 670 2097; x_wconf 86' lang='lat' dir='ltr'>videtur,</span> <span class='ocrx_word' id='word_1_221' title='bbox 692 2050 766 2102; x_wconf 90' lang='lat' dir='ltr'>qui</span> <span class='ocrx_word' id='word_1_222' title='bbox 785 2049 893 2089; x_wconf 92' lang='lat' dir='ltr'>hanc</span> <span class='ocrx_word' id='word_1_223' title='bbox 911 2049 1145 2102; x_wconf 91' lang='lat' dir='ltr'>principem</span> <span class='ocrx_word' id='word_1_224' title='bbox 1163 2047 1242 2087; x_wconf 89' lang='lat' dir='ltr'>sibi</span> <span class='ocrx_word' id='word_1_225' title='bbox 1260 2047 1430 2087; x_wconf 89' lang='lat' dir='ltr'>laudem</span> <span class='ocrx_word' id='word_1_226' title='bbox 1450 2050 1637 2098; x_wconf 78' lang='lat' dir='ltr'>arrogat,</span> <span class='ocrx_word' id='word_1_227' title='bbox 1670 2095 1673 2097; x_wconf 79' lang='lat'>.</span> 
     </span>
     <span class='ocr_line' id='line_1_30' title="bbox 132 2111 1640 2166; baseline -0.001 -14"><span class='ocrx_word' id='word_1_228' title='bbox 132 2113 319 2153; x_wconf 88' lang='lat' dir='ltr'>nascenti</span> <span class='ocrx_word' id='word_1_229' title='bbox 344 2112 405 2152; x_wconf 91' lang='lat' dir='ltr'>illi</span> <span class='ocrx_word' id='word_1_230' title='bbox 429 2126 514 2153; x_wconf 90' lang='lat' dir='ltr'>non</span> <span class='ocrx_word' id='word_1_231' title='bbox 542 2117 627 2153; x_wconf 88' lang='lat' dir='ltr'>tam</span> <span class='ocrx_word' id='word_1_232' title='bbox 655 2113 790 2153; x_wconf 85' lang='lat' dir='ltr'>ullum</span> <span class='ocrx_word' id='word_1_233' title='bbox 821 2114 1001 2153; x_wconf 85' lang='lat' dir='ltr'>adfuisse</span> <span class='ocrx_word' id='word_1_234' title='bbox 1029 2113 1241 2166; x_wconf 91' lang='lat' dir='ltr'>poeticum</span> <span class='ocrx_word' id='word_1_235' title='bbox 1269 2113 1451 2164; x_wconf 83' lang='lat' dir='ltr'>signum,</span> <span class='ocrx_word' id='word_1_236' title='bbox 1473 2111 1640 2164; x_wconf 86' lang='lat' dir='ltr'>Cephea</span> 
     </span>
     <span class='ocr_line' id='line_1_31' title="bbox 128 2176 1639 2231; baseline -0.001 -14"><span class='ocrx_word' id='word_1_237' title='bbox 128 2181 206 2217; x_wconf 80' lang='lat' dir='ltr'>aut</span> <span class='ocrx_word' id='word_1_238' title='bbox 225 2178 435 2228; x_wconf 89' lang='lat' dir='ltr'>Geminos,</span> <span class='ocrx_word' id='word_1_239' title='bbox 459 2191 586 2231; x_wconf 89' lang='lat' dir='ltr'>quam</span> <span class='ocrx_word' id='word_1_240' title='bbox 607 2178 717 2218; x_wconf 91' lang='lat' dir='ltr'>idem</span> <span class='ocrx_word' id='word_1_241' title='bbox 738 2178 844 2219; x_wconf 91' lang='lat' dir='ltr'>illud</span> <span class='ocrx_word' id='word_1_242' title='bbox 864 2178 982 2230; x_wconf 89' lang='lat' dir='ltr'>cujus</span> <span class='ocrx_word' id='word_1_243' title='bbox 1008 2177 1163 2218; x_wconf 88' lang='lat' dir='ltr'>virtute</span> <span class='ocrx_word' id='word_1_244' title='bbox 1187 2177 1441 2217; x_wconf 86' lang='lat' dir='ltr'>informatus</span> <span class='ocrx_word' id='word_1_245' title='bbox 1460 2176 1639 2216; x_wconf 86' lang='lat' dir='ltr'>circula-</span> 
     </span>
     <span class='ocr_line' id='line_1_32' title="bbox 131 2242 371 2296; baseline 0 -14"><span class='ocrx_word' id='word_1_246' title='bbox 131 2245 199 2282; x_wconf 83' lang='lat' dir='ltr'>tor</span> <span class='ocrx_word' id='word_1_247' title='bbox 217 2242 371 2296; x_wconf 88' lang='lat' dir='ltr'>aliquis</span> 
     </span>
    </p>
   </div>
   <div class='ocr_carea' id='block_1_5' title="bbox 320 2318 1203 2367">
    <p class='ocr_par' dir='ltr' id='par_1_7' title="bbox 320 2318 1203 2367">
     <span class='ocr_line' id='line_1_33' title="bbox 320 2318 1203 2367; baseline 0 -11"><span class='ocrx_word' id='word_1_248' title='bbox 320 2319 432 2356; x_wconf 86' lang='lat' dir='ltr'>Certa</span> <span class='ocrx_word' id='word_1_249' title='bbox 450 2331 518 2367; x_wconf 88' lang='lat' dir='ltr'>per</span> <span class='ocrx_word' id='word_1_250' title='bbox 534 2321 710 2357; x_wconf 83' lang='lat' dir='ltr'>extentos</span> <span class='ocrx_word' id='word_1_251' title='bbox 729 2320 844 2356; x_wconf 92' lang='lat' dir='ltr'>ducet</span> <span class='ocrx_word' id='word_1_252' title='bbox 863 2319 1024 2367; x_wconf 86' lang='lat' dir='ltr'>vestigia</span> <span class='ocrx_word' id='word_1_253' title='bbox 1041 2318 1155 2356; x_wconf 87' lang='lat' dir='ltr'>funes</span> <span class='ocrx_word' id='word_1_254' title='bbox 1174 2319 1203 2356; x_wconf 57' lang='grc' dir='ltr'>Β.</span> 
     </span>
    </p>
   </div>
   <div class='ocr_carea' id='block_1_6' title="bbox 130 2421 1637 2672">
    <p class='ocr_par' dir='ltr' id='par_1_8' title="bbox 130 2421 1637 2672">
     <span class='ocr_line' id='line_1_34' title="bbox 182 2421 1636 2478; baseline -0.003 -13"><span class='ocrx_word' id='word_1_255' title='bbox 182 2425 333 2466; x_wconf 86' lang='lat' dir='ltr'>Nostro</span> <span class='ocrx_word' id='word_1_256' title='bbox 348 2425 480 2466; x_wconf 89' lang='lat' dir='ltr'>silicet</span> <span class='ocrx_word' id='word_1_257' title='bbox 496 2425 602 2466; x_wconf 90' lang='lat' dir='ltr'>nihil</span> <span class='ocrx_word' id='word_1_258' title='bbox 620 2438 719 2465; x_wconf 83' lang='lat' dir='ltr'>sane</span> <span class='ocrx_word' id='word_1_259' title='bbox 741 2430 904 2466; x_wconf 89' lang='lat' dir='ltr'>tantum</span> <span class='ocrx_word' id='word_1_260' title='bbox 923 2425 1075 2478; x_wconf 88' lang='lat' dir='ltr'>placet,</span> <span class='ocrx_word' id='word_1_261' title='bbox 1088 2437 1216 2478; x_wconf 90' lang='lat' dir='ltr'>quam</span> <span class='ocrx_word' id='word_1_262' title='bbox 1231 2423 1345 2477; x_wconf 90' lang='lat' dir='ltr'>quod</span> <span class='ocrx_word' id='word_1_263' title='bbox 1358 2421 1636 2476; x_wconf 87' lang='lat' dir='ltr'>asperrimam</span> 
     </span>
     <span class='ocr_line' id='line_1_35' title="bbox 130 2488 1636 2544; baseline -0.002 -15"><span class='ocrx_word' id='word_1_264' title='bbox 130 2501 219 2530; x_wconf 81' lang='lat' dir='ltr'>rem</span> <span class='ocrx_word' id='word_1_265' title='bbox 249 2490 561 2544; x_wconf 85' lang='lat' dir='ltr'>absurdamque</span> <span class='ocrx_word' id='word_1_266' title='bbox 589 2495 631 2531; x_wconf 92' lang='lat' dir='ltr'>et</span> <span class='ocrx_word' id='word_1_267' title='bbox 656 2503 807 2544; x_wconf 86' lang='lat' dir='ltr'>parum</span> <span class='ocrx_word' id='word_1_268' title='bbox 837 2490 1078 2532; x_wconf 85' lang='lat' dir='ltr'>credibilem</span> <span class='ocrx_word' id='word_1_269' title='bbox 1109 2489 1366 2542; x_wconf 84' lang='lat' dir='ltr'>aggreditur.</span> <span class='ocrx_word' id='word_1_270' title='bbox 1396 2488 1528 2535; x_wconf 88' lang='lat' dir='ltr'>Quam</span> <span class='ocrx_word' id='word_1_271' title='bbox 1562 2499 1636 2527; x_wconf 89' lang='lat' dir='ltr'>su-</span> 
     </span>
     <span class='ocr_line' id='line_1_36' title="bbox 130 2554 1637 2608; baseline -0.002 -14"><span class='ocrx_word' id='word_1_272' title='bbox 130 2554 258 2606; x_wconf 87' lang='lat' dir='ltr'>perbe</span> <span class='ocrx_word' id='word_1_273' title='bbox 277 2555 389 2595; x_wconf 86' lang='lat' dir='ltr'>enim</span> <span class='ocrx_word' id='word_1_274' title='bbox 409 2568 459 2595; x_wconf 87' lang='lat' dir='ltr'>ea</span> <span class='ocrx_word' id='word_1_275' title='bbox 477 2555 637 2597; x_wconf 88' lang='lat' dir='ltr'>fastidit</span> <span class='ocrx_word' id='word_1_276' title='bbox 663 2555 894 2608; x_wconf 89' lang='lat' dir='ltr'>ceterisque</span> <span class='ocrx_word' id='word_1_277' title='bbox 914 2555 1128 2608; x_wconf 90' lang='lat' dir='ltr'>relinquit,</span> <span class='ocrx_word' id='word_1_278' title='bbox 1151 2567 1247 2608; x_wconf 84' lang='lat' dir='ltr'>quae</span> <span class='ocrx_word' id='word_1_279' title='bbox 1268 2558 1422 2594; x_wconf 90' lang='lat' dir='ltr'>natura</span> <span class='ocrx_word' id='word_1_280' title='bbox 1441 2565 1527 2593; x_wconf 90' lang='lat' dir='ltr'>non</span> <span class='ocrx_word' id='word_1_281' title='bbox 1547 2564 1637 2592; x_wconf 87' lang='lat' dir='ltr'>car-</span> 
     </span>
     <span class='ocr_line' id='line_1_37' title="bbox 131 2617 508 2672; baseline 0.008 -14"><span class='ocrx_word' id='word_1_282' title='bbox 131 2617 235 2658; x_wconf 87' lang='lat' dir='ltr'>mini</span> <span class='ocrx_word' id='word_1_283' title='bbox 253 2622 508 2672; x_wconf 77' lang='lat' dir='ltr'>repugnanti</span> 
     </span>
    </p>
   </div>
   <div class='ocr_carea' id='block_1_7' title="bbox 319 2701 1298 2805">
    <p class='ocr_par' dir='ltr' id='par_1_9' title="bbox 319 2701 1298 2805">
     <span class='ocr_line' id='line_1_38' title="bbox 524 2701 1293 2747; baseline -0.001 -8.076"><span class='ocrx_word' id='word_1_284' title='bbox 524 2702 647 2739; x_wconf 88' lang='lat' dir='ltr'>Facile</span> <span class='ocrx_word' id='word_1_285' title='bbox 664 2706 724 2740; x_wconf 93' lang='lat' dir='ltr'>est</span> <span class='ocrx_word' id='word_1_286' title='bbox 739 2702 863 2739; x_wconf 86' lang='lat' dir='ltr'>ventis</span> <span class='ocrx_word' id='word_1_287' title='bbox 884 2703 975 2739; x_wconf 89' lang='lat' dir='ltr'>dare</span> <span class='ocrx_word' id='word_1_288' title='bbox 994 2703 1078 2740; x_wconf 86' lang='lat' dir='ltr'>vela</span> <span class='ocrx_word' id='word_1_289' title='bbox 1101 2701 1293 2747; x_wconf 87' lang='lat' dir='ltr'>secundis,</span> 
     </span>
     <span class='ocr_line' id='line_1_39' title="bbox 319 2753 1298 2805; baseline 0.001 -15"><span class='ocrx_word' id='word_1_290' title='bbox 319 2753 616 2802; x_wconf 87' lang='lat' dir='ltr'>Fecundumque</span> <span class='ocrx_word' id='word_1_291' title='bbox 637 2756 762 2792; x_wconf 90' lang='lat' dir='ltr'>solum</span> <span class='ocrx_word' id='word_1_292' title='bbox 782 2756 907 2793; x_wconf 87' lang='lat' dir='ltr'>varias</span> <span class='ocrx_word' id='word_1_293' title='bbox 926 2756 1072 2805; x_wconf 83' lang='lat' dir='ltr'>agitare</span> <span class='ocrx_word' id='word_1_294' title='bbox 1093 2766 1162 2803; x_wconf 86' lang='lat' dir='ltr'>per</span> <span class='ocrx_word' id='word_1_295' title='bbox 1183 2757 1298 2799; x_wconf 87' lang='lat' dir='ltr'>artes,</span> 
     </span>
    </p>
   </div>
   <div class='ocr_carea' id='block_1_8' title="bbox 171 2863 837 2952">
    <p class='ocr_par' dir='ltr' id='par_1_10' title="bbox 171 2863 837 2952">
     <span class='ocr_line' id='line_1_40' title="bbox 173 2863 837 2905; baseline 0.006 -9"><span class='ocrx_word' id='word_1_296' title='bbox 173 2864 204 2896; x_wconf 77' lang='lat'>1.</span> <span class='ocrx_word' id='word_1_297' title='bbox 224 2863 340 2905; x_wconf 58' lang='lat' dir='ltr'>Lucra,</span> <span class='ocrx_word' id='word_1_298' title='bbox 360 2864 404 2897; x_wconf 85' lang='lat' dir='ltr'>de</span> <span class='ocrx_word' id='word_1_299' title='bbox 425 2865 508 2898; x_wconf 87' lang='lat' dir='ltr'>Nat.</span> <span class='ocrx_word' id='word_1_300' title='bbox 531 2875 615 2905; x_wconf 68' lang='lat' dir='ltr'>rer„</span> <span class='ocrx_word' id='word_1_301' title='bbox 636 2867 662 2905; x_wconf 87' lang='lat'>1,</span> <span class='ocrx_word' id='word_1_302' title='bbox 684 2868 837 2901; x_wconf 74' lang='lat'>915-927.</span> 
     </span>
     <span class='ocr_line' id='line_1_41' title="bbox 171 2909 532 2952; baseline 0.014 -11"><span class='ocrx_word' id='word_1_303' title='bbox 171 2910 204 2941; x_wconf 82' lang='lat'>2.</span> <span class='ocrx_word' id='word_1_304' title='bbox 224 2909 378 2950; x_wconf 69' lang='lat' dir='ltr'>Astron„</span> <span class='ocrx_word' id='word_1_305' title='bbox 397 2911 438 2952; x_wconf 81' lang='lat' dir='ltr'>V,</span> <span class='ocrx_word' id='word_1_306' title='bbox 459 2914 532 2946; x_wconf 76' lang='lat'>654.</span> 
     </span>
    </p>
   </div>
  </div>
 </body>
</html>
