1910 3250
4 1307 12 1321 ·
0 1087 35 1294 φεμ
6 1035 32 1069 .·“
19 995 33 1002 2
7 831 36 863 ι*

44 1295 46 1297 ,
39 1185 58 1193 ζ
39 1083 55 1129 '1⁴2
39 1025 43 1028 ’
39 943 41 945 ’
38 908 39 911 Α
48 860 53 862 ’
43 836 52 841 ’

269 446 413 497 Neque
446 456 543 484 vero
579 443 772 482 mortales
809 442 973 492 divinis,
1008 443 1054 481 ut
1085 441 1146 480 ait
1177 445 1314 492 poeta,
1348 439 1503 479 visibus
1529 451 1644 490 prae-

166 516 278 557 ditos
319 516 492 555 lustrare
529 512 684 552 diutius
719 524 822 563 opus
857 512 952 550 erit:
994 523 1084 550 eum
1119 510 1239 558 enim,
1280 521 1398 559 quem
1431 509 1474 547 in
1506 510 1645 559 partes

166 596 312 625 vocare
345 583 535 632 volemus,
571 583 648 620 iam
676 580 944 632 deprehendit
973 579 1022 619 G.
1050 579 1102 618 V.
1132 578 1308 617 Vossius
1335 577 1646 628 deprehensum-

166 665 244 705 qne
273 652 455 693 ostendit
480 652 523 690 in
551 652 672 700 libro,
702 650 770 700 qui
799 650 1039 688 inscribitur
1067 649 1116 687 de
1146 647 1355 697 theologia
1383 645 1543 696 gentili,
1570 657 1643 696 po-

130 775 131 778 *
169 733 270 763 nens
297 733 384 772 cap.
403 719 493 760 XII
503 735 512 759 :
540 724 726 771 apertum
754 731 840 758 esse
869 719 910 756 in
939 719 1016 757 fine
1045 717 1142 756 libri
1162 716 1223 754 IV
1251 717 1302 755 ab
1322 715 1646 754 Astronomioon

166 794 331 831 auctore
372 790 617 841 apotheosin
651 788 834 838 Augusti
875 800 949 838 per
984 786 1239 825 Tiberium
1279 786 1426 823 factam
1460 784 1646 833 indicari,

165 858 422 910 eiusdemque
451 859 502 898 ad
528 859 636 897 hunc
663 857 795 896 locum
815 856 1014 907 principis
1034 855 1264 894 memoriam
1283 853 1567 892 Lachmannus
1587 864 1647 891 re-

167 929 342 978 vocavit,
370 940 458 967 cum
483 928 526 966 in
554 927 695 966 libello
725 925 954 964 academico
984 925 1198 963 fateretur:
1230 922 1391 972 „Homo
1421 921 1520 960 facit
1547 921 1645 960 deos

167 1001 210 1039 et
236 997 400 1036 numina
427 997 556 1036 mittit
574 996 625 1034 ad
644 995 811 1043 caelum,
840 1007 981 1044 nempe
1000 1006 1060 1043 ea,
1090 1005 1191 1042 quae
1210 993 1244 1041 I,
1265 994 1339 1032 756
1359 991 1459 1030 dicit
1477 991 1647 1040 dignata

167 1067 332 1107 numina
371 1066 497 1105 caelo.
563 1065 746 1103 Possunt
785 1064 885 1102 haec
923 1062 1111 1114 pluribus
1152 1062 1283 1100 modis
1324 1060 1533 1110 intellegi,
1577 1049 1658 1098 sed⁴

168 1135 334 1186 optime,
370 1135 412 1173 ni
440 1135 576 1180 fallor,
611 1135 797 1172 docemus
827 1133 1036 1171 Tiberium
1063 1132 1194 1170 facere
1222 1131 1334 1181 deOS,
1361 1131 1410 1169 de
1440 1142 1519 1180 quo
1554 1129 1646 1168 Vel-

140 1203 269 1257 ,leius
305 1204 379 1256 (ΙΙ,
417 1205 526 1253 126);
563 1202 776 1253 „Sacravit
802 1206 1012 1252 parentem
1041 1213 1156 1240 suum
1186 1200 1335 1240 Caesar
1363 1212 1446 1238 non
1475 1199 1645 1242 imperio
1690 1208 1692 1211 ·

167 1273 239 1312 sed
278 1273 490 1324 religione,
531 1285 614 1310 non
655 1271 882 1321 appellavit
925 1271 993 1309 sed
1036 1271 1159 1309 fecit
1199 1269 1417 1318 deum“.⁸)
1481 1267 1648 1307 Scilicet

165 1343 399 1394 Augustum
427 1342 617 1380 Tiberius
652 1342 770 1380 deum
805 1341 902 1379 fecit
935 1352 1064 1389 eoque
1100 1340 1143 1377 in
1171 1339 1283 1377 caelo
1312 1339 1536 1388 imperante
1565 1348 1648 1375 cre·

11 1400 23 1415 ²
67 1418 70 1419 ’
111 1457 113 1463 A
167 1412 246 1451 seit
271 1412 440 1451 deorum
467 1422 655 1450 numerus
675 1410 842 1448 Tiberio
872 1409 1122 1458 caeterisque
1141 1408 1319 1458 posteris
1340 1407 1438 1445 olim
1457 1406 1646 1446 caelitum

166 1481 303 1521 coetui
329 1480 589 1520 accessuris“.

269 1549 326 1589 Et
351 1550 451 1588 haec
480 1549 643 1599 quidem
661 1548 975 1594 clarissimorum
1003 1544 1183 1586 virorum
1213 1546 1356 1596 opinio
1384 1558 1458 1596 per
1486 1557 1527 1584 se
1556 1546 1647 1595 ipsa

113 1655 116 1659 .
165 1630 313 1669 genere
347 1618 674 1658 testimoniorum
709 1619 792 1656 stat
817 1617 940 1667 plane
968 1617 1122 1665 eodem,
1159 1628 1238 1666 quo
1270 1627 1370 1665 quae
1399 1617 1463 1654 est
1488 1615 1538 1654 de
1570 1614 1646 1654 Oc-

164 1687 332 1728 taviano
368 1687 529 1738 quidem
554 1687 724 1726 deorum
751 1690 946 1724 creatore.
1000 1684 1215 1724 Accedunt
1242 1690 1376 1724 autem
1403 1697 1491 1724 cum
1521 1685 1646 1740 omni-

164 1757 254 1807 bus,
288 1757 338 1796 de
374 1756 521 1806 quibus
557 1756 658 1795 haec
691 1755 876 1804 quaestio
905 1759 979 1803 est,
1015 1754 1117 1792 locis
1145 1757 1230 1792 tum
1258 1759 1439 1793 extremo
1468 1754 1510 1792 in
1538 1754 1646 1792 libro

167 1829 314 1876 quarto
348 1825 510 1874 aliquot
544 1824 740 1874 subsidia,
775 1824 920 1873 quibus
953 1823 1102 1861 iunctis
1134 1819 1268 1862 ‘altera
1303 1824 1446 1874 opinio
1476 1823 1646 1862 alteram

170 1898 346 1945 superat.
402 1893 540 1942 Quid?
595 1893 776 1942 Tacitus,
813 1892 1156 1942 locupletissimus
1192 1893 1263 1932 ille
1298 1897 1452 1941 auctor,
1494 1892 1645 1942 adepto

168 1962 270 2002 caeli
318 1962 532 2013 imperium
572 1963 765 2012 Augusto
808 1974 943 2000 nonne
984 1961 1220 2001 confirmare
1261 1966 1401 2012 potest
1442 1962 1648 2000 numinum

169 2030 344 2082 indeque
378 2032 587 2071 stellarum
615 2043 821 2070 numerum
849 2030 1048 2070 crevisse?
1105 2031 1196 2079 Quo
1225 2032 1411 2070 tradente
1441 2031 1648 2070 Tiberium

169 2113 206 2139 a.
224 2099 277 2139 U.
301 2102 377 2140 770
405 2101 624 2139 sacrarium
651 2101 751 2138 toti
779 2101 892 2150 genti
913 2099 1050 2138 Juliae
1076 2100 1290 2150 dicavisse,
1321 2101 1649 2150 quandoquidem

171 2173 314 2208 nostra
342 2169 384 2208 in
414 2170 652 2219 quaestione
672 2168 974 2217 astrologorum
993 2169 1098 2207 ratio
1118 2169 1335 2219 plurimum
1355 2171 1476 2220 valet,
1505 2175 1647 2208 nostro

171 2237 259 2277 iure
299 2238 530 2288 colligimus
572 2251 655 2277 non
690 2237 812 2276 modo
850 2236 1037 2276 Caesaris
1070 2238 1346 2288 Augustique,
1389 2239 1458 2277 sed
1493 2239 1647 2278 animas

167 2295 377 2347 -Juliorum
415 2308 591 2346 omnium
625 2308 739 2347 velut
771 2307 891 2346 Lucii
926 2312 966 2346 et
1003 2307 1110 2358 Gaii,
1152 2308 1264 2346 illius
1299 2308 1486 2355 filiorum,
1532 2308 1647 2357 quasi

170 2376 335 2414 numina
367 2377 542 2415 aeternis
578 2377 778 2416 sideribus
814 2389 901 2415 esse
935 2377 1280 2427 commendatasfl)
1323 2377 1487 2416 Verum
1514 2381 1648 2416 tamen

171 2443 381 2484 Tiberium
420 2446 617 2484 humanae
659 2446 890 2484 divinitatis
932 2447 1156 2496 exemplum
1196 2450 1290 2485 ante
1327 2447 1468 2485 oculos
1501 2450 1648 2496 poetae

174 2513 300 2552 fuisse
329 2515 438 2563 quod
466 2515 702 2564 iudicamus,
730 2515 780 2554 iis
809 2519 966 2554 tantum
993 2528 1142 2554 morem
1171 2515 1360 2565 gerimus,
1389 2516 1457 2565 qui
1486 2518 1648 2554 natura-

170 2581 250 2621 lem
278 2583 432 2622 numeri
458 2584 629 2634 pluralis
657 2585 739 2623 vim
767 2584 842 2634 IV,
871 2586 948 2623 934
973 2584 1101 2623 deleri
1131 2585 1275 2623 nolint.

277 2749 306 2794 8)
332 2749 406 2787 cfr.
430 2750 525 2787 Plin.
549 2751 689 2798 Paneg.
716 2762 747 2787 c.
775 2752 828 2786 11.
891 2751 919 2796 ⁹)
946 2752 1009 2787 Ad
1034 2753 1129 2788 haec
1152 2764 1223 2788 non
1250 2753 1327 2788 sine
1353 2751 1470 2787 fructu
1496 2762 1645 2797 compa-

173 2807 301 2842 rantur
325 2818 382 2852 ea,
404 2818 499 2854 quae
522 2807 723 2844 Henzenus
748 2808 784 2842 in
810 2809 904 2844 actis
930 2809 1033 2845 fratr.
1074 2811 1200 2847 Arval.
1226 2822 1263 2857 p.
1289 2811 1365 2846 148.
1395 2811 1463 2846 949
1489 2810 1534 2845 de
1561 2821 1645 2849 eon-

174 2864 383 2901 secratione
406 2865 668 2914 imperatorum
694 2865 878 2913 exposuit.
