1930 3320
937 248 1210 286 ..30—

334 368 510 424 pluralis
568 366 894 422 pronuntiantur
938 368 1030 418 quffs
1076 367 1180 408 locis
1227 368 1319 408 his:
1371 369 1391 409 I
1437 371 1530 411 377.
1576 371 1669 411 448.
1714 371 1808 411 488.

335 436 380 476 II
415 437 503 475 161.
536 436 629 475 455.
688 433 754 474 III
786 435 865 474 300
903 432 976 488 (ex
1007 435 1287 490 coniectura);
1332 438 1407 477 511
1453 436 1578 490 (coni.
1607 437 1807 486 Iacobum

338 504 421 555 ρας
444 501 649 553 GOV1M,
683 501 808 553 Quiqc,
837 501 919 550 V2;
965 502 1080 554 Quiq.
1103 502 1151 553 L,
1184 503 1236 544 ab
1258 504 1392 545 altera
1411 518 1540 545 manu
1572 508 1808 546 correctum

335 570 378 610 in
411 567 525 623 Quo).
583 568 646 609 IV
678 570 768 610 133.
829 568 870 610 V
901 571 936 610 2.
971 571 1064 610 281.
1095 572 1201 619 4753
1232 571 1334 612 item
1364 572 1612 624 quiscunque
1639 571 1684 612 II
1714 573 1808 615 337.

445 636 541 677 Hoc
578 637 672 677 loco
712 650 847 692 pauca
885 636 1036 677 addam
1083 637 1135 679 de
1180 639 1488 692 quantitate
1529 641 1545 680 z·
1582 640 1807 692 vocalis,

334 718 435 759 qua
470 703 681 745 dativus
713 705 1014 759 singularis
1048 707 1415 760 pronominum
1449 707 1808 763 personalium

337 771 593 826 conspicuus
626 775 703 823 est,
734 786 859 826 quam
889 772 1081 813 vocalem
1098 772 1299 814 Manilius
1328 788 1423 814 cum
1444 776 1693 830 plerumque
1715 788 1807 815 cor-

342 839 481 894 ripiat,
513 839 726 879 nonnullis
758 839 863 880 locis
901 839 1108 894 producit.
1154 840 1204 880 In
1234 840 1356 881 mihi
1386 841 1610 896 corripitur
1638 842 1655 882 i
1683 842 1808 884 finale

338 906 603 960 undeviginti
633 907 760 956 locis,
808 906 1055 961 producitur
1091 906 1113 947 I
1157 909 1260 956 120;
1297 908 1342 948 in
1371 908 1483 960 tibi,
1523 923 1618 950 cum
1657 909 1807 951 ultima

336 974 488 1028 viginti
510 973 674 1014 duobus
696 974 801 1014 locis
832 974 1095 1028 corripiatur,
1126 973 1375 1029 producitur
1403 975 1507 1016 locis
1528 975 1621 1017 his:
1651 976 1694 1017 II
1715 979 1808 1020 417.

337 1043 431 1082 448.
474 1041 543 1082 111
564 1043 658 1082 503.
702 1042 765 1083 IV
789 1043 882 1083 336.
934 1041 969 1081 V
993 1043 1086 1084 241.
1119 1044 1210 1082 592.
1274 1040 1358 1098 [ΠΙ
1379 1045 1459 1084 448
1491 1043 1603 1084 tibist
1624 1058 1810 1099 pronun-

338 1108 528 1149 tiandum
559 1107 660 1164 est];
708 1109 751 1149 in
791 1109 895 1150 sibi
931 1109 1088 1150 vocalis
1118 1109 1135 1149 v:
1165 1110 1314 1164 viginti
1349 1124 1432 1151 uno
1469 1111 1574 1152 locis
1616 1117 1810 1169 correpta

337 1175 583 1231 producitur
612 1176 634 1216 I
665 1177 731 1218 81.
765 1179 856 1218 240.
890 1177 983 1217 360.
1015 1178 1108 1218 630.
1141 1178 1235 1218 651.
1265 1178 1357 1220 821.
1382 1178 1476 1218 857.
1523 1178 1568 1219 ΙΙ
1590 1181 1683 1222 223.
1715 1182 1809 1223 606.

337 1246 429 1286 922.
476 1244 539 1285 IV
570 1245 651 1285 439
683 1243 890 1299 (sibimet).
922 1244 963 1284 V
993 1246 1059 1286 55.
1093 1246 1185 1285 496.

446 1311 498 1352 In
553 1312 818 1366 genetivis
871 1312 1035 1352 in-ius
1093 1312 1396 1354 cadentibus
1462 1315 1811 1369 pronominum

335 1379 442 1429 ille,
471 1379 584 1429 illa,
615 1379 767 1429 illud,
798 1380 922 1431 ipse,
952 1380 1079 1431 ipsa,
1109 1380 1273 1431 ipsum
1293 1381 1666 1435 poetaivocalem
1685 1383 1810 1424 modo

335 1447 528 1502 corripit,
573 1447 699 1488 modo
737 1447 944 1503 producit.
1012 1447 1062 1487 In
1108 1447 1254 1488 illius
1290 1449 1513 1504 corripitur
1555 1450 1573 1490 i
1614 1450 1684 1491 III
1716 1452 1809 1492 335.

331 1514 372 1555 V
409 1516 509 1562 4923
553 1514 802 1569 producitur
845 1515 888 1555 in
920 1515 1006 1555 arsi
1048 1515 1116 1555 III
1156 1517 1221 1556 92.
1287 1515 1338 1556 In
1374 1516 1506 1568 ipsius
1550 1518 1812 1573 paenultima

335 1583 562 1638 corripitur
591 1583 612 1622 I
644 1584 737 1623 420.
799 1582 863 1623 IV
893 1583 986 1623 336.

829 1704 868 1745 D
884 1719 907 1746 e
946 1706 1324 1748 numeralibus.

445 1785 496 1826 In
556 1784 715 1825 unius
768 1785 1015 1839 genetivo
1062 1786 1323 1840 paenultima
1377 1786 1502 1828 modo
1551 1787 1809 1842 producitur,

334 1852 462 1894 modo
496 1852 738 1908 corripitur:
771 1857 967 1908 correpta
1005 1857 1070 1894 est
1101 1854 1170 1894 ΙΙΙ
1201 1855 1296 1897 549.
1354 1853 1418 1895 IV
1448 1856 1552 1903 5523
1605 1855 1813 1910 producta

336 1921 379 1961 in
410 1921 522 1962 thesi
552 1920 598 1960 II
639 1921 733 1972 330,
780 1920 824 1960 in
855 1921 939 1961 arsi
974 1921 1019 1961 II
1061 1923 1123 1963 11.
1156 1923 1250 1963 566.
1315 1921 1383 1961 ΙΙΙ
1430 1923 1495 1964 25.
1533 1921 1597 1963 IV
1634 1924 1700 1965 34.
1764 1924 1816 1965 In

336 1988 496 2028 totius
533 1991 779 2028 constanter
820 1987 997 2043 produci
1032 1988 1049 2028 i
1086 1989 1279 2029 vocalem
1320 1988 1458 2030 obiter
1493 1992 1666 2039 monem
1715 2005 1814 2047 pro-

339 2055 507 2097 ducitur
552 2056 665 2097 enim
710 2056 754 2096 in
798 2056 913 2097 thesi
958 2056 980 2096 I
1021 2058 1112 2097 170.
1171 2056 1236 2096 IV
1268 2058 1363 2107 513,
1410 2057 1454 2097 in
1498 2058 1582 2099 arsi
1626 2058 1672 2099 II
1719 2060 1812 2101 321.

336 2124 377 2165 V
409 2126 502 2165 222.

452 2191 563 2233 Duo
593 2192 825 2234 numeralis
857 2192 1145 2233 accusativum
1175 2191 1401 2233 masculini
1422 2193 1592 2247 generis
1614 2193 1813 2236 Manilius

344 2260 476 2300 semel
508 2260 551 2300 in
574 2273 615 2300 -ο
647 2260 764 2301 exire
795 2274 947 2315 passus
980 2263 1045 2300 est
1074 2259 1120 2300 II
1146 2261 1221 2300 661
1257 2258 1335 2299 duo
1365 2272 1524 2300 cernere
1548 2260 1690 2313 pisces,
1722 2275 1816 2302 cum

343 2328 478 2369 tribus
508 2329 613 2369 loci-s
644 2328 744 2368 duos
773 2327 1048 2383 praetulerit:
1079 2326 1100 2366 I
1131 2328 1225 2368 633.
1264 2326 1309 2367 II
1332 2328 1423 2369 162.
1453 2326 1523 2367 III
1553 2329 1648 2368 610.
1683 2328 1815 2370 Prae-

341 2398 462 2436 terea
483 2395 739 2436 monendum
763 2399 868 2436 esto
889 2395 1014 2435 finale
1046 2394 1087 2434 in
1109 2393 1188 2434 duo
1218 2408 1242 2435 a
1270 2398 1400 2449 poeta
1429 2395 1683 2450 optimorum
1713 2410 1815 2452 poe-

341 2467 478 2504 tarum
509 2464 707 2519 exempla
739 2467 885 2504 secuto
917 2466 1161 2504 constanter
1193 2463 1358 2518 corripi.

802 2586 877 2628 De
909 2586 1156 2627 flexione
1187 2587 1351 2627 verbi.

454 2666 564 2707 Fere
587 2669 832 2706 constanter
850 2665 962 2720 apud
984 2665 1205 2706 Manilium
1228 2666 1391 2706 verba
1416 2679 1436 2707 c
1451 2665 1818 2708 ontrahuntur

341 2734 396 2775 in
425 2724 667 2789 perfecti
711 2737 759 2774 et
787 2732 1314 2788 plusquamperfecti
1346 2738 1394 2774 et
1423 2732 1731 2774 indicativo
1763 2737 1817 2775 et

343 2801 717 2854 coniunctivo,
757 2805 984 2860 praeterea
1022 2802 1073 2845 in
1115 2801 1296 2845 futuro
1339 2804 1525 2844 exacto
1565 2804 1617 2843 et
1655 2801 1706 2845 in
1749 2801 1817 2845 in-
