1936 3392
786 323 840 362 33

93 472 270 528 optimo
295 470 398 511 duce
421 483 467 510 ae
491 468 622 510 secuti
643 469 845 510 rationem
867 467 986 509 facile
1007 481 1209 523 saepeque
1232 465 1428 508 labuntur
1439 484 1450 515 ;
1469 467 1528 509 id-

113 563 192 604 que
219 546 283 589 vel
308 547 351 588 in
379 546 513 588 verbis
539 545 742 601 singulis,
772 550 820 587 ut
846 546 891 587 in
917 545 1153 601 synonymis
1180 560 1261 586 non
1290 550 1401 586 recte
1420 560 1528 586 com-

111 626 244 668 mistis
256 658 268 677 ,
287 625 351 667 vel
368 625 413 667 in
431 624 671 666 continuata
688 624 873 665 oratione
890 623 1094 675 cernitur,
1118 622 1216 664 dum
1236 622 1358 664 modo
1377 623 1527 678 figuras

111 721 193 748 non
205 708 314 747 recte
331 704 598 755 transferunt,
617 703 737 745 modo
754 703 1021 759 grammatica
1035 702 1233 744 licentius
1252 702 1526 744 abutuntur.’'

172 783 286 826 Haec
333 798 419 824 esse
469 783 570 824 vitia
616 782 814 824 sermonis
863 781 1041 823 hominis
1078 781 1286 837 peregrini
1319 786 1361 822 et
1411 781 1527 835 quasi

109 859 287 912 indicia,
338 859 488 915 quibus
537 859 728 916 cognosci
760 860 890 915 possit
928 875 951 900 a
983 858 1153 915 peritis,
1187 873 1269 901 non
1303 873 1524 914 negamus3

111 953 205 981 cum
247 942 383 980 tamen
426 938 594 979 innatus
636 937 705 979 ille
738 936 906 992 linguae
938 935 1096 992 patriae
1129 951 1272 978 sensus
1305 950 1439 991 neque
1473 936 1528 977 sit

110 1033 269 1076 semper
314 1022 399 1060 tam
450 1017 640 1059 excultus
685 1021 727 1058 et
758 1020 843 1058 tam
877 1020 1037 1068 certus,
1072 1016 1173 1071 quin
1207 1017 1370 1072 saepius
1403 1016 1525 1058 etiam

110 1095 284 1153 ingenui
314 1094 529 1146 labantur,
562 1109 697 1149 neque
729 1097 815 1135 tam
843 1094 983 1135 firmus
1007 1097 1048 1135 et
1070 1093 1258 1144 stabilis,
1285 1094 1385 1148 quin
1409 1093 1528 1136 lectis

109 1173 417 1230 peregrinorum
465 1173 707 1229 scriptorum
758 1171 950 1228 operibus
1001 1171 1146 1213 multis
1183 1187 1267 1212 non
1301 1186 1526 1227 numquam

109 1251 372 1303 obscuretur,
421 1266 505 1293 non
553 1265 655 1306 opus
707 1254 769 1291 est
823 1251 1073 1292 enumeratis
1123 1249 1282 1304 aliquot
1330 1250 1528 1306 exemplis

109 1330 182 1372 sed
235 1332 423 1371 accurate
478 1328 673 1370 instituta
729 1327 1003 1382 inquisitione
1057 1327 1099 1368 in
1133 1341 1253 1368 usum
1286 1327 1525 1384 scriptoris,

111 1413 393 1466 comparatum
427 1422 519 1450 cum
553 1407 725 1449 aliorum
759 1407 936 1462 scriptis.
995 1406 1092 1460 Quo
1114 1407 1370 1463 praemonito
1393 1423 1523 1450 recen·

113 1503 272 1532 scamus
322 1488 510 1544 exempla
557 1503 580 1528 a
627 1486 778 1529 Iacobo
827 1487 1001 1543 prolata.
1067 1489 1207 1542 Atque
1255 1487 1434 1544 primum
1478 1488 1525 1541 I,

115 1570 202 1612 469
221 1601 234 1620 ,
284 1567 355 1609 ubi
404 1571 527 1624 poeta
576 1567 695 1608 docet
727 1567 939 1622 signorum
973 1567 1124 1623 figuras
1161 1568 1315 1624 optime
1350 1568 1525 1610 discerni

111 1660 230 1702 posse
276 1645 376 1686 luna
415 1659 508 1686 cum
541 1644 663 1700 plena
701 1645 835 1686 niteat
868 1645 911 1686 in
945 1645 1080 1696 caelo,
1117 1645 1313 1700 quoniam
1347 1646 1530 1688 minores*

115 1725 258 1768 stellae
289 1729 379 1766 tum
412 1739 493 1766 non
526 1722 695 1765 turbent
727 1724 884 1766 visum:

237 1798 463 1854 Praecipue
496 1797 630 1840 medio
663 1813 756 1840 cum
789 1797 888 1839 luna
920 1797 1159 1855 implebitur
1192 1799 1313 1851 orbe,

237 1881 347 1918 certa
378 1876 510 1918 nitent
545 1876 722 1927 mundo;
757 1891 850 1918 cum
883 1875 982 1918 luna
1015 1877 1210 1919 conditur
1243 1892 1363 1920 omne

237 1954 449 1997 stellarum
482 1954 655 2010 vulgus,
689 1954 858 2010 fugiunt
890 1955 978 1996 sine
1011 1955 1175 1997 nomine
1209 1954 1369 2012 signa.'’

175 2032 289 2075 Illud
323 2031 486 2084 „medio
520 2047 613 2074 cum
646 2031 746 2074 luna
778 2031 1019 2089 implebitur
1051 2032 1177 2075 orbe'’
1207 2032 1359 2075 Iacobo
1382 2032 1525 2075 obscu-

112 2127 204 2155 rum
252 2117 293 2155 et
341 2111 533 2154 vitiosum
584 2111 760 2154 videtur.
828 2112 925 2154 Non
973 2127 1191 2168 repugno,
1239 2128 1335 2155 nam
1370 2112 1527 2154 librarii

113 2186 228 2243 lapsu
250 2187 447 2229 mendum
468 2186 644 2243 irrepsit.
710 2186 789 2228 Pro
813 2186 1042 2241 implebitur
1072 2187 1233 2244 legatur
1254 2188 1445 2242 impletur
1468 2188 1525 2230 in.

113 2265 195 2308 Hie
226 2264 429 2307 ablativus
461 2265 537 2306 loci
574 2265 695 2307 modo
728 2280 822 2307 cum
844 2266 1143 2322 praepositione
1167 2282 1190 2309 a
1212 2266 1387 2309 Manilio
1410 2267 1526 2324 poni-

112 2347 193 2396 tur,
226 2343 348 2386 modo
371 2343 443 2385 illa
460 2343 630 2394 omissa,
666 2343 727 2385 IV
757 2345 866 2386 744:
903 2344 1114 2401 „Laniger
1137 2345 1181 2388 in
1203 2346 1339 2388 medio
1358 2346 1528 2388 sortitus

113 2423 246 2466 sidera
278 2422 477 2466 mundo.’'
542 2423 670 2480 Signa
703 2427 793 2465 tum
825 2424 1042 2480 praecipue
1066 2429 1292 2467 cernuntur
1313 2440 1405 2467 cum
1428 2425 1528 2468 luna

113 2501 234 2558 plena
276 2505 336 2543 est
367 2501 410 2543 in
442 2501 576 2544 medio
609 2506 819 2544 menstruo
853 2517 926 2544 suo
960 2503 1080 2554 orbe,
1121 2504 1317 2558 quoniam
1349 2505 1527 2546 minores

113 2579 278 2632 stellae,
303 2595 410 2636 quae
431 2581 565 2623 visum
587 2580 783 2634 turbant,
807 2586 899 2624 tum
922 2597 1007 2625 non
1030 2588 1229 2640 apparent
1241 2601 1251 2634 3
1279 2583 1340 2626 Cf.
1360 2583 1525 2640 Sappho

114 2657 279 2712 (Poetae
311 2658 450 2715 Lyriei
484 2659 547 2701 ed.
582 2658 733 2715 Bergk.
774 2659 818 2711 ³,
860 2676 952 2717 pag.
989 2662 1118 2716 880):

361 2742 570 2799 ’'Aauqaeg
604 2746 682 2798 μὲν
717 2745 826 2800 ἀμφὶ
861 2745 1000 2789 κὰλαν
1036 2744 1251 2789 ‹sd-&wau

361 2826 429 2877 ἂψ
463 2824 778 2879 ἄποκρύπτοισι
812 2829 1002 2879 φάεννον
1038 2822 1174 2879 εἶδος,

361 2902 529 2948 &mora
561 2901 856 2956 πλήθοισα
887 2903 1074 2959 μάλιστα
1107 2903 1250 2961 λάμπῃ

394 2987 477 3033 γᾶν
517 3016 523 3023 .
