1910 3250
732 301 1014 342 „57-

132 425 304 466 Ovidius
335 425 616 466 Germanicus:
645 427 830 467 Solen-sis
856 426 928 464 ille
957 425 1129 475 quidem,
1157 423 1272 462 cuius
1299 423 1474 462 lectione
1502 423 1612 474 apud

128 493 338 534 Romanos
372 496 474 535 nihil
510 497 634 535 fuisse
670 497 831 535 videtur
857 491 1175 544 frequentiusffl),
1210 492 1351 530 miram
1378 491 1612 530 caelestium

127 564 274 603 virium
308 565 496 604 notitiam
523 566 676 604 habens
707 577 946 615 quamquam
973 564 1024 603 ad
1054 563 1225 601 salutem
1253 562 1485 600 mortalium
1513 561 1612 610 quid

128 632 262 672 sidera
289 634 473 673 valerent
499 635 579 673 iam
606 634 858 673 intellexisse
887 632 1093 684 putandus
1113 644 1195 670 non
1217 630 1329 674 estu)
1347 633 1482 669 tamen
1501 641 1611 668 more

126 700 448 751 Epicuraeorum
475 707 626 742 terram
652 715 676 741 a
704 703 815 741 caelo
844 702 1020 753 pendere
1050 712 1254 750 nunquam
1282 699 1460 749 negavit,
1489 702 1611 748 atque

128 781 246 820 quam
273 771 500 811 fabularum
529 773 688 823 copiam
715 772 785 810 ille
815 771 1059 810 carminibus
1089 769 1172 808 suis
1201 768 1419 818 adspersit,
1449 780 1496 807 ea
1522 767 1611 806 Ma-

125 839 249 878 nilius
284 842 396 880 velut
422 842 456 892 1,
492 844 579 890 323,
614 843 703 890 325,
728 843 823 891 5336,
859 853 908 879 ne
944 841 1032 891 ipse
1068 839 1228 889 quidem
1257 837 1469 877 abstinuit.
1527 836 1608 885 Qui

127 907 162 946 si
198 908 242 947 in
268 908 444 950 Aratum
479 912 723 960 iuvenesque
752 912 837 949 eius
867 910 1074 950 studiosos
1101 909 1227 947 verba
1257 907 1373 957 quasi
1401 907 1611 945 fastidium

125 976 326 1028 spirantia
353 979 570 1030 coniceret,
604 980 722 1018 simul
752 992 792 1018 se
821 980 954 1029 ipsum
980 981 1200 1027 accusaret,
1231 976 1339 1025 quod
1368 976 1497 1014 facere
1526 988 1609 1014 non

124 1049 276 1098 potest.
317 1047 463 1098 Itaque
492 1062 581 1088 cum
608 1049 660 1087 ad
689 1048 954 1099 explicandos
975 1059 1113 1086 versus
1133 1047 1190 1095 ΙΙ,
1218 1048 1280 1095 37,
1309 1047 1358 1085 38
1378 1046 1609 1084 arcessendi

91 1131 99 1142 ·
126 1114 209 1154 sint
242 1127 326 1154 non
355 1115 619 1156 Germanicus
653 1117 723 1155 sed
751 1117 782 1154 ii
809 1119 969 1166 poetae,
1005 1127 1176 1165 quorum
1204 1127 1330 1166 opera
1357 1114 1608 1164 astrologica

51 1195 54 1211 1
109 1195 252 1239 'usque
286 1185 337 1224 ad
366 1197 441 1224 nos
470 1199 551 1225 non
580 1198 812 1237 pervenere,
848 1187 898 1224 ab
926 1187 1003 1224 hac
1032 1197 1191 1235 quoque
1219 1187 1337 1235 parte
1365 1186 1523 1235 tempus
1552 1184 1607 1235 id,

125 1263 204 1302 quo
232 1253 430 1292 Manilius
465 1255 516 1293 ad
544 1255 684 1293 Musas
722 1267 762 1293 se
790 1255 979 1305 contulit,
1014 1255 1160 1293 crassis
1190 1254 1436 1292 occultatum
1465 1257 1505 1292 et
1532 1252 1607 1292 cir-

125 1321 346 1361 cumfusum
373 1325 552 1362 tenebris
582 1325 698 1363 iacet.
728 1346 775 1351 -—
804 1323 964 1362 Redeat
990 1323 1118 1373 igitur
1140 1322 1287 1371 oratio,
1318 1322 1423 1360 unde
1451 1343 1501 1350 --
1529 1322 1606 1361 heu

125 1391 205 1431 iam
230 1392 395 1442 longius
424 1416 471 1421 —
500 1393 678 1443 deflexit,
707 1394 915 1443 lucemque
942 1396 1058 1443 petat
1085 1392 1135 1430 ad
1156 1391 1440 1430 illustrandam
1459 1395 1606 1442 poetae

123 1459 250 1499 vitam
282 1461 334 1499 ab
370 1461 433 1512 iis,
469 1474 638 1512 quorum
674 1463 827 1513 scripta
853 1462 1156 1501 Astronomicis
1194 1461 1400 1499 simillima
1435 1461 1606 1511 speciem

124 1530 270 1568 aetatis
300 1530 543 1571 Tiberianae
578 1532 758 1582 apertius
793 1544 890 1582 prae
927 1544 968 1570 se
1005 1532 1152 1570 ferunt.
1209 1530 1438 1580 Supersunt
1473 1534 1607 1569 autem

124 1597 205 1636 duo
235 1602 404 1649 tantum,
434 1606 626 1650 quantum
653 1600 840 1650 equidem
867 1601 1000 1650 video,
1037 1599 1209 1638 Ovidius
1238 1602 1281 1639 et
1307 1599 1412 1638 idem
1442 1598 1605 1639 Germa-

124 1667 251 1718 nicus,
281 1680 396 1718 quem
424 1670 544 1710 modo
574 1683 623 1710 ex
652 1671 794 1720 iniquo
824 1670 917 1708 loco
946 1669 1145 1719 ablegavi.

653 1940 701 1986 C
718 1956 755 1985 a
769 1955 811 1997 p
828 1954 871 1982 u
885 1945 910 1983 t
954 1940 1072 1987 VI.

236 2045 312 2098 Do,
336 2044 630 2089 carminibus
659 2043 1032 2090 Astronomieon
1062 2044 1164 2089 fere
1194 2044 1488 2098 aequalibus.

229 2152 430 2202 Quoniam
448 2153 741 2193 Astronomiea
759 2154 924 2192 Manilii
950 2166 1026 2204 pro
1057 2159 1166 2193 certo
1196 2155 1326 2194 habeo
1353 2159 1394 2193 et
1413 2154 1603 2193 incohata

123 2224 221 2273 post
246 2225 415 2261 mortem
433 2221 615 2272 Augusti
645 2227 685 2262 et
711 2223 897 2262 confecta
924 2224 1183 2274 imperitante
1204 2224 1371 2263 Tiberio
1393 2236 1492 2274 esse,
1520 2236 1604 2263 car-

121 2291 241 2330 minis
275 2291 392 2329 libris
422 2303 536 2330 suum
563 2291 708 2342 cuique
736 2305 884 2331 annum
912 2286 1191 2343 adscripturus
1220 2293 1456 2331 auctoribus
1483 2293 1602 2331 huius

120 2361 180 2399 rei
209 2360 509 2411 circumspectis
538 2373 586 2399 ex
608 2361 772 2412 Ovidio,
803 2374 919 2411 quem
944 2363 1117 2412 primum
1136 2363 1234 2401 mihi
1254 2362 1467 2401 subvenire
1489 2361 1602 2412 iussi,

121 2440 203 2467 non
238 2433 428 2479 oportere
463 2431 644 2470 arbitror
670 2443 730 2469 me
760 2442 964 2480 quaerere,
999 2431 1160 2480 quando
1189 2431 1365 2470 Manilio
1395 2431 1532 2469 iuveni
1561 2434 1602 2469 et

121 2497 472 2549 Metamorphoses
509 2503 550 2539 et
576 2499 726 2538 Fastos
759 2500 918 2550 priores
947 2499 1113 2539 miserit.
1168 2501 1218 2539 Id
1246 2500 1352 2539 enim
1380 2499 1494 2538 illum
1523 2500 1602 2539 iam

122 2565 264 2606 fecisse
292 2571 400 2618 ante,
429 2580 547 2618 quam
574 2572 741 2620 accepta
769 2569 882 2608 clade
901 2569 1086 2609 Variana
1114 2570 1279 2609 ineunte
1300 2570 1397 2608 anni
1417 2571 1490 2609 762
1510 2581 1601 2608 auc-

120 2635 260 2675 tumno
290 2637 572 2688 expelleretur,
604 2638 691 2677 veri
719 2642 782 2677 est
810 2637 1067 2678 simillimum.
1123 2639 1217 2679 Hoc
1244 2642 1378 2678 autem
1405 2639 1600 2689 temporis

214 2791 257 2834 ¹⁰)
286 2791 404 2828 Merk.
431 2791 496 2829 Ov.
520 2792 623 2829 Fast.
655 2805 692 2840 p.
715 2795 772 2832 87.
845 2796 888 2841 ¹¹)
921 2794 993 2832 Cfr.
1020 2795 1296 2835 Schaubachius
1327 2795 1363 2831 in
1388 2794 1530 2835 Erschii
1563 2796 1602 2834 et

123 2846 281 2886 Gruberi
304 2849 455 2896 Encycl.
478 2850 528 2894 V,
551 2861 588 2896 p.
613 2851 688 2887 103.
