1936 3392
56 459 248 568 4444

340 441 360 489 s

331 494 343 567 ΙΙΙ

1066 302 1119 345 16

447 443 596 501 „Luna
627 444 749 491 decus
781 447 947 500 mundi,
982 447 1119 502 magni
1150 462 1241 502 pars
1274 447 1449 488 maxima
1481 440 1625 489 caeli.’'

448 527 646 569 Manilius
694 530 829 569 autem
861 525 922 576 V,
961 527 1014 565 12
1051 525 1126 566 hoc
1157 524 1289 575 idem,
1324 527 1365 565 et
1396 524 1531 581 aptius
1563 525 1704 575 etiam,
1741 519 1790 566 de

322 590 332 637 s
385 605 538 647 Orione
569 604 817 661 praedicavit
831 621 840 645 ε

445 679 584 732 „Hinc
614 683 731 721 vocat
763 678 891 720 Orion
923 678 1060 732 magni
1093 691 1185 731 pars
1218 676 1393 718 maxima
1420 675 1566 718 caeli.”
1593 675 1620 733 ²)

443 757 671 799 Martianus
705 755 871 812 Capella
903 755 1001 796 haec
1034 754 1154 795 verba
1187 768 1280 795 cum
1315 754 1498 809 scripsit:

447 834 572 889 Hhaec
600 835 707 876 enim
730 832 978 875 verecundae
1000 831 1172 874 arbitror
1188 831 1401 886 probitatis
1417 836 1553 874 motus
1570 815 1791 887 cursusque

381 913 564 968 proprios
595 912 693 967 ipsis
726 911 941 952 edisserere
975 909 1046 963 qui
1078 913 1292 949 moventur
1324 908 1548 963 docereque
1570 908 1666 951 deos
1688 908 1790 962 velle

382 990 493 1044 quod
524 988 706 1031 faciunt”
744 988 776 1044 2)

434 1059 494 1108 ‘ad
525 1065 660 1108 locum
691 1065 856 1107 Manilii
886 1064 1048 1106 videtur
1079 1063 1180 1104 mihi
1212 1063 1431 1118 respexisse
1463 1063 1601 1104 hunc:

1741 1051 1743 1054 ,
1764 1033 1770 1049 2

445 1149 597 1198 „atque
644 1144 735 1185 ideo
782 1143 927 1184 faciem
976 1141 1077 1182 caeli
1125 1155 1206 1182 non
1238 1139 1395 1182 invidet
1427 1139 1514 1182 orbi
1545 1142 1632 1196 ipse
1665 1141 1787 1191 deus,

380 1221 601 1276 vultusque
632 1236 724 1262 suos
757 1235 982 1275 corpusque
1015 1218 1191 1260 recludit
1224 1223 1380 1274 semper
1410 1218 1632 1270 volvendo,
1666 1232 1788 1273 seque

379 1299 514 1355 ipsum
545 1299 723 1340 inculcat
754 1302 794 1339 et
817 1298 954 1348 offert,
983 1302 1030 1338 ut
1052 1296 1154 1338 bene
1178 1296 1365 1351 cognosci
1388 1297 1517 1352 possit
1529 1329 1541 1348 ‚
1565 1296 1788 1361 doceatque

380 1376 590 1428 videndis,
639 1376 771 1431 qualis
820 1380 908 1427 eat,
959 1378 1159 1430 cogatque
1192 1389 1285 1416 suas
1317 1372 1527 1416 attendere
1564 1359 1718 1430 leges.⁵’
1758 1373 1788 1434 ³)

441 1453 618 1495 Firmico
632 1453 820 1495 Materno
838 1452 1059 1494 Manilium
1078 1467 1159 1493 non
1176 1452 1364 1507 ignotum
1386 1451 1509 1494 fuisse
1525 1449 1605 1493 loci
1622 1432 1787 1505 quidaiii

380 1531 547 1588 probare
579 1531 783 1573 videntur.
849 1530 1017 1586 Scripsit
1049 1530 1156 1571 enim
1189 1529 1258 1571 ille
1290 1530 1336 1571 in
1366 1528 1471 1571 libro
1504 1532 1670 1584 quarto:
1694 1524 1746 1584 ⁴)'
1769 1511 1786 1526 Ἴ

445 1609 538 1662 „his
569 1609 871 1665 perscripsimus
914 1607 1028 1650 libris
1076 1608 1254 1649 divinam
1295 1607 1399 1648 hanc
1431 1606 1664 1657 scientiam,
1715 1588 1790 1646 Ro:
1847 1656 1850 1659 ἢ

382 1688 511 1729 manis
557 1685 744 1728 omnibus
790 1686 1049 1737 intimantes,
1086 1690 1133 1726 ut
1164 1685 1240 1726 hoc
1272 1683 1382 1739 quod
1414 1675 1655 1739 quibusdam
1687 1682 1789 1724 diffl-

381 1765 581 1808 cillimum
632 1764 846 1806 videbatur
899 1767 1066 1820 propter
1116 1762 1257 1804 Latini
1308 1762 1503 1804 sermonis
1548 1754 1787 1824 angustiass'

382 1846 542 1885 ostensa
571 1842 745 1884 Romani
775 1842 969 1884 sermonis
999 1841 1167 1883 licentia
1178 1873 1190 1892 ‚
1223 1841 1327 1882 veris
1359 1855 1404 1881 ac
1425 1835 1648 1881 manifestis
1667 1827 1789 1880 inter—

380 1920 676 1978 pretationibus
709 1919 992 1976 explicarem.”
1489 1976 1491 1978 -
1631 1974 1633 1977 .
1783 1911 1785 1914 ¹

441 1998 576 2041 Possit
623 1998 770 2052 aliquis
818 1997 1014 2053 suspicari
1061 1996 1161 2038 haec
1209 1994 1332 2038 verba
1380 1980 1584 2036 referenda
1621 2009 1704 2053 esse
1736 1967 1787 2054 ad

380 2075 561 2119 Lucretii
607 2075 701 2117 illa:
757 2074 875 2127 „Nec
922 2063 1000 2116 mev
1033 2075 1158 2116 animi
1205 2073 1311 2115 fallit
1359 2063 1573 2118 Graiorum
1619 2056 1788 2130 obscura.

379 2159 539 2211 reperta
588 2152 748 2195 difficile
795 2152 1012 2194 inlustrare
1060 2149 1220 2194 Latinis
1269 2150 1449 2211 versibus
1496 2140 1580 2192 esse
1592 2182 1604 2202 ,
1657 2139 1788 2191 multa

379 2233 494 2275 novis
526 2230 657 2274 verbis
688 2230 923 2287 praesertim
955 2245 1047 2271 cum
1080 2230 1134 2272 sit
1157 2229 1358 2285 agendum
1380 2230 1545 2285 propter
1565 2230 1785 2282 egestatem

379 2311 545 2366 linguae
577 2312 619 2350 et
649 2322 781 2350 rerum
813 2307 1060 2349 novitatem”
1083 2308 1138 2362 ³);
1174 2322 1276 2359 „nec
1309 2311 1445 2348 nostra
1477 2305 1608 2350 dicere
1641 2291 1786 2358 lingua

427 2507 451 2547 ¹)
498 2509 608 2539 Jacob.
630 2514 787 2546 program.
810 2507 887 2537 Lub.
914 2506 1006 2537 1832.
1030 2516 1103 2545 pag.
1126 2507 1146 2537 5
1170 2506 1204 2538 in
1228 2507 1295 2537 not.

422 2567 448 2607 2)
493 2569 551 2599 lib.
574 2568 665 2604 VIII,
690 2567 751 2597 812
777 2567 857 2597 edit.
880 2567 1032 2605 Eyssenh.

421 2627 448 2667 ³)
494 2629 551 2665 IV,
575 2628 639 2658 915
663 2636 751 2665 seqq.

422 2686 450 2727 4)
496 2689 571 2725 Pag.
610 2688 651 2718 84
685 2687 720 2717 in
754 2685 834 2717 edit.
868 2686 966 2717 Basil.
1002 2696 1074 2717 ann.
1110 2680 1324 2717 MDXXXIII:
1372 2684 1470 2723 „Julii
1494 2682 1620 2715 Firmici
1645 2682 1782 2714 Materni

379 2749 514 2779 iunioris
549 2747 648 2778 Siculi
683 2756 712 2777 v.
738 2758 763 2776 e.
798 2748 838 2776 ad
865 2747 1055 2777 Mavortiuxn
1080 2747 1255 2777 Lollianum
1279 2746 1525 2776 Astronenlieon
1546 2745 1604 2775 lib.
1628 2744 1703 2774 ‘vlu
1724 2753 1783 2792 per

378 2806 541 2840 Nicolaum
576 2807 787 2837 Prucknerum
822 2806 1023 2843 Astrologunr
1058 2816 1158 2845 nuper
1185 2808 1223 2838 ab
1249 2807 1422 2837 Innumeris
1444 2805 1568 2836 mendis
1590 2804 1780 2843 vindicati-’⁹

378 2868 588 2899 Aecesserunt
610 2867 671 2896 XII
697 2867 759 2896 alia
784 2867 906 2904 seripna
931 2867 1156 2896 astronomica.
1727 2849 1751 2859 γ’
1771 2848 1774 2852 ¹

421 2926 445 2966 ⁵)
495 2929 524 2963 1,
554 2928 622 2956 130.
